2495 3675
526 188 1157 247 TRISTIUM
1231 191 1425 249 LIB.
1498 195 1534 249 Ι.

1611 195 1818 254 ELEG.
1860 202 1932 258 X.
2159 225 2262 276 495

384 293 623 367 Quaque
650 307 836 348 tenent
860 293 1021 347 Ponti
1050 292 1304 365 Byzantia
1332 294 1487 350 litora
1511 293 1711 353 fauces,

456 366 592 435 (Hic
619 368 766 420 locus
794 364 869 419 est
893 367 1089 436 gemini
1107 366 1261 437 janua
1286 366 1423 423 vasta
1454 369 1650 438 maris.)

380 436 542 495 Haec
570 457 762 511 precor
791 440 1032 500 evincat,
1068 440 1417 513 propulsaque
1444 441 1670 497 fortibus
1696 441 1898 498 Austris

451 512 723 568 Transeat
748 509 1005 564 instabiles
1032 510 1239 566 strenua
1263 513 1530 586 Cyaneas:

235 607 300 659 35
375 585 834 660 Thynniacosque
862 581 1034 663 sinus,
1077 587 1130 637 &
1157 585 1220 638 ab
1249 585 1329 640 his
1354 604 1448 658 per
1481 588 1742 660 Apollinis
1781 588 1969 644 urbem

449 658 617 723 Aeta,
653 656 746 712 sub
772 654 1021 710 Anchiali
1051 658 1260 712 moenia
1285 662 1468 715 tendat
1486 662 1601 716 iter.

87 873 251 924 devergit.
268 873 355 912 hinc
368 868 528 919 devergia
544 880 720 919 aquarum
737 894 747 912 ‚
773 866 812 904 &
824 866 1040 916 aquivergia.
1069 868 1133 906 Li-

88 931 171 969 vius
186 925 245 964 lib.
266 935 406 962 xxviii.
423 932 500 969 cap.
522 932 606 958 xxv.
622 925 743 957 Naves
759 917 888 954 accitae
899 928 1002 954 erant
1017 946 1026 961 ‚
1048 932 1136 970 quae

89 986 285 1027 vergentem
303 975 352 1011 ad
369 986 466 1011 mare
478 969 571 1007 urbis
589 979 726 1020 partem
739 970 1137 1019 oppugnarent.H1-:ins.

88 1031 172 1079 Ego
204 1026 292 1066 nihil
322 1034 441 1063 muto.
486 1033 572 1059 nain
600 1023 637 1058 in
662 1020 751 1058 loco
780 1019 890 1067 plano
921 1020 959 1057 ὃ(
1003 1019 1135 1058 humili

90 1078 193 1122 fuisse
213 1078 324 1115 docet
355 1074 482 1118 Mela,
510 1073 575 1122 qui
605 1072 693 1109 dicit
722 1071 781 1107 lib.
804 1082 831 1107 1.
856 1082 911 1117 19.
937 1071 975 1107 in
1009 1071 1137 1109 cervice

84 1128 284 1184 peninsulae
304 1127 430 1175 sedere.
466 1124 570 1173 quod
597 1122 762 1160 vindicat
789 1120 894 1159 simul
922 1121 965 1157 τὶ
993 1121 1136 1159 haeren-

90 1179 329 1222 temznamin
344 1178 482 1215 Isthmo
501 1175 565 1213 illo
576 1173 692 1222 posita
704 1173 861 1221 Cyzicus
874 1171 1039 1210 adhaeret
1060 1174 1140 1210 oris.

91 1237 212 1275 immo
232 1229 358 1268 Strabo
377 1228 439 1266 lib.
462 1238 530 1264 xit.
551 1238 631 1274 pag.
653 1235 737 1272 575.
761 1222 912 1260 insulam
932 1223 1019 1260 facit
1044 1225 1140 1261 duo·

90 1287 144 1326 bis
163 1281 335 1333 pontibus
357 1277 562 1317 continenti
583 1273 852 1317 συνκπτομένηυ
875 1273 978 1323 quod
997 1274 1140 1311 haeren-

91 1347 163 1376 tem
183 1340 325 1371 vertere
343 1331 443 1368 licet.
460 1328 521 1365 ubi
537 1327 609 1364 vid.
622 1323 893 1362 Casaubonum.
920 1324 995 1362 vid.
1008 1324 1052 1362 ad
1065 1325 1142 1362 Va-

88 1388 153 1428 ler.
165 1381 413 1430 Flac.11.636.
440 1378 545 1416 Idem
561 1377 688 1415 Strabo
706 1375 765 1413 lib.
785 1388 864 1432 xiv.
877 1387 958 1425 pag.
970 1376 1143 1431 635.<7y-

89 1440 212 1479 zicum
227 1432 457 1472 Milesiorum
472 1429 658 1466 coloniam
672 1427 770 1464 facit.
796 1439 901 1475 mque
925 1433 1142 1474 Propontica-

91 1491 139 1528 cis
158 1489 264 1536 prim.
284 1481 528 1521 Polit.Vatic.
549 1479 585 1516 &
610 1478 685 1515 duo
698 1477 769 1514 alii.
797 1476 878 1512 inde
890 1475 965 1515 duo
985 1478 1023 1514 ὃ(
1046 1477 1143 1515 Edit.

88 1538 225 1580 Bersin.
247 1535 367 1584 hicque
388 1538 484 1580 Prop.
496 1530 585 1567 alius
600 1527 755 1566 Heinsii.
784 1527 916 1565 BURM.

145 1602 206 1640 30.
234 1582 420 1634 Cyzicon]
468 1581 677 1629 Cyzicum,
703 1578 890 1615 AEmoniae
904 1577 1038 1626 gentis,
1067 1579 1141 1618 hoc

92 1642 169 1686 est,
198 1634 458 1676 Thessalorum
478 1640 556 1681 opus
577 1658 587 1674 ,
627 1638 737 1667 vocat
764 1657 775 1673 ,
802 1641 878 1666 non
905 1629 1008 1678 quod
1029 1630 1142 1679 Cyzi-

92 1704 157 1731 cus
179 1689 252 1738 ipse
273 1699 318 1725 ex
344 1684 483 1732 Minyis
502 1680 577 1719 five
607 1678 786 1718 Thessalis
818 1692 911 1717 unus
941 1681 1072 1723 fuerit,
1100 1690 1141 1718 ut

89 1741 262 1783 Merulae
288 1736 461 1775 videtur:
497 1731 557 1770 sed
583 1731 686 1781 quod
718 1741 819 1779 pater
849 1731 979 1779 Cyzici
997 1730 1140 1769 AEneus

86 1790 283 1833 Thessalus
304 1787 454 1826 natione
474 1783 565 1828 fuit,
591 1783 655 1831 qui
679 1783 715 1819 in
736 1783 898 1819 Pontum
920 1793 964 1819 ex
985 1780 1142 1820 Thessa·

89 1846 139 1886 lia
159 1839 366 1892 profectus,
393 1845 548 1874 uxorem
574 1833 622 1871 ibi
651 1832 815 1870 AEneten
834 1831 986 1875 Eusori,
1015 1832 1089 1870 five
1102 1841 1143 1871 ut

94 1896 290 1944 Orpheus,
320 1888 505 1935 AEnippen
521 1884 678 1927 Eudori,
710 1884 802 1932 regis
823 1884 1014 1921 Thracum
1029 1882 1140 1922 filiam

92 1946 221 1987 duxit:
250 1941 349 1979 unde
367 1938 522 1987 Cyzicus
542 1936 604 1974 hic
621 1945 746 1978 natus;
777 1933 797 1972 a
821 1947 898 1983 quo
920 1934 998 1972 urbi
1018 1934 1141 1983 postea

91 1991 395 2039 uomens-aistum
423 2002 431 2025 ι
468 1999 552 2025 cum
585 1995 715 2031 antea,
750 1994 789 2023 ut
815 1986 952 2023 Plinius
971 1986 1040 2029 ait,
1071 1986 1142 2022 Ar-

93 2046 266 2088 «nonestis
286 2071 295 2087 ,
336 2044 373 2079 &
400 2039 574 2077 Dolionis
597 2063 609 2081 ,
648 2037 685 2074 δὲ
711 2036 908 2085 Dyndirnis
936 2045 1142 2074 vocaretur.

92 2099 195 2138 Vide
216 2096 437 2133 Comment.
459 2087 651 2138 Apollonii
668 2087 728 2125 lib.
749 2100 774 2124 i.
802 2087 981 2124 Micnt.
1009 2086 1051 2123 ln
1073 2086 1142 2124 hac

93 2151 183 2190 ‘urbe
201 2148 270 2185 fuit
298 2140 507 2190 religiosum
530 2149 685 2188 magnae
709 2138 832 2175 matris
850 2137 1055 2175 delubrum.
1111 2137 1142 2174 1-

96 2201 182 2242 dem
203 2194 439 2235 Marcellinus
458 2190 619 2229 ibidem:
649 2189 837 2228 colebatur
857 2187 1089 2236 Proserpina:

149 2271 300 2311 Raptam
324 2256 470 2304 Cyzicos
492 2254 629 2302 ostreosa
653 2253 802 2290 Divam.

97 2327 228 2367 Hodie
249 2325 459 2363 Turcaruin
481 2319 609 2367 vulgus
625 2316 809 2353 Mirabilia
828 2323 964 2360 vocat,
993 2314 1014 2353 ὲ
1028 2315 1146 2353 maxi·

98 2380 167 2418 mis
189 2375 443 2416 aedificiorum
466 2371 588 2408 ruinis.
617 2369 785 2405 CIOFAN.

149 2454 209 2494 31,
237 2444 386 2490 Quaque
403 2434 549 2482 tenent.]
580 2435 724 2471 Omnes
745 2434 821 2471 fere
842 2433 1010 2476 codices,
1039 2445 1142 2482 quae-

99 2507 175 2544 que.
195 2495 233 2531 &
261 2494 310 2529 ita
339 2488 452 2526 edidit
476 2485 728 2523 Bersmannus.
749 2492 788 2521 ut
817 2484 913 2522 forte
940 2484 1140 2532 legendum

130 2554 142 2582 t
994 2572 1005 2580 a

101 2548 127 2583 h
151 2572 319 2644 {Deaeque
336 2596 499 2639 premunt
518 2585 620 2622 Ponti
639 2583 816 2632 Byzantia
839 2583 942 2621 litora
954 2585 1075 2631 fauces

203 2644 293 2692 (Hic
318 2642 405 2677 locus
428 2637 470 2684 est
487 2636 613 2685 gemini
626 2637 740 2685 janua
760 2634 859 2680 vasta
882 2635 1029 2684 maris.)

156 2704 245 2736 Haec
261 2705 373 2743 precor·
394 2690 547 2726 evincat.
1108 2737 1115 2744 .

103 2748 266 2787 &litora
298 2742 472 2792 Byzantia
497 2767 507 2784 ,
543 2749 638 2787 quae
665 2744 834 2784 premunt
862 2737 983 2775 fauces
1007 2737 1140 2782 Ponti,

99 2800 192 2838 haec
217 2797 375 2834 evincat.
410 2802 487 2828 non
511 2801 608 2826 eniin
632 2788 786 2825 insolens
810 2787 882 2831 est,
917 2789 1142 2836 pronomina

103 2849 157 2887 hic
180 2877 191 2892 ,
225 2849 276 2890 is,
301 2844 359 2882 ille
377 2846 447 2879 &e
488 2852 640 2877 iniiiiine
655 2867 664 2882 ‚
686 2847 724 2875 ut
746 2836 1118 2880 videtur‚neceffaria
1133 2865 1144 2882 ,

102 2910 266 2949 ponere,
294 2907 379 2934 curn
403 2894 479 2942 jam
501 2890 746 2940 praecellerit,
775 2901 870 2939 quae.
900 2890 949 2926 ita
972 2889 1146 2927 iii.Met.

129 2962 153 2988 0
183 2977 191 2987 .

104 2961 125 3000 3
154 2962 226 3038 {vec
247 3012 310 3049 quo
330 2994 567 3033 centimanum
592 2992 755 3041 dejecerat
774 2990 847 3039 igne
869 2989 1043 3039 Typhoea,
1079 3023 1082 3027 ,

158 3057 260 3088 Nunc
279 3057 442 3084 armatur
466 3058 512 3081 eo,

149 3121 261 3149 erent.
282 3123 308 3147 1.
324 3109 420 3147 282.
448 3112 607 3144 Gnatum
629 3105 770 3141 unicum
785 3132 793 3148 ,
822 3117 922 3153 quem
940 3102 1070 3153 pariter
1092 3101 1146 3139 uti

107 3111 160 3200 {is
178 3162 311 3204 decuit,
341 3172 411 3199 (γε.
433 3172 509 3195 eum
538 3171 590 3205 ego
611 3157 699 3203 ejeci.
731 3156 813 3191 Liv.
838 3168 864 3190 i.
887 3167 939 3202 ¹9·
963 3154 1144 3196 Caluum,

106 3226 204 3264 quem
225 3212 286 3259 [zib
304 3212 388 3255 veste
409 3208 554 3244 habebat
569 3236 578 3251 ,
617 3220 692 3242 curn
714 3220 750 3241 in
772 3205 863 3241 carde
880 3205 1005 3252 defigit.
1035 3209 1070 3242 ὅ(
1099 3206 1145 3240 ita

107 3262 230 3309 paffim
266 3270 415 3298 veteres.
442 3270 588 3307 premere
622 3268 708 3293 vero
738 3269 780 3295 ey
808 3268 919 3292 tenere
946 3265 1080 3292 centies
1110 3256 1146 3291 iii

107 3312 162 3349 his
182 3312 273 3349 libris
295 3310 440 3347 contusa
467 3339 475 3353 ‚
515 3311 548 3345 ἐκ·
572 3318 718 3356 primm-e
739 3309 859 3354 *filices
886 3307 1025 3355 propria
1046 3308 1149 3341 locu-

108 3363 184 3406 tio;
214 3362 262 3400 ita
281 3369 405 3400 autem
426 3359 532 3398 litora
554 3359 730 3407 Byzantia
753 3358 989 3407 prominent,
1019 3364 1056 3395 ut
1087 3367 1148 3393 an-

2107 737 2237 794 Inde

1187 869 1401 919 gustiffimus
1431 871 1473 909 fit
1500 872 1701 921 Bosporus,
1727 872 1763 909 ὅ(
1792 872 1904 921 longe
1930 871 2137 911 videntibus
2156 885 2235 913 non

1189 922 1355 960 videatur
1374 923 1538 961 transitus
1560 925 1596 961 in
1621 924 1806 961 Euxinum
1832 924 1913 961 effe.
1952 924 2081 962 Euam.

1243 983 1302 1020 3¹-
1332 974 1549 1023 Byzantia]
1582 979 1610 1011 Α
1638 975 1839 1022 Byzantio,
1868 975 1955 1012 urbe
1976 974 2170 1012 Thraciae,
2191 975 2239 1013 de

1191 1034 1263 1070 qua
1284 1023 1331 1061 fic
1351 1024 1449 1061 idem
1471 1025 1635 1063 Marcell.
1662 1024 1795 1061 eodem
1818 1026 1924 1062 loco:
1957 1025 2242 1074 Constantinopo-

1191 1073 1234 1110 lis
1257 1085 1357 1111 vetus
1381 1076 1596 1122 Byzantium
1625 1077 1825 1113 Atticorum
1849 1075 1988 1111 colonia.
2015 1076 2186 1113 Croni«.

1248 1135 1306 1174 33.
1337 1132 1446 1167 Haec,
1470 1135 1581 1174 precor
1605 1154 1615 1170 ‚
1652 1127 1790 1162 evincat
1811 1154 1821 1169 ,
1845 1126 2069 1175 propulsaque
2088 1125 2241 1172 fortibus

1194 1175 1376 1224 Austris.]
1413 1176 1454 1213 In
1476 1189 1551 1214 uno
1572 1177 1692 1214 Vatic.
1713 1176 1920 1227 pulsataque
1939 1175 2080 1223 flatibus
2102 1177 2240 1222 Austri.

1196 1225 1366 1264 Cxofnn.
1419 1227 1576 1264 Flatibus
1598 1227 1718 1274 Austri
1749 1236 1889 1265 veteres
1912 1238 2043 1274 magna
2064 1239 2108 1263 cx
2128 1236 2240 1275 parte„

1196 1276 1447 1315 Medonianus
1467 1306 1476 1322 ‚
1508 1277 1650 1327 flatibus
1680 1277 1828 1324 Austris.
1886 1278 2006 1315 Scribe
2027 1304 2037 1321 ,
2073 1275 2241 1326 flantibus

1198 1328 1351 1376 Austris.
1379 1337 1418 1366 ut
1440 1329 1535 1377 apud
1558 1328 1712 1366 Statium
1732 1328 1854 1365 Theb.
1878 1340 1933 1366 x1.

1558 1392 1614 1415 ceu
1636 1377 1932 1428 circumflantibus
1952 1376 2093 1425 Austrii·

1250 1428 1422 1466 Alternus
1438 1429 1629 1478 procumbit
1648 1443 1737 1477 ager.

1200 1479 1370 1519 Sidonius
1392 1482 1568 1530 Panegyr.
1588 1480 1724 1528 Major.

1301 1537 1526 1581 Campanam
1546 1530 1716 1577 flantibus
1738 1529 1876 1578 Austris

1251 1582 1448 1630 Ingrediens
1467 1592 1612 1619 terram.

1199 1631 1395 1671 Claudiv.
1423 1633 1533 1671 Coris.
1555 1635 1658 1670 l-lon.

1377 1697 1435 1720 nec
1455 1682 1628 1733 flantibus
1648 1681 1800 1731 Austris.

1250 1740 1328 1770 Neu
1343 1734 1475 1782 pluviis
1493 1734 1603 1771 cedas.

1197 1783 1224 1822 fi
1245 1785 1324 1832 quis
1339 1784 1488 1834 flatibus
1509 1784 1632 1832 Austri
1650 1783 1778 1828 malit,
1805 1793 1891 1821 ecce
1915 1784 2012 1832 paria
2032 1784 2229 1825 Met-virs

1249 1834 1434 1884 Lethiferis
1453 1835 1754 1884 calidispt’rarunt
1775 1833 1919 1884 flatebus
1941 1834 2077 1881 Austri.

1198 1885 1252 1924 Ita
1279 1887 1378 1924 enim
1397 1888 1544 1925 codices
1566 1885 1737 1924 nonnulli
1756 1886 1909 1935 antiqui.
1926 1886 1986 1923 lib.
2003 1898 2058 1923 xi.

1250 1937 1376 1983 Auster
1397 1948 1441 1978 (φ
1458 1938 1590 1986 ingenti
1600 1940 1777 1986 jactatam
1793 1936 1938 1987 flamine
1949 1935 2074 1984 fhlvit.

1199 1987 1335 2025 Cicero
1364 1988 1570 2027 Cornificio
1599 1990 1660 2026 lib.
1685 1999 1757 2025 xii.
1785 1987 1895 2036 Epist.
1924 1988 2051 2033 Auster
2079 1989 2245 2040 adversm

1197 2039 1354 2075 mdximo
1377 2038 1473 2088 flatu
1492 2053 1547 2077 me
1574 2038 1623 2076 ad
1652 2037 1792 2076 tribules
1820 2049 1894 2075 tuos
1918 2037 2085 2085 Rhegium
2113 2041 2246 2080 retulit.

1199 2090 1344 2126 Hiems.
1398 2089 1432 2127 Si
1453 2090 1622 2127 Medonii
1651 2088 1770 2126 codex
1791 2088 1994 2137 sequendus
2014 2117 2024 2132 ‚
2052 2091 2114 2139 qui
2136 2092 2245 2129 habet

1199 2138 1357 2176 Flatibus
1375 2139 1498 2187 austris
1520 2168 1530 2184 ,
1559 2139 1686 2185 Auster
1709 2139 1894 2187 adjeftive
1920 2139 2116 2178 sumendus
2134 2140 2244 2187 esset,

1198 2189 1257 2227 sed
1282 2191 1372 2228 mihi
1388 2191 1555 2239 vulgata,
1575 2189 1728 2237 fortibus
1740 2190 1816 2228 satis
1836 2189 1966 2238 placet.
2002 2191 2131 2229 Vento
2145 2194 2243 2230 enim

1203 2241 1475 2279 vehementiori
1499 2253 1590 2289 opus
1611 2248 1684 2278 erat
1708 2251 1746 2278 ut
1766 2243 1842 2278 cito
1870 2240 2038 2288 Cyaneas
2060 2242 2246 2286 transiret,

1202 2299 1242 2329 ut
1261 2291 1361 2338 supra
1390 2301 1515 2330 contra
1547 2291 1616 2329 leni
1635 2301 1739 2328 vento
1767 2293 1875 2330 litora
1895 2291 2079 2330 Thraciae
2101 2293 2246 2339 contin·v

1200 2343 1262 2391 git.
1292 2342 1340 2380 ita
1362 2355 1407 2380 ii.
1428 2344 1560 2380 Amor.
1582 2354 1637 2380 xi.
1660 2342 1723 2390 38.

1254 2393 1397 2440 Impleat
1417 2393 1481 2430 illa
1501 2405 1575 2430 tuos
1585 2396 1712 2440 firrtt'or
1731 2406 1819 2429 aura
1832 2389 1942 2440 finus.

1199 2444 1237 2481 δέ
1257 2444 1330 2482 hoc
1348 2445 1550 2492 Epitheton
1567 2443 1708 2490 strenua
1725 2443 1850 2492 exigit.
1864 2441 2026 2479 alludens
2042 2442 2087 2480 :id
2107 2455 2242 2484 navem

1199 2496 1304 2544 Argo
1327 2523 1336 2540 ‚
1364 2506 1459 2544 quae
1482 2495 1530 2531 ita
1555 2495 1700 2531 strenuo
1731 2494 1767 2530 ὃ(
1800 2493 1919 2530 veloci
1951 2492 2053 2529 cursu
2082 2495 2242 2540 transiit;
2280 2524 2282 2526 ψ

1198 2554 1381 2593 praeterea
1395 2573 1404 2587 ‚
1435 2544 1516 2581 haec
1531 2554 1644 2593 precor
1664 2554 1702 2578 ut
1723 2543 1847 2579 vincat
1865 2542 1954 2578 οέὶο
1976 2542 2065 2580 libri.
2089 2544 2218 2583 Euam.

1254 2607 1312 2644 35.
1342 2595 1594 2644 Heniochosque
1607 2593 1745 2644 finum]
1783 2593 1972 2630 Heniochi
2000 2594 2101 2631 fuere
2119 2597 2155 2632 in
2179 2607 2245 2636 ora
2279 2613 2284 2624 ²

1199 2648 1306 2684 maris
1326 2647 1484 2691 Euxini,
1513 2648 1548 2683 in
1569 2645 1722 2683 Colchia
1752 2646 1901 2693 regione
1924 2644 2093 2681 montosa
2114 2647 2151 2683 ὅ(
2172 2647 2245 2685 iin-

1198 2698 1393 2746 portuosa:
1422 2708 1538 2746 quum
1570 2707 1700 2734 eorum
1731 2706 1794 2732 ora
1826 2693 1977 2731 Caucasi
2003 2706 2080 2743 pars
2101 2695 2163 2740 sit,
2192 2697 2246 2736 la·
2280 2715 2283 2717 ·

1196 2749 1360 2787 trociniis
1381 2748 1570 2786 maritimis
1588 2749 1723 2784 vixere.
1753 2744 1851 2783 Diffi
1873 2754 1996 2782 autem
2018 2745 2152 2784 suntab
2165 2748 2246 2787 He·

1198 2800 1362 2843 mochis,
1389 2799 1425 2836 id
1447 2799 1493 2835 est
1508 2826 1518 2843 ‚
1545 2798 1588 2834 ab
1611 2798 1752 2844 aurigis.
1799 2797 1895 2833 Nam
1924 2800 1992 2843 (ut
2011 2796 2128 2835 scribit
2150 2799 2246 2837 Stra-

1199 2850 1273 2897 bo)
1304 2851 1475 2887 Lacones
1497 2848 1748 2885 Heniochiam
1769 2856 1933 2885 tenuere.
1977 2847 2152 2895 Quorum
2176 2850 2245 2888 du·
2281 2866 2283 2869 ·

1202 2910 1260 2937 ces
1281 2901 1422 2937 Rhecas
1443 2902 1480 2936 ὃς
1502 2898 1766 2946 Amphiilratus
1789 2898 1912 2940 fuere,
1943 2897 2146 2937 Castoris&
2160 2900 2248 2938 Pol-

1201 2950 1291 2987 lucis
1311 2951 1467 2998 aurigae.
1511 2948 1622 2986 Unde
1645 2948 1837 2985 Heniochi
1864 2950 1919 2992 (ut
1951 2960 2012 2996 par
2033 2949 2097 2996 cst)
2125 2963 2169 2988 ex
2189 2952 2245 2989 his
2284 2969 2291 2972 ·

1202 3000 1282 3038 sunt
1302 3000 1496 3037 nominati.
1542 2999 1736 3036 Lucanus:
1766 3005 1825 3035 Me
1846 3008 1958 3034 marte
1968 3000 2094 3045 feraces
2117 3003 2243 3038 Henio-

1202 3049 1269 3087 chi.
1306 3049 1522 3088 Notandum
1553 3059 1674 3087 autem
1704 3049 1767 3087 hic
1788 3078 1798 3093 ‚
1836 3049 2017 3087 Ovidium
2042 3049 2061 3086 a
2097 3053 2248 3089 caeteris

1202 3099 1385 3138 diil‘entire
1409 3128 1419 3145 ,
1455 3103 1518 3149 qui
1537 3101 1655 3139 statim
1680 3100 1756 3149 post
1785 3101 1988 3137 Thracium
2011 3100 2244 3148 Bosphorum

1202 3153 1307 3199 ponit
1328 3151 1421 3188 sinus
1442 3153 1660 3190 Heniochos
1675 3179 1684 3194 ‚
1718 3163 1833 3201 quun]
1860 3152 2047 3188 l-leiiiochi
2070 3154 2201 3189 fuerint
2221 3151 2242 3188 ὲ

1202 3201 1325 3239 dextra
1349 3203 1481 3240 Euxini
1502 3205 1538 3240 in
1551 3203 1727 3240 Colchica
1745 3204 1895 3250 regione
1911 3230 1919 3244 ‚
1949 3202 2047 3250 quisi
2070 3205 2104 3238 in
2126 3213 2246 3238 extre-

1205 3264 1270 3289 mo
1290 3253 1394 3299 ipsius
1417 3254 1535 3291 Ponti.
1564 3252 1723 3291 Ovidius
1758 3265 1846 3289 vero
1879 3251 2050 3288 finisti-uin
2083 3253 2242 3288 tenuerit

1206 3304 1327 3340 Getici
1347 3304 1498 3347 littoris,
1526 3304 1585 3340 ubi
1616 3303 1695 3341 suiit
1724 3306 1886 3340 civit-ates
1920 3313 2049 3339 oinncs
2068 3313 2154 3348 quis
2175 3313 2245 3337 no-

1207 3354 1346 3401 minat,
1374 3362 1512 3403 praeter
1537 3355 1770 3394 Henioclios.
1823 3355 1949 3402 Quare
1980 3353 2093 3400 magis
2120 3352 2249 3440 leffen-

2185 3412 2247 3441 αα
2272 3423 2275 3426 .
2289 3421 2298 3430 .,
