2495 3675
722 123 1288 214 PsoV1D11

1349 138 1916 222 NAsonte

901 283 1463 395 ELEGIA
1560 321 1671 389 vi.

619 479 799 535 Oedus
827 477 1088 533 amicitiae
1112 493 1214 529 nec
1239 475 1344 536 vis,
1379 472 1641 528 carissime
1658 513 1673 536 ,
1696 472 1936 540 nostrae,

687 554 829 613 NeC,
869 551 905 603 si
932 550 1072 603 forte
1101 548 1256 610 velis,
1295 545 1619 600 dissimulare
1647 561 1816 618 potes,

509 630 703 682 Donec
731 625 875 677 enim
903 621 1051 676 licuit
1069 659 1084 684 ,
1125 638 1225 674 nec
1253 633 1306 673 te
1331 620 1457 673 mihi
1487 621 1659 674 carior
1685 620 1848 683 alter,

588 701 703 753 Nec
734 696 828 749 tibi
859 713 943 748 rne
971 696 1085 748 tota
1105 692 1337 765 junciior
1363 691 1512 746 Urbe
1541 691 1657 746 fuit.

365 790 395 839 ς
506 773 661 843 Isque
691 783 801 822 erat
827 780 995 840 usque
1021 766 1159 842 adeo
1189 765 1388 836 populo
1417 763 1665 829 testatus,
1703 779 1763 820 ut
1790 764 1920 819 effet

591 844 771 896 Poene
797 842 962 911 magis
989 858 1146 913 quam
1177 854 1262 902 tu,
1301 855 1569 909 quamque
1592 855 1728 908 egO,
1766 853 1926 893 notus
1953 854 2116 893 amor.

514 918 735 989 Quique
762 929 873 968 erat
898 916 952 968 in
977 914 1110 966 caris
1134 911 1295 966 animi
1321 910 1418 964 tibi
1443 911 1645 964 candor
1670 911 1880 973 amiciS,

587 988 854 1059 Cognitus
883 985 957 1040 est
983 986 1084 1048 illi,
1123 1001 1285 1056 quem
1316 983 1445 1036 colis
1473 984 1608 1052 ipse,
1647 986 1780 1039 viro,

515 1062 604 1117 Nil
633 1062 703 1114 ita
731 1059 965 1121 celabas,
1000 1071 1059 1112 ut
1084 1075 1192 1112 non
1219 1074 1322 1127 ego
1351 1056 1591 1109 conscius
1619 1056 1811 1120 essem;

375 1152 444 1188 10

596 1133 1015 1205 pedoribusque
1044 1130 1201 1185 dabas
1226 1130 1389 1182 multa
1419 1128 1649 1198 tegenda
1676 1130 1824 1183 meiS.

519 1208 734 1279 Cuique
761 1224 864 1278 ego
890 1204 1162 1259 narrabam
1188 1201 1376 1256 secreti
1406 1200 1672 1272 quidquid
1697 1200 1994 1268 habebam,

594 1281 844 1350 Excepto
870 1277 1016 1351 quod
1045 1294 1131 1331 me
1158 1274 1422 1346 perdidit,
1462 1290 1595 1327 unus
1623 1293 1751 1330 eras,

519 1353 581 1408 Id
597 1369 823 1425 ,quoque
853 1350 887 1404 s1
911 1350 1108 1411 sciffeS,
1145 1349 1284 1402 salvo
1310 1345 1548 1400 fruerere
1579 1347 1772 1410 l'odali3

594 1424 938 1496 Consilioque
966 1423 1139 1476 forem
1164 1421 1370 1491 sospe8‚
1416 1420 1614 1482 amice,
1659 1434 1773 1475 tuo,

379 1517 442 1566 15
523 1498 666 1566 [Sed
696 1512 816 1551 mea
840 1514 925 1549 me
950 1497 1005 1550 in
1031 1512 1257 1564 poenam
1283 1492 1533 1546 nimirum
1563 1492 1667 1547 fata
1702 1494 2006 1551 trahebant:

588 1571 769 1626 Omne
796 1570 964 1624 bonae
992 1569 1248 1622 claudunt
1275 1566 1513 1620 utilitatis
1539 1565 1695 1636 iter.]

288 1734 322 1760 1.
347 1728 430 1759 Non
450 1719 545 1769 vis.]
576 1726 646 1757 Nec
664 1718 721 1756 vis
744 1718 926 1757 meliores.
955 1716 1101 1755 Herus.

284 1786 318 1816 4.
347 1779 431 1809 Tota
446 1771 639 1821 junct‘ior.]
673 1772 794 1806 Notior
813 1780 918 1806 unus.
943 1779 1011 1804 toto
1032 1768 1109 1804 orbe
1130 1768 1232 1805 alius.

287 1834 321 1869 7.
349 1824 490 1872 Qtique
513 1822 554 1868 eft
584 1822 622 1858 in
644 1821 731 1857 caris
765 1820 878 1856 animi
905 1818 970 1855 tibi
992 1818 1119 1855 candor
1138 1816 1282 1867 amici.]

232 1875 290 1912 Ex
321 1875 434 1910 ammi
477 1872 636 1910 candore
684 1872 721 1909 δε
753 1870 955 1908 finceritate
982 1870 1147 1907 amicum
1181 1880 1287 1907 com-

238 1923 483 1963 mendaeiib.
506 1935 558 1961 ιν.

289 1988 400 2032 Cujus
418 1986 500 2033 inest
517 1987 637 2024 animo
656 1986 767 2032 patrii
789 1985 945 2022 candoris
968 1985 1105 2031 imago,

341 2044 422 2074 Non
442 2050 558 2074 careat
578 2038 696 2075 nervis
719 2038 846 2074 candor
863 2047 902 2073 ut
929 2036 985 2082 iste
998 2035 1087 2083 suis.

239 2100 325 2139 Lib.
351 2114 396 2138 Π.
431 2100 476 2137 de
496 2102 618 2138 Ponto
640 2101 766 2149 Elegia
788 2111 823 2136 v.

291 2161 435 2198 Candor
457 2160 494 2196 in
516 2161 575 2196 hoc
597 2173 682 2196 aevo
699 2187 709 2203 ,
743 2172 794 2195 res
814 2157 1044 2194 intermortua
1056 2164 1161 2206 paene

346 2212 463 2259 Exigit
479 2239 488 2254 ,
517 2223 556 2248 ut
568 2211 706 2258 faciam
732 2209 823 2246 talia
843 2219 926 2245 vota
942 2235 952 2252 ‚
981 2219 1073 2246 tuus.

242 2262 282 2298 &
301 2262 437 2300 ibidem
452 2273 461 2300 ε

465 2328 527 2375 sed
538 2329 625 2377 sunt
647 2337 709 2363 tua
727 2324 862 2374 fieb'iora
883 2324 992 2368 lac‘ie,

292 2382 340 2415 Et
362 2391 430 2415 non
452 2380 588 2416 calcata
611 2378 815 2415 candidiora
836 2376 931 2412 nive.

245 2439 416 2476 Cxofau.
444 2440 584 2489 (Quique
604 2452 677 2475 erac
696 2447 769 2476 ,tres
795 2446 948 2473 veteres.
975 2447 1093 2478 unus,
1122 2435 1294 2485 Qifuit.

246 2490 317 2528 Sed
337 2491 440 2539 lege,
463 2493 553 2528 raris
572 2490 705 2526 amicis.
733 2487 910 2537 Sequenti
932 2487 1035 2524 versu
1055 2498 1121 2534 pro
1141 2487 1194 2533 isti
1216 2499 1294 2524 tne-

245 2542 380 2585 liores,
407 2539 475 2590 ipff.
527 2543 563 2578 &
592 2553 657 2588 pro
690 2542 755 2590 ipse
779 2548 849 2576 tres
879 2539 1012 2585 optimi
1038 2566 1048 2581 ,
1075 2537 1142 2584 iste.
1178 2538 1295 2582 Puto,

247 2590 307 2639 ἱρῇ
326 2599 403 2629 Deo.
441 2593 514 2629 hoc
538 2591 587 2628 est
611 2591 790 2639 Augusto.
844 2589 913 2625 Sed
945 2588 1055 2626 subest
1089 2589 1295 2627 etiamnum

247 2643 383 2690 aliquid
404 2644 529 2680 mendi
553 2644 605 2679 his
631 2641 800 2678 versibus.
830 2640 975 2677 Hssms.
1028 2639 1169 2676 Omnia
1184 2639 1223 2676 in
1245 2640 1297 2676 le·

251 2691 397 2736 ebone,
425 2707 534 2742 quam
550 2694 788 2736 exhibemus,
807 2701 898 2739 puto
920 2689 1114 2738 perspicua.
1143 2690 1202 2726 ille
1213 2700 1299 2726 can-

256 2741 324 2778 dor
347 2746 483 2788 animi,
504 2746 567 2794 qui
595 2745 659 2780 tibi
681 2752 755 2779 erat
784 2744 820 2778 in
850 2741 936 2778 caris
957 2741 1082 2777 amieis
1110 2741 1201 2786 (pro
1222 2752 1300 2787 erga

254 2804 348 2827 caros
371 2795 507 2831 amicos.
531 2794 604 2831 vid.
628 2793 673 2831 ad
694 2791 874 2841 Quinstil.
898 2791 993 2828 Decl
1026 2801 1086 2826 XV.
1113 2792 1167 2827 16.
1197 2790 1234 2827 &
1255 2790 1300 2826 ad

252 2842 447 2880 Nostrilib.
471 2858 498 2881 1.
519 2847 674 2881 Metam.
696 2856 746 2880 xx.
769 2843 866 2889 274.)
896 2841 960 2889 ipsi
985 2840 1150 2889 Augusto
1173 2842 1301 2889 cogni-

253 2902 310 2930 tus
335 2893 406 2937 est,
435 2896 496 2942 qui
520 2895 603 2931 ideo
626 2905 662 2932 te
684 2895 838 2931 amabat.
866 2893 997 2929 BURM.

307 2955 342 2989 9.
373 2949 413 2978 Ut
435 2958 499 2979 non
516 2958 568 2991 rgo
589 2946 734 2992 conscius
750 2943 881 2993 effem]
912 2943 1054 2987 Scribe,
1082 2942 1137 2978 cui
1156 2955 1227 2978 non
1244 2956 1296 2991 ego

256 2993 414 3040 conscius.
452 2996 546 3030 Cum
579 2997 687 3032 tertio
719 2997 816 3031 enirn
851 2995 931 3031 casu
954 2995 1298 3042 frequenterjungit

252 3044 348 3081 hanc
369 3056 501 3081 vocem
523 3045 665 3081 Noster,
694 3047 848 3081 Metam.
869 3057 920 3079 vr.
946 3043 1026 3090 588.
1058 3045 1199 3090 Heres.
1222 3045 1297 3082 Ve-

255 3094 424 3132 rosimilis
446 3096 529 3131 inde
554 3095 692 3131 Heium
715 3095 894 3131 comerio
910 3122 919 3137 ,
947 3096 1032 3141 quia
1051 3095 1141 3143 quod
1169 3097 1205 3132 in
1224 3095 1301 3132 Va-

255 3146 379 3182 ticano
403 3155 498 3188 erat,
529 3157 592 3192 pro
616 3147 692 3193 quai
713 3174 721 3187 ,
751 3146 785 3181 id
808 3145 855 3180 cst
875 3145 938 3180 cui,
967 3155 1050 3180 nain
1081 3147 1117 3181 ἃ
1137 3145 1302 3194 sequenti

257 3196 410 3232 disticho
431 3196 524 3232 Petri
551 3197 664 3232 Servii
687 3195 803 3232 codex
818 3223 826 3235 ,
856 3194 1013 3242 gluvique
1033 3208 1084 3241 (go
1098 3196 1302 3233 narrabam.

252 3247 344 3285 nihil
364 3257 489 3283 taxnen
512 3258 651 3282 moneo
666 3273 674 3289 ‚
702 3246 787 3294 quia
807 3247 1086 3292 praeced-mmm
1108 3258 1184 3282 non
1206 3248 1302 3288 male

255 3308 295 3349 ω
314 3300 511 3344 convenit,
542 3298 579 3335 ἃ
599 3296 716 3335 senius
736 3297 777 3335 fit
797 3297 875 3334 latis
896 3304 1054 3346 apertus.
1081 3295 1213 3337 Duum·

2260 1644 2394 1714 Sive
2416 1675 2430 1711 s

1391 1725 1451 1752 ro.
1483 1714 1742 1764 pectoribusque
1752 1715 1860 1754 dabas
1872 1717 1988 1754 multa
2007 1715 2149 1765 tegenda
2170 1717 2281 1768 meis]
2304 1719 2383 1758 Ta-

1339 1766 1518 1815 naquillus
1539 1766 1652 1803 Faber
1672 1768 1708 1804 in
1738 1767 1905 1815 Epistolis
1932 1769 1991 1806 lib.
2014 1781 2039 1805 1.
2064 1769 2129 1817 Ep.
2148 1771 2206 1814 67.
2237 1770 2384 1818 reponit

1342 1828 1387 1854 ex
1411 1816 1647 1865 conjectura,
1675 1821 1798 1854 canera
1818 1819 1970 1867 tegenda.
1994 1819 2071 1866 jarn
2095 1822 2194 1857 enirn
2224 1819 2385 1868 superio-

1343 1867 1371 1904 ri
1391 1867 1493 1904 versu
1513 1868 1652 1906 dixerat
1674 1869 1829 1913 Noster,
1851 1871 1942 1906 niliil
1966 1870 2024 1907 libi
2051 1870 2206 1908 celatum
2221 1870 2324 1909 fuisse
2341 1870 2387 1910 ab

1342 1918 1417 1955 hoc
1438 1918 1572 1955 arnico.
1604 1920 1751 1956 Heras.
1773 1921 1929 1968 Regenda
1950 1922 2096 1967 Junian.

1345 1980 1457 2056 ΗΠ.
1481 1969 1613 2019 Cuique
1642 1983 1697 2018 ego
1726 1970 1958 2021 narrabam]
2017 1972 2121 2020 Lege
2144 2000 2155 2018 ‚
2194 1974 2387 2020 narrarem}

1392 2030 1491 2056 ems.

1399 2083 1455 2108 Π.
1484 2070 1703 2121 Habebam]
1737 2073 1894 2121 Agebam
1915 2085 2007 2111 unus
2027 2072 2185 2111 Heinfii.

1397 2122 1454 2158 16.
1483 2128 1594 2159 Omne
1622 2123 1728 2160 bonae
1759 2135 1803 2163 ω’
1832 2124 2041 2174 claudum]
2107 2125 2187 2161 Lib.
2222 2125 2392 2164 vatican:

1344 2185 1442 2208 omne
1462 2172 1587 2209 bonum
1610 2174 1781 2211 Crob-AN.
1810 2171 2059 2211 Ἀνακόλουθσν
2081 2173 2323 2212 manifestum.
2348 2177 2389 2213 in

1345 2223 1564 2271 Gryphiano
1583 2224 1736 2271 legitur,
1765 2231 1876 2261 Omne
1907 2225 2011 2260 bonae
2028 2237 2071 2262 εγ
2095 2223 2263 2260 claudunt
2290 2225 2394 2266 utilio,

1345 2274 1431 2309 tatis
1452 2275 1527 2311 iter.
1565 2274 1712 2312 Melius.
1767 2274 1836 2312 Sed
1868 2273 2011 2312 fortasse
2042 2276 2157 2312 Poeta
2185 2274 2388 2323 scripserat,

1348 2329 1459 2360 Omne
1489 2324 1593 2361 bonae
1616 2336 1655 2361 ut
1677 2325 1847 2362 claudunt
1867 2325 2034 2362 utilitatis
2053 2324 2129 2361 iter.
2173 2325 2226 2361 Ut
2249 2324 2392 2372 plerun-

1351 2387 1425 2423 que
1449 2376 1518 2412 fata
1546 2375 1733 2419 efficmnt,
1763 2389 1809 2412 ne
1840 2378 1920 2423 quis
1940 2404 1949 2418 ,
1989 2375 2090 2424 quod
2117 2374 2137 2412 ὲ
2167 2387 2203 2412 re
2231 2375 2279 2413 est
2309 2376 2392 2423 sua,

1352 2424 1557 2463 consideret
1579 2436 1639 2464 aut
1663 2436 1755 2474 agat.
1785 2427 1834 2464 D.
1854 2427 1996 2464 Hiems.
2032 2427 2083 2461 ‘rb
2103 2436 2146 2465 e?
2164 2425 2258 2463 abest
2277 2425 2298 2464 a
2318 2428 2395 2476 ple-

1351 2477 1471 2524 risque
1491 2477 1637 2524 scriptis.
1686 2479 1773 2513 Hoc
1799 2479 1910 2514 etiam
1939 2476 2117 2514 distichon
2151 2477 2246 2514 male
2279 2477 2396 2518 feriati

1352 2527 1474 2564 nescio
1505 2528 1607 2575 cujus
1637 2528 1905 2576 interpolatoris
1925 2528 1985 2566 est.
2023 2528 2263 2575 Sequentibus
2283 2530 2394 2568 etiam

1355 2577 1511 2616 versibus
1535 2578 1650 2616 otiosa
1671 2579 1727 2616 illa
1747 2579 1917 2627 repetitio
1944 2580 2007 2614 τοῦ
2026 2589 2144 2615 tamen
2165 2578 2320 2627 suspecta
2336 2580 2396 2619 est.

1355 2628 1500 2665 Herus.
1529 2629 1691 2677 Suspeffi
1713 2630 1816 2676 saepe
1840 2629 1997 2667 Heinsio
2028 2631 2128 2666 fuere
2154 2629 2290 2669 versus.
2313 2631 2395 2678 quia

1353 2680 1391 2715 in
1413 2680 1477 2716 illis
1496 2691 1671 2716 numeros
1695 2680 1902 2718 Ovidianos
1925 2679 2099 2717 fastidiosa
2120 2680 2196 2728 ejus
2216 2682 2308 2718 auris
2320 2692 2396 2720 non

1354 2729 1583 2776 agnoscebat.
1610 2731 1698 2779 quid
1720 2742 1808 2780 ergo
1830 2730 1854 2768 fi
1876 2729 2017 2769 vidiffet
2029 2730 2186 2778 aliquem
2209 2731 2306 2768 liunc
2320 2743 2398 2770 ver-

1353 2778 1500 2817 sumita
1533 2781 1766 2819 correffione
1809 2782 1869 2820 sua
1897 2781 2124 2819 durissimum
2157 2782 2277 2819 facere
2301 2810 2313 2826 ,
2357 2789 2396 2821 ut

1355 2841 1471 2876 nuper
1494 2831 1548 2867 vir
1578 2832 1709 2870 doetus
1738 2833 1775 2870 in
1797 2831 2037 2880 supplement.
2068 2831 2197 2869 Actor.
2228 2832 2326 2881 Lips.
2346 2844 2398 2873 vx.

1358 2880 1452 2917 Sed.
1474 2893 1508 2918 2.
1532 2893 1610 2930 pag.
1635 2894 1695 2931 79.

1411 2940 1570 2996 Omneo
1601 2954 1642 2978 ne
1667 2940 1838 2978 claudant
1865 2941 1946 2990 (Sc.
1977 2943 2049 2980 fata
2078 2942 2198 2990 mihi)
2232 2942 2400 2982 ‘utilitatis

1532 3001 1609 3027 lter.

1355 3043 1394 3079 δε
1412 3040 1616 3089 explicare,
1645 3043 1786 3080 utinam
1811 3043 1994 3081 calamitas
2016 3055 2098 3080 mea
2117 3055 2194 3081 non
2217 3044 2258 3083 sit
2275 3047 2402 3094 perpe&

1355 3101 1438 3136 tua,
1467 3103 1536 3128 nec
1556 3092 1621 3129 nili
1644 3104 1765 3131 morte
1788 3093 1963 3131 finienda.
1983 3105 2066 3130 cum
2090 3103 2171 3142 agat
2191 3095 2236 3132 de
2257 3105 2402 3145 tempo·

1356 3155 1418 3182 re,
1446 3153 1522 3190 quo
1546 3142 1680 3192 aliquid
1703 3144 1871 3188 vidisset,
1902 3145 2003 3180 &ita
2027 3156 2147 3181 errore
2165 3146 2227 3183 illo
2251 3146 2313 3184 suo
2325 3148 2403 3184 ΑΨ

1357 3193 1499 3242 gustum
1530 3192 1760 3238 offendisset,
1790 3206 1866 3242 quo
1891 3222 1901 3238 ,
1939 3193 1961 3230 si
1993 3206 2070 3231 rem
2107 3195 2292 3233 indicasset
2318 3197 2403 3234 huic

1359 3244 1482 3281 amico
1509 3270 1519 3287 ,
1550 3242 1722 3290 potuiss'et
1745 3245 1820 3291 ejus
1844 3243 1997 3281 consilio
2019 3245 2135 3293 sospes
2157 3245 2247 3291 effe,
2275 3246 2332 3285 sed
2353 3248 2405 3285 fa-

1360 3291 1766 3346 tat1·al1ebanteumin
1795 3306 1982 3346 poenam,
2012 3297 2049 3334 ὃ(
2080 3305 2156 3336 tam
2188 3297 2305 3337 malae
2333 3304 2407 3334 erat

2240 3361 2243 3363 ·
2305 3358 2408 3395 men:

2481 1767 2495 2019 l
