2495 3675
687 166 757 228 Ρ.
830 137 1241 229 ov1D11
1314 151 1849 217 NASONIS

393 287 459 340 45
535 268 672 326 Nata
698 269 954 344 pudicitia
982 268 1083 329 est,
1123 279 1326 323 moreS,
1363 254 1736 336 probitasque,
1769 254 2037 328 fidesque:

608 346 683 398 At
711 362 818 397 non
847 344 960 396 sunt
992 341 1082 394 ista
1108 335 1298 408 gaudia
1320 343 1439 386 nata
1468 329 1571 382 die.
1666 399 1676 408 ⁶
1806 397 1816 408 ο

539 415 645 470 Sed
678 417 851 478 labor,
893 417 942 467 <Se
973 427 1157 472 curae,
1193 407 1515 473 fortunaque
1543 398 1781 455 mor1bus
1804 415 2002 470 impar:

606 488 858 558 justaque
884 486 952 539 de
977 483 1140 537 viduo
1165 496 1301 552 pene
1328 474 1542 548 querela
1566 489 1705 526 toro.

544 560 756 615 Scilicet
781 556 1006 611 adversis
1031 553 1262 626 probitas
1288 547 1522 628 exercita
1549 546 1704 600 rebus

405 652 471 702 50
615 632 778 686 Tristi
809 628 1081 682 materiam
1108 640 1352 696 tempore
1377 619 1544 675 laudis
1571 617 1744 672 habet.

550 705 605 760 Si
634 705 758 757 nihil
785 701 954 756 infesti
983 699 1146 754 durus
1172 693 1376 752 vidiss'et
1404 691 1618 754 Ulixe83

622 776 892 846 Penelope
917 773 1066 836 felix,
1107 771 1197 825 sed
1223 769 1329 824 sine
1355 764 1541 826 laude,
1573 764 1730 818 foret.

544 847 737 905 vietor
766 847 1049 902 Echionias
1084 843 1121 898 fi
1149 843 1226 897 vir
1250 836 1567 914 penetrasset
1592 838 1645 890 in
1673 853 1848 900 arceS,

623 920 859 975 Forsitan
888 918 1146 973 hvadnen
1169 916 1259 969 vix
1282 913 1366 967 sua
1393 909 1561 965 nosset
1588 909 1793 962 humuS.

408 1011 467 1067 55
546 994 688 1050 Cum
719 993 863 1046 Peli-21
886 1006 968 1045 tot
993 990 1090 1044 sint
1115 987 1352 1060 genitae3
1394 1001 1488 1037 cur
1516 981 1708 1035 nobilis
1734 999 1835 1035 una
1859 979 1963 1034 est?

622 1067 801 1137 Nupta
827 1064 927 1119 fuit
952 1062 1142 1117 misero
1166 1075 1358 1130 nempe
1383 1053 1531 1129 quod
1559 1070 1660 1106 una
1685 1055 1816 1107 vii-0.

548 1136 754 1202 Effice,
793 1153 850 1192 ut
873 1136 1046 1191 Iliacas
1070 1147 1248 1205 tangat
1276 1131 1421 1202 prior
1446 1131 1576 1207 alter
1599 1143 1780 1180 arenas
1799 1148 1819 1187 ς.

623 1210 916 1272 Laodamia
944 1208 1071 1267 nihil
1096 1225 1190 1265 cur
1219 1206 1479 1264 referatur
1503 1211 1623 1255 erit..

259 1481 319 1522 lib.
338 1492 378 1519 v.
400 1480 506 1528 Eleg.
527 1477 592 1517 ult.

312 1547 434 1583 Cernis
456 1555 495 1581 ut
516 1541 664 1581 Admeti
684 1549 842 1579 cantetur
863 1541 907 1579 (θ’
929 1536 1076 1578 Ηεέῖονὶς
1097 1538 1196 1576 uxori

260 1596 410 1634 Heius.

313 1669 367 1708 44
405 1657 512 1707 Qeis
529 1668 602 1695 erat
623 1657 790 1705 Eurytion
813 1655 1004 1704 Icariusque
1018 1650 1155 1703 paren]
1194 1648 1303 1709 Scali-

261 1721 324 1748 ver
351 1712 386 1746 in
421 1710 582 1757 margine
612 1709 749 1746 codicis
779 1707 830 1745 sui
849 1706 1098 1754 adscripscrat,
1136 1701 1304 1745 Ffipvriwv

253 1739 446 1804 ’ᾖκτσρομ
476 1761 701 1804 Ἀντιγένης,
742 1758 776 1798 ἦν
799 1758 912 1802 ἔγημε
941 1758 1089 1798 Πηλεῦς
1105 1754 1237 1797 πατήρ.
1259 1752 1304 1786 '1-

265 1812 405 1856 κίριος,
435 1815 556 1854 παπ-ἦρ
583 1810 808 1850 [immin-nc.
837 1808 884 1844 D.
906 1808 1050 1845 HEms.

316 1875 372 1910 45⁴
407 1867 501 1897 Nata
517 1860 685 1907 pudicitia
706 1859 748 1903 est
772 1864 884 1907 secum
909 1885 918 1901 ,
943 1857 1184 1906 probitasque,
1204 1852 1307 1898 fides·

263 1926 326 1964 que
348 1911 448 1960 cra]
467 1914 577 1948 Hunc
591 1910 728 1948 versum
753 1909 810 1946 alli
833 1908 1031 1953 suspectum
1045 1907 1179 1944 liabent
1193 1933 1203 1947 ,
1223 1916 1307 1960 prot

262 1972 342 2012 pter
356 1974 488 2000 vocem
502 1962 631 2008 secum:
660 1971 754 2009 quae
776 1960 895 1997 minus
909 1960 1053 2006 proprie
1066 1968 1106 1993 ac
1120 1968 1205 1992 vere
1218 1966 1308 2002 pom

262 2013 422 2051 videtur.
451 2013 578 2060 ltaque
601 2011 645 2048 sic
665 2012 822 2059 legunt,
843 2016 941 2045 Nata
957 2008 1128 2058 pudicitia
1149 2006 1191 2051 est
1205 2034 1214 2049 ‚
1235 2018 1307 2040 mo-

266 2077 317 2101 res
331 2091 341 2107 ,
363 2062 579 2112 probitasque
592 2062 752 2109 fidesque.
779 2061 848 2097 Sed
868 2061 953 2108 quia
974 2061 1009 2096 in
1030 2060 1203 2107 proximo
1225 2066 1305 2092 ver-

261 2114 302 2152 su
324 2114 555 2161 praecedenti
583 2113 682 2149 idern
712 2122 852 2148 nomen
895 2116 1005 2145 Mores
1033 2108 1192 2156 positum
1233 2106 1305 2149 est,

263 2175 336 2212 ego
355 2176 476 2212 neque
494 2165 585 2200 hanc
614 2162 813 2199 lechonem
834 2188 844 2204 ‚
882 2160 1080 2209 quomodo
1099 2158 1194 2194 adeo
1217 2168 1305 2205 pro-

264 2214 376 2259 bem,
414 2215 545 2251 habeo.
590 2212 745 2249 Proinde
776 2215 812 2248 esc
842 2211 940 2247 hunc
962 2209 1103 2246 versum
1134 2210 1227 2246 inter
1249 2209 1305 2244 in-

263 2274 384 2303 certos
405 2267 586 2312 relinquo.
614 2264 787 2299 Micrm..
817 2262 898 2297 Lib.
918 2273 943 2297 1.
977 2260 1064 2307 Eleg
1098 2271 1132 2296 v.

316 2326 398 2362 Sive
416 2325 480 2362 tibi
501 2325 560 2361 hoc
576 2324 690 2366 debes,
721 2323 815 2359 nullo
830 2324 888 2372 pia
904 2323 1003 2367 fabia
1034 2321 1211 2368 magistro,

373 2382 648 2426 Cumquenova
670 2388 775 2411 mores
786 2379 872 2421 sunt
895 2371 957 2409 tihi
976 2371 1047 2408 luce
1068 2371 1155 2408 dati.

265 2439 436 2477 exona.
481 2440 591 2486 Janus
615 2439 789 2476 Gruterus
813 2438 828 2473 ὁ
855 2438 1079 2480 μακαρίτης,
1107 2436 1143 2472 in
1177 2434 1308 2482 margi-

268 2501 316 2527 ne
336 2490 415 2527 libri
436 2491 486 2527 sui
510 2497 723 2533 annotarat,
752 2491 846 2526 forte
868 2488 933 2525 oris
950 2488 1163 2535 legendum.
1189 2484 1306 2533 Quod

267 2538 410 2577 neccfl‘e
433 2553 508 2578 non
531 2540 674 2578 videtur
690 2567 700 2584 ,
729 2550 814 2577 cum
838 2539 883 2576 de
904 2550 945 2576 ea
959 2567 968 2581 ,
997 2537 1042 2574 de
1062 2549 1133 2586 qua
1152 2537 1212 2573 hic
1222 2535 1308 2584 agit,

269 2590 343 2626 hoc
368 2590 436 2636 est,
465 2602 581 2629 uxore
602 2591 686 2636 sua,
715 2589 816 2640 supra
834 2590 895 2628 lib.
916 2589 961 2627 de
984 2588 1092 2626 Trist.
1106 2599 1133 2625 1.
1153 2587 1255 2635 Eleg.
1274 2596 1310 2623 v.

271 2638 420 2679 dixerit;

324 2702 404 2739 Sive
424 2703 487 2741 tibi
501 2705 560 2741 hm:
576 2704 693 2749 debes,
721 2704 815 2741 nullo
831 2703 889 2753 pia
908 2705 1003 2747 fabia
1026 2702 1204 2750 magistr03

383 2759 540 2804 Cumque
561 2769 652 2793 nova
671 2769 778 2793 mores
789 2756 877 2804 sunt
896 2755 959 2792 tibi
981 2755 1051 2791 luce
1070 2755 1158 2789 clati.

276 2814 328 2853 D.
350 2816 492 2855 Herus.
522 2819 651 2863 Moris,
681 2819 739 2856 vel
759 2832 893 2856 morum
908 2847 918 2863 ‚
945 2818 1004 2854 vel
1021 2820 1133 2863 secum
1153 2814 1231 2852 libri
1246 2825 1308 2851 ve·

278 2873 380 2902 tetes:
410 2868 481 2904 hoc
500 2869 547 2906 est
568 2880 689 2907 tecum.
718 2878 826 2918 atque
851 2871 900 2906 ita
925 2879 1075 2917 quoque
1104 2865 1309 2913 Tanaquil-

278 2915 336 2952 lus
357 2916 467 2954 Faber
487 2919 546 2955 lib.
561 2932 585 2956 1.
607 2921 671 2967 Ep.
692 2922 750 2965 67,
779 2920 837 2957 sed
860 2920 962 2956 moris
980 2919 1164 2955 meliores.
1199 2916 1310 2952 Latet

280 2965 427 3013 aliquid.
474 2969 600 3006 Putem
626 2997 636 3014 ,
670 2982 714 3009 (φ
731 2983 812 3008 mos.
841 2969 904 3007 nisi
928 2969 1028 3017 quod
1050 2967 1201 3005 moribus
1219 2977 1310 3002 mox

280 3015 449 3064 sequitur.
479 3018 608 3063 Forte,
635 3020 816 3062 &bonon
844 3020 902 3057 vel
915 3020 1026 3056 bonos.
1053 3019 1192 3056 Hms.
1220 3017 1310 3053 Non

281 3064 398 3103 statim
433 3069 701 3107 confodiendus
732 3070 871 3113 versuS,
897 3069 958 3106 etsi
983 3078 1119 3116 repetat
1152 3077 1314 3111 vocem,

281 3127 377 3165 quae
401 3119 565 3164 proxime
587 3120 792 3165 praecellit,
821 3126 904 3156 cum
931 3119 967 3155 id
986 3119 1121 3167 saepius
1142 3117 1237 3166 apud
1257 3117 1314 3153 O·

281 3166 422 3205 vidium
447 3180 637 3205 occurrere
662 3170 784 3206 liceret
806 3168 994 3206 ostendere
1018 3196 1027 3211 ,
1055 3168 1080 3205 fi
1101 3168 1175 3205 sine
1198 3168 1314 3205 lecto-

280 3228 361 3255 rutn
385 3219 506 3255 taedio
537 3217 650 3266 poffet
680 3219 767 3255 fieri.
802 3219 859 3256 sed
888 3232 992 3254 mores
1020 3219 1077 3254 hic
1107 3219 1316 3266 simpliciter

279 3278 347 3314 pro
368 3267 532 3312 bonis&
561 3269 718 3309 honestis
748 3269 909 3308 moribus
938 3270 1099 3318 ponitur.
1134 3277 1175 3308 ut
1204 3268 1314 3317 Epist.

276 3327 387 3360 RVH-i

2328 1327 2398 1384 Et

1414 1464 1572 1506 Moribus
1591 1466 1634 1504 ὼ
1647 1462 1746 1501 vitae
1763 1462 1909 1502 eredidit
1922 1463 1980 1504 ille
1999 1475 2104 1502 meae,

1361 1534 1492 1572 Horat.
1517 1545 1544 1570 1.
1572 1531 1639 1579 Ep.
1663 1543 1690 1568 1.
1712 1531 1769 1578 56.

1409 1598 1466 1643 Est
1487 1597 1626 1633 animus
1647 1594 1734 1639 tibi,
1758 1597 1844 1644 sunt
1864 1608 1996 1640 mores,
2024 1604 2098 1633 (φτ.

1358 1661 1608 1701 vid.Gr0n.1.
1633 1660 1720 1698 O-bs.
1732 1671 1793 1709 23.
1821 1662 1860 1698 &
1880 1662 1930 1699 ita
1951 1659 2082 1697 millies
2099 1657 2234 1696 Cicero
2251 1684 2262 1702 ,
2290 1656 2327 1696 &
2341 1656 2399 1697 alii

1359 1720 1513 1750 veteres.
1540 1712 1671 1749 Bam«.

1354 1777 1485 1875 fid46L
1500 1783 1599 1864 ligata
1620 1775 1714 1825 die.]
1765 1782 1863 1813 Nata
1884 1774 1957 1822 fide
1983 1773 2131 1824 plurimi
2157 1771 2289 1821 scripti.
2318 1781 2400 1810 nota

1412 1841 1428 1863 e
1489 1839 1519 1864 ei
1551 1856 1560 1865 .

1411 1886 1475 1935 48.
1505 1894 1591 1924 Pene
1611 1887 1787 1938 querelas]
1837 1894 1948 1925 Poena
1969 1885 2143 1937 querenda
2164 1885 2297 1925 Servii.
2318 1897 2399 1935 que.-

1364 1937 1436 1974 rela
1455 1949 1512 1975 tuo
1533 1939 1621 1975 Exc.
1636 1937 1739 1977 Voff.

1415 2015 1474 2049 49.
1501 2004 1627 2040 Scilicet
1655 2003 1808 2053 adversis
1835 2004 1987 2053 probitas
2014 2003 2166 2040 exercita
2188 2001 2285 2039 rebus
2303 2001 2403 2048 Tristi

1366 2055 1576 2097 materiam,
1606 2055 1695 2104 wa]
1727 2055 1912 2094 Indueiio.
1942 2055 2113 2092 C10FAN.
2151 2053 2282 2091 Laudis
2302 2053 2405 2091 habes

1363 2116 1455 2142 unus
1482 2106 1624 2147 codex;
1653 2105 1754 2154 quod
1780 2106 1943 2153 placebat
1967 2104 2138 2143 Heinfio.

1418 2179 1475 2211 ςῐ.
1505 2172 1624 2202 Durus
1646 2167 1781 2215 vidisset
1803 2166 1962 2216 Ulyffen]
2016 2167 2106 2203 Non
2128 2164 2217 2202 vidit
2235 2167 2404 2207 tantum,'

1361 2216 1420 2253 sed
1441 2216 1522 2252 tulit
1541 2218 1650 2253 etiarn
1673 2219 1708 2252 &
1725 2215 1903 2264 perpessus
1923 2218 1982 2254 est.
2024 2219 2150 2262 Quare
2171 2213 2398 2262 scribo‚sub·

1362 2265 1456 2314 iiffit.
1482 2278 1546 2313 pro
1561 2266 1704 2314 vulgata
1716 2267 1877 2304 lechone
1889 2275 2012 2304 tamen
2030 2265 2120 2302 stant
2132 2264 2247 2313 scripti
2262 2271 2411 2309 omnesg

1363 2316 1473 2354 Pont.
1493 2329 1517 2353 1.
1539 2317 1639 2365 Eleg.
1660 2328 1694 2354 v.

1414 2384 1552 2421 Durius
1569 2383 1611 2427 est
1631 2385 1735 2433 igitur
1756 2384 1905 2434 nostrum
1919 2413 1929 2429 ‚
1955 2383 2114 2432 fidiffima
2134 2384 2280 2434 conjux,

1466 2434 1548 2479 Illo,
1578 2435 1668 2485 quod
1685 2435 1789 2482 subiit
1814 2438 1937 2484 AEsone
1956 2446 2083 2478 natus,
2110 2448 2206 2472 onus.

1362 2498 1411 2536 fic
1426 2498 1618 2546 periculum
1631 2498 1766 2546 subire,
1791 2509 1934 2548 poenam
1958 2527 1967 2543 ‚
1996 2498 2144 2534 laborem
2168 2525 2178 2540 ,
2209 2497 2247 2535 &
2275 2497 2409 2537 fimiliae

1363 2550 1486 2596 paffim
1503 2550 1596 2598 apud
1616 2550 1837 2586 Ciceronem
1850 2549 2013 2597 aliosque
2026 2556 2234 2585 occurrunt.
2263 2549 2402 2586 Hsms.

1365 2599 1437 2637 Sed
1456 2600 1547 2637 haec
1571 2600 1619 2637 est
1650 2611 1749 2637 mera
1779 2599 1946 2637 mutandi
1975 2600 2011 2636 &
2041 2597 2266 2646 corrigendi,
2293 2600 2407 2636 etiam

1367 2650 1472 2693 sana,
1500 2649 1626 2687 libido.
1652 2650 1812 2687 videmus
1841 2651 1940 2687 enirn
1975 2649 2094 2692 mala,
2119 2660 2212 2697 quae
2233 2648 2404 2687 subimus.

1367 2699 1522 2737 Terent.
1551 2700 1658 2737 Adel.
1678 2714 1713 2738 v.
1739 2712 1795 2739 1v.
1821 2713 1875 2750 ¹3·
1915 2705 2061 2737 Uxorem
2081 2699 2193 2743 duxi,
2220 2711 2326 2749 quam
2354 2698 2402 2736 ihi

1367 2750 1541 2799 miseriam
1561 2750 1649 2788 vidi.
1674 2751 1772 2788 idem
1798 2763 1887 2788 vero
1898 2759 2027 2789 notare
2045 2749 2146 2798 quod
2165 2750 2318 2798 experiri
2335 2749 2401 2794 d0·,

1366 2810 1425 2839 cet
1443 2800 1595 2850 Philarg.
1612 2801 1657 2840 ad
1675 2802 1733 2840 illa
1755 2802 1899 2850 Virgilii
1922 2814 1966 2839 ιι.
1987 2801 2126 2848 Georg.
2141 2812 2225 2847 501.

1950 2877 2008 2900 nec
2018 2865 2134 2910 ferrea
2149 2864 2232 2910 jura
2399 2907 2402 2910 Δ

1418 2918 1649 2966 Insanamque
1661 2918 1805 2964 forum,
1835 2925 1898 2952 aut
1918 2915 2028 2964 populi
2048 2913 2227 2952 tabularia
2249 2913 2356 2954 vidit.

1365 2966 1426 3005 ubi
1447 2968 1593 3005 adducit
1611 2969 1736 3005 locum
1759 2979 1805 3004 ex
1830 2979 1881 3003 xi.
1902 2966 1987 3012 263.

1419 3024 1584 3055 AEtnaeos
1608 3018 1702 3054 vidit
1724 3016 1885 3066 Cyclopas
1907 3015 2033 3053 Ulixes.

1369 3069 1408 3106 ὃ(
1429 3068 1476 3105 ibi
1499 3069 1643 3106 Servius
1676 3068 1769 3105 mire
1806 3067 1893 3105 illud
1922 3066 2016 3102 vidit
2036 3064 2209 3103 addidisse
2227 3073 2342 3105 notat.
2368 3073 2413 3105 ut‘

1370 3131 1432 3156 111.
1451 3128 1540 3166 430.

1421 3171 1542 3217 §Quam
1566 3167 1666 3216 semel
1684 3168 1866 3213 infirmem
1884 3165 1980 3213 vasto
2000 3165 2119 3214 vidisse
2131 3165 2198 3213 sub
2214 3169 2307 3204 arao

1421 3219 1582 3266 Scyllam.

1370 3270 1462 3309 nihil
1479 3269 1639 3316 infestum
1663 3266 1829 3305 Bernens.
1858 3265 1973 3314 infeste
1997 3265 2106 3303 Leid.
2131 3267 2263 3305 Euam.

1424 3329 1483 3369 53.
1508 3326 1548 3358 ln
1568 3317 1707 3368 αἴθει]
1756 3323 1797 3355 In
1815 3329 1906 3355 arces
1942 3316 2048 3356 Leid.
2070 3317 2125 3354 adr
2143 3331 2224 3356 aras
2245 3315 2411 3357 Bernens.

2365 3365 2429 3404 ad:
