2495 3675
270 222 275 227 ·
312 179 873 249 EPISTULARUM
911 179 1020 238 EX
1058 176 1341 236 PONTO.
1381 176 1503 233 Lm.
1542 178 1579 235 1.
1619 180 1792 239 Emsr.
1830 184 1869 243 1.

348 280 423 335 Ut
450 280 577 335 mihi
609 280 680 335 Di
708 279 949 341 faveant,
984 274 1274 348 quibusest
1299 271 1621 328 manifestior
1650 274 1786 345 ipse3

419 353 599 407 Poena
626 351 802 424 potest
829 349 971 403 demi
990 388 1006 411 ,
1047 345 1474 419 culpa‘perennis
1502 347 1621 400 erit.

198 430 262 492 65
339 425 495 480 Mors
520 426 676 480 faciet
709 437 885 483 certe,
925 439 991 474 ne
1016 421 1137 482 sim,
1176 435 1299 472 cum
1329 419 1558 480 venerit,
1597 417 1768 472 exsul:

413 498 499 552 Ne
528 516 634 551 non
661 494 957 568 peccarim,
998 508 1140 545 mors
1166 508 1382 562 quoque
1408 507 1515 544 non
1541 490 1715 544 faciet.

344 571 433 626 Nil
463 571 623 641 igitur
648 569 873 625 mirum,
917 565 951 616 si
979 581 1125 617 mens
1156 562 1280 616 mihi
1311 562 1484 616 tabida
1510 561 1644 616 facita

418 643 503 696 De
529 643 651 696 nive
677 636 933 693 manantis
959 654 1109 690 more
1134 635 1373 706 liquescit
1398 652 1579 705 aquae.

343 714 498 768 Estur
528 727 585 768 ut
612 712 823 766 occultit
848 710 1030 763 vitiata
1059 707 1301 761 teredine
1332 707 1503 759 navis:

418 783 686 856 AEquorei
710 783 952 851 scopulos
978 794 1036 834 ut
1071 793 1219 832 cavat
1248 778 1389 831 unda
1415 778 1551 832 salis:

346 858 586 914 Roditur
615 867 672 911 ut
697 854 876 908 scabrii
905 851 1133 924 positum
1162 851 1405 921 rubigine
1433 851 1663 906 ferrum:

415 929 684 983 Conditus
712 938 769 980 ut
796 925 970 979 tineae
995 924 1228 995 carpitur
1252 942 1345 976 ore
1371 922 1526 977 liber:

346 1001 431 1056 Sic
457 1018 571 1054 mea
592 1010 882 1071 perpetuos
910 1014 1154 1052 curarum
1184 995 1397 1067 pefiora
1424 995 1652 1060 morsus,

412 1071 544 1128 Fine
569 1072 759 1144 quibus
787 1070 931 1124 nullo
957 1069 1338 1131 conficiantur,
1376 1068 1586 1123 habent.

346 1146 462 1201 Nec
486 1145 629 1218 prius
657 1144 712 1198 hi
740 1156 977 1198 mentem
1004 1142 1228 1203 stimuli,
1267 1157 1426 1212 quam
1453 1141 1589 1203 vita,
1629 1140 1952 1213 relinquent:

421 1219 643 1289 Quique
672 1216 818 1271 dolet
845 1216 1029 1279 citius,
1066 1231 1227 1287 quam
1252 1213 1435 1276 dolor,
1475 1213 1580 1283 ipse
1606 1213 1776 1267 cadet.

345 1290 477 1346 Hoc
504 1287 632 1343 mihi
659 1287 695 1341 fi
720 1288 940 1360 Superi,
983 1304 1215 1358 quorum
1241 1286 1415 1340 sumus
1443 1285 1620 1339 omnia
1643 1326 1658 1351 ‚
1697 1286 1952 1348 credent3

422 1361 659 1416 Forsitan
687 1361 879 1431 exigua
904 1359 1094 1430 dignus
1121 1358 1356 1413 habebor
1384 1374 1505 1428 ope.

2111 201 2210 252 707

207 803 270 851 70

207 1162 271 1218 75

346 1434 513 1504 Inque
540 1434 721 1487 locum
746 1431 999 1503 Scythico
1025 1448 1253 1486 vacuum
1275 1431 1524 1485 mutabor
1549 1430 1612 1485 ab
1638 1447 1776 1486 arcu.

213 1507 280 1561 30

67 1767 169 1816 supra
199 1768 357 1807 vocavit.
374 1767 450 1806 vid.
480 1766 525 1806 ad
557 1766 640 1805 Val.
671 1763 768 1805 Flac}
793 1775 930 1814 1.105.
959 1779 1104 1814 quorum

67 1818 114 1906 {J}
139 1819 307 1876 Fra-neos.
331 1819 368 1857 ὅ(
397 1818 577 1868 Excerpta
596 1817 726 1856 Voffii.
754 1827 860 1867 utque
886 1817 940 1854 dei
949 1818 1106 1864 faveant

117 1879 224 1909 oren.

119 1935 180 1972 66.
208 1941 261 1973 Ne
292 1949 358 1973 non
385 1934 550 1986 peccarim
585 1947 675 1973 mors
704 1946 835 1985 quoque
870 1946 938 1970 non
957 1931 1106 1982 faciet.]

69 1984 202 2024 Versus
221 1987 280 2025 hic
301 1995 437 2037 praeter
448 1998 527 2024 rem
547 1985 596 2023 est
609 2013 620 2030 ,
649 1986 687 2022 &
707 1993 847 2032 praeter
861 1983 1108 2021 Nasonianam

70 2035 302 2084 elegantiam.
341 2037 561 2075 Praecedens
588 2037 699 2073 etiam
731 2035 901 2071 nonnihil
922 2033 1111 2082 suspeetus.

70 2084 217 2124 Hfist.
247 2094 342 2124 Mors
362 2102 491 2138 quoque
511 2086 608 2123 nulla
624 2085 714 2129 facit
727 2084 864 2122 Barthii
883 2083 1013 2121 codeX.
1039 2084 1113 2121 for-

70 2141 129 2179 te,
160 2150 247 2174 mors
282 2151 357 2174 mea
389 2151 456 2175 non
475 2137 597 2186 faciet.
626 2135 686 2173 sed
708 2162 719 2179 ,
757 2143 796 2172 ut
824 2146 953 2172 verum
978 2135 1112 2177 fatear,

71 2183 248 2224 distichon
271 2188 472 2236 susped'tum
489 2216 499 2232 ‚
527 2188 564 2225 ὃ(
584 2185 771 2235 frigidum.
813 2185 850 2222 in
873 2185 992 2233 priore
1012 2185 1114 2222 versu

72 2246 162 2273 mors
174 2237 283 2283 faciet
304 2251 383 2274 vere
404 2238 512 2275 Leid-

123 2301 185 2349 67.
218 2307 294 2338 Non
322 2302 429 2350 igitur
457 2304 588 2340 mirum
620 2301 663 2350 est
687 2330 697 2347 ,
728 2300 761 2351 si
779 2315 873 2339 mens
894 2315 970 2339 mea
990 2302 1113 2340 tabida

68 2351 208 2402 faeta]
239 2353 273 2389 Si
289 2366 382 2390 mens
408 2354 494 2390 mihi
513 2354 703 2400 Junianus.
723 2362 792 2391 tres
813 2353 869 2390 alii
883 2381 894 2398 ‚
925 2353 989 2390 Nil
1007 2354 1114 2402 igitur

73 2402 217 2442 mirum.
238 2410 434 2453 utrumque
455 2407 558 2442 bene.
588 2404 732 2441 Heius.

124 2463 185 2510 67.
213 2465 345 2503 Tabida
363 2465 500 2515 faetta]
543 2467 641 2504 Fano
661 2466 863 2503 Sarravii&
887 2464 985 2502 alius.
1017 2464 1114 2502 unde

73 2512 248 2552 Heinsius
262 2528 326 2559 ,an
342 2516 428 2553 mihi
440 2518 568 2562 fraflo.
591 2524 627 2553 ut
654 2516 752 2565 Eleg.
769 2515 841 2564 seq.
857 2516 1115 2563 Frangor.vers.

74 2564 135 2622 253.
167 2566 264 2603 Mox
288 2593 299 2611 ,
345 2567 487 2615 denique
528 2567 710 2602 manantis
733 2566 897 2604 Sarravii.

127 2639 189 2689 69.
220 2640 316 2688 Estur
357 2654 394 2678 ut
425 2642 558 2679 occulta*
594 2642 726 2679 vitiata
755 2640 934 2691 putredine
966 2641 1113 2692 navis]

76 2688 188 2728 Liber
213 2693 402 2730 Patavintis
424 2721 433 2737 ,
484 2692 618 2728 vitiata
649 2693 807 2729 teredine.
844 2703 929 2729 nam
959 2693 994 2729 in
1026 2696 1114 2730 mari

78 2746 219 2779 tantum
254 2743 431 2781 teredines
471 2743 670 2780 sentiuntur
694 2770 704 2786 ,
741 2754 810 2780 nec
849 2742 953 2779 aliani
987 2752 1115 2790 purant

78 2793 224 2840 proprie
243 2795 445 2831 teredinem
463 2794 535 2831 dici
558 2822 567 2835 .
603 2802 641 2829 ut
655 2792 781 2830 austor
797 2792 844 2829 est
858 2793 894 2829 in
917 2802 1007 2830 xvi:
1022 2794 1114 2831 Plin.

79 2840 244 2880 Pinare.
280 2844 439 2881 Teredine
468 2844 571 2881 navis
600 2855 683 2880 vera
703 2843 872 2891 scriptura
902 2843 973 2886 est,
1000 2855 1111 2892 quarn

78 2894 249 2931 meliores
270 2896 503 2932 membranae
516 2894 706 2932 adstruunt.
735 2904 923 2942 perperam
948 2895 1030 2938 alii,
1052 2903 1117 2942 pu-

80 2943 221 2983 tredine.
273 2946 451 2983 Robertus
482 2945 738 2982 Constantinus
768 2948 805 2981 in
849 2944 990 2982 Lexico
1023 2956 1117 2982 voce

81 2990 215 3040 Ὀζῆνκ
229 2996 398 3045 corrigit,
412 2996 542 3032 vitiata
564 2994 713 3032 teredine
730 2996 836 3032 naris.
856 2994 992 3032 insulse.
1020 2995 1119 3033 Inter

82 3043 283 3083 teredinem
309 3048 345 3084 &
367 3048 501 3084 tineam
526 3049 598 3083 hoc
619 3045 762 3083 interest
782 3074 793 3090 ‚
827 3045 928 3093 quod
949 3045 1058 3083 altera
1077 3046 1118 3084 sit

83 3097 220 3134 marina
242 3123 253 3140 ,
298 3097 406 3135 altera
429 3097 607 3135 terrestris.
642 3096 724 3133 audi
753 3096 908 3133 Plinium
946 3095 1004 3133 lib.
1033 3109 1118 3134 xvi.

85 3153 151 3189 cap
190 3157 244 3182 12.
273 3147 394 3184 Teredo
416 3147 543 3185 eadem
577 3158 670 3196 quae
705 3151 847 3183 Termes.
890 3145 1036 3184 Graecis
1059 3160 1115 3183 τε-

83 3193 195 3250 'fimf-
226 3196 378 3234 Isidorus
401 3199 564 3248 Etyinol.
586 3199 642 3235 lib,
664 3210 733 3234 xii.
761 3209 836 3245 cap.
863 3209 895 3243 5.
923 3198 1061 3236 laricem
1083 3199 1120 3234 in

87 3245 278 3286 maritimis
297 3247 449 3286 navibus
478 3249 660 3288 obnoxiam
681 3248 828 3287 teredini
860 3247 1021 3286 tradunt.
1043 3249 1120 3298 plu-

424 1505 546 1561 Pius
572 1504 700 1569 isto,
737 1504 884 1568 duri,
926 1503 962 1559 fi
985 1520 1201 1577 precer,
1240 1504 1346 1558 oris
1370 1520 1480 1558 er0.

2081 1621 2204 1679 EPI-

1161 1777 1199 1803 ra
1224 1765 1333 1803 habes
1358 1763 1454 1813 apud
1484 1763 1644 1803 eundem
1681 1763 1799 1812 capite
1827 1762 1997 1810 proxime
2027 1760 2207 1809 sequenti.

1163 1815 1266 1853 versu
1297 1816 1472 1862 proximo
1508 1815 1590 1862 lege
1618 1825 1702 1851 cum
1738 1813 2016 1861 castigatioribus
2046 1811 2206 1860 scriptis,

1162 1864 1415 1954 ἷξῖαένέξεζέίὶ
1429 1892 1439 1909 ,
1466 1869 1762 1916 non,AEquoreos
1776 1864 1932 1913 scopulos.
1953 1863 2101 1901 Herus.
2131 1862 2204 1899 Vio-

1219 1995 1280 2026 70.
1308 1988 1492 2032 AEquoreos
1510 1982 1659 2032 scopulos
1679 1991 1718 2019 ut
1743 1991 1850 2019 cavat
1873 1980 1970 2019 unda
1989 1979 2108 2030 salis.]
2159 1978 2204 2019 In

1166 2034 1293 2072 iisdem
1313 2034 1428 2071 libs&
1451 2033 1573 2070 Ursini
1597 2042 1718 2082 aperte
1740 2033 1891 2080 legitur,
1916 2032 2079 2083 AEquoret'
2090 2033 2208 2081 scopus

1168 2085 1215 2122 los
1229 2112 1239 2130 ,
1267 2085 1341 2122 &c.
1362 2083 1531 2121 ConAN.
1558 2083 1606 2121 Et
1628 2085 1676 2121 ita
1696 2083 1871 2122 BartliiuS.

1222 2161 1281 2196 75.
1309 2147 1553 2198 Relinquent.]
1617 2148 1797 2196 Relinquet
1837 2149 1974 2188 SarraV.
2008 2149 2208 2199 relinquant

1172 2203 1259 2242 duo.
1278 2201 1316 2238 &
1336 2199 1409 2248 seq.
1425 2199 1479 2242 jhs.
1500 2197 1616 2236 cadat.
1635 2198 1837 2248 relinquunt
1859 2200 2003 2247 Junian.

1224 2271 1283 2313 7'7.
1310 2273 1379 2304 Hoc
1406 2265 1496 2304 mihi
1523 2264 1551 2313 [ἱ
1571 2266 1684 2315 superi
1708 2294 1719 2312 ,
1754 2280 1899 2316 quorum
1926 2269 2045 2315 sumus
2063 2268 2204 2313 omnia,

1171 2318 1346 2366 credent.]
1402 2318 1502 2354 Cave
1532 2328 1685 2366 reponas
1717 2329 1801 2355 cum
1839 2318 2059 2367 Tanaquillo
2091 2319 2205 2357 Fabro

1171 2368 1229 2406 lib.
1245 2381 1271 2406 1.
1286 2369 1354 2418 Ep.
1367 2374 1426 2414 67.
1455 2381 1599 2417 quorum
1614 2369 1699 2414 sunt
1721 2368 1849 2406 omnia.
1873 2380 1938 2416 pro
1951 2376 2092 2417 recepta
2105 2370 2204 2407 enim

1169 2418 1339 2468 scriptura
1362 2420 1399 2456 &
1421 2419 1566 2456 codices
1586 2418 1712 2455 vetusti
1728 2446 1738 2461 ‚
1767 2420 1804 2455 ὅ(
1826 2419 1896 2465 ipsa
1920 2420 2010 2456 ratio
2029 2427 2203 2467 pugnant.

1171 2469 1361 2508 Adeantur
1383 2481 1476 2518 quae
1496 2479 1665 2505 notamus
1677 2467 1860 2505 adlibrum
1883 2480 1916 2505 v.
1941 2470 2034 2506 Met.
2054 2469 2106 2511 ybs.
2121 2480 2205 2519 343.

1172 2521 1316 2558 Heins.
1346 2521 1500 2556 Credam
1522 2519 1682 2565 pluriiiii.
1711 2518 1852 2554 credunt
1864 2518 1965 2555 οέὶο.

1224 2571 1284 2616 78.
1315 2568 1469 2618 Forsitan
1487 2569 1614 2617 exigud
1638 2569 1758 2616 dignus
1784 2568 1929 2606 habebor
1947 2568 2041 2618 θρα]
2095 2570 2205 2607 Hanc

1170 2633 1306 2659 vocem
1329 2631 1418 2669 opem
1442 2620 1553 2668 vulgo
1575 2619 1778 2657 existimant
1808 2631 1872 2667 pro
1903 2619 2038 2658 divitiis
2063 2619 2205 2667 semper

1171 2672 1260 2720 capi.
1284 2671 1318 2708 id
1338 2672 1347 2708 l
1371 2682 1448 2719 ¹nge
1470 2670 1567 2707 secus
1590 2668 1658 2707 effe
1678 2670 1734 2706 vel
1756 2681 1798 2707 ex
1819 2671 1891 2706 hoc
1911 2671 1997 2707 loco
2019 2670 2204 2720 perspicue

1172 2722 1402 2771 cognoscitur
1416 2749 1424 2765 ‚
1455 2721 1492 2757 ὃς
1514 2733 1559 2757 ex
1580 2721 1680 2769 Eleg.
1699 2731 1750 2757 ιν.
1771 2720 1861 2757 libro
1888 2733 1912 2758 1.
1933 2720 2042 2758 Trist.

1223 2785 1286 2821 Dii
1309 2782 1454 2832 tibifint
1468 2783 1592 2830 faciles
1607 2812 1617 2827 ‚
1645 2794 1688 2822 (9·
1709 2783 1774 2831 opis
1792 2782 1922 2819 nullius
1941 2793 2105 2830 egentem‘

1271 2841 1461 2871 Fortunam
1480 2834 1666 2881 praestent,
1695 2832 1950 2882 diffimilemque
1969 2846 2072 2872 meae.

1175 2896 1344 2945 Itemque
1374 2909 1415 2932 ex
1450 2895 1631 2932 Cicerone
1661 2895 1750 2932 libro
1781 2894 1826 2931 de
1857 2895 2016 2932 amititia
2038 2923 2047 2938 ‚
2075 2895 2135 2933 ubi
2159 2895 2208 2932 ita

1173 2948 1240 2985 est:
1273 2947 1434 2984 Divitiae
1448 2975 1456 2988 ,
1486 2957 1524 2982 ut
1543 2956 1666 2983 utare:
1697 2955 1764 2993 opes
1780 2973 1789 2989 ,
1815 2957 1854 2981 ut
1875 2945 1992 2982 colare.
2037 2951 2124 2981 Sunt
2145 2946 2208 2993 igi-

1174 3008 1232 3034 tur
1252 3007 1342 3045 opes,
1370 2997 1529 3038 honores,
1557 2997 1775 3032 ataffloritates
1792 3023 1801 3039 ‚
1825 2998 1988 3039 favores,
2013 2996 2208 3041 potestates,

1174 3061 1259 3097 quae
1281 3062 1357 3084 cum
1377 3061 1419 3083 ex
1436 3046 1513 3084 aliis
1537 3046 1653 3091 rebus,
1683 3058 1758 3084 tum
1780 3060 1821 3083 ex
1843 3047 1979 3083 divitias
2007 3048 2209 3094 nascuntur.

1175 3100 1342 3137 Ctornu.

1226 3162 1284 3195 79.
1313 3150 1463 3197 Scythico
1485 3148 1527 3185 ab
1546 3149 1670 3199 arem]
1726 3147 1786 3186 Ab
1812 3147 1898 3195 hoste
1919 3147 2024 3186 Polit.
2051 3146 2207 3195 scythim

1176 3199 1219 3237 ab
1240 3202 1333 3237 arflo
1363 3201 1531 3237 Vatican.

1229 3251 1289 3290 80.
1316 3251 1350 3289 St'
1365 3250 1518 3301 pteron]
1548 3251 1582 3288 Si
1600 3259 1710 3300 precor
1729 3250 1912 3288 meliores.
1940 3250 2082 3287 Heius.

2073 3355 2104 3381 ῑ,
2133 3350 2215 3382 Ma-
