2495 3675
482 183 1419 245 FASTORUM
1530 190 1722 247 Liss.

1807 194 1856 252 V
1866 195 1901 251 Ι.
2115 211 2211 266 379

211 312 307 365 155
346 291 598 349 Protinus
621 288 838 345 arbutea
863 288 1037 360 postes
1064 301 1145 343 ter
1169 288 1224 342 in
1255 287 1448 343 ordine
1477 290 1645 362 tangit

416 362 665 419 Fronde:
708 375 789 417 ter
815 361 1033 415 arbutea
1060 360 1239 414 limina
1265 359 1461 416 fronde
1487 376 1654 418 notat.

351 437 563 509 Spargit
586 436 732 509 aquis
748 435 961 506 aditus,
998 432 1088 486 sed
1116 449 1255 504 quae
1281 434 1615 491 medicamen
1642 435 1930 494 habebant:

421 508 671 582 Extaque
697 507 764 561 de
789 508 953 578 porca
979 504 1144 559 cruda
1170 505 1417 562 bimestre
1447 520 1608 563 tenet.

343 582 528 655 Atque
555 584 654 644 ita,
691 578 876 633 Noctis
902 595 1048 637 aves,
1089 579 1223 633 extis
1248 579 1564 651 puerilibuS‚
1602 583 1803 655 inquit,

199 659 298 709 160

411 655 646 710 Parcite:
686 668 785 722 pro
814 667 976 722 parvo
1002 650 1213 705 victima
1236 669 1399 723 parva
1423 654 1582 709 cadit.

336 728 451 782 Cor
476 743 574 798 pro
597 723 793 787 corde,
830 740 1054 794 precor,
1092 741 1191 796 pro
1216 725 1358 780 fibris
1384 726 1572 782 sumite
1601 728 1769 784 fibras,

413 798 572 853 Hanc
600 798 826 851 animam
851 795 999 849 vobis
1027 814 1125 867 pro
1153 799 1373 853 meliore
1399 798 1599 854 damus,

334 870 421 926 Sic
445 871 535 925 ubi
563 869 773 931 libavit,
810 867 1046 940 proiecra
1070 868 1160 923 sub
1188 870 1404 925 aethere
1437 874 1614 944 ponit:

407 945 627 1016 Quique
653 940 811 1010 sacris
834 940 1049 1004 adsunt,
1088 942 1346 1012 respicere
1373 943 1455 999 illa
1483 958 1639 1000 vetat.

188 1019 284 1087 165
322 1016 599 1088 Virgaque
619 1013 810 1085 Janalis
838 1013 907 1067 de
931 1014 1077 1084 spina
1101 1014 1323 1070 sumitur
1347 1016 1488 1071 alba:

408 1091 534 1160 Qua
558 1090 738 1143 lumen
763 1087 1004 1142 thalamis
1029 1104 1186 1160 parva
1211 1087 1435 1144 fenestra
1461 1089 1632 1147 dabat.

331 1162 459 1219 Post
481 1162 611 1217 illud
639 1178 739 1215 nec
764 1178 882 1215 aves
907 1177 1068 1215 cunas
1095 1160 1306 1217 violaffe
1332 1163 1607 1227 feruntur;

401 1236 474 1292 Et
499 1235 658 1291 rediit
684 1250 886 1306 puer0‚
923 1235 1017 1305 qui
1043 1234 1142 1289 fuit
1167 1248 1318 1300 ante,
1355 1236 1520 1294 color.

91 1460 173 1498 149.
199 1447 300 1498 Qid
318 1444 489 1495 faceret.]
531 1445 653 1483 Faciat
674 1444 857 1484 Strozzae.
879 1455 995 1489 mox,
1023 1444 1082 1492 effe

2058 1313 2182 1370 Pin·-

1191 1445 1275 1485 161.
1302 1452 1369 1484 Pro
1381 1445 1484 1493 fibris
1502 1447 1626 1490 sumite
1637 1447 1779 1499 fibras]
1821 1450 1938 1497 Λσβὸς
1959 1451 2023 1488 τοῦ
2043 1451 2182 1497 ἔπειτ-σς

29 1499 114 1550 filet
134 1501 267 1544 tardis,
281 1499 449 1536 treslibri.
463 1496 655 1535 male.vid.
677 1509 741 1534 111.
761 1498 840 1533 Art.
859 1506 944 1545 703.
972 1494 1082 1532 laedit
1138 1496 1271 1536 Graeci
1291 1497 1466 1536 dicerent.
1509 1499 1631 1549 Hujus
1652 1512 1741 1538 vero
1759 1501 1915 1540 divortia
1933 1512 2036 1540 notat
2060 1503 2181 1552 Hesy-

33 1552 148 1590 etiam
167 1550 350 1589 nonnulli.
368 1549 442 1587 vid.
464 1561 527 1586 111.
546 1547 653 1586 Trist.
676 1558 766 1584 vn1,
789 1557 849 1595 30.

91 1615 171 1650 152.
201 1600 332 1651 Tuus.]
362 1606 452 1637 Pone
470 1609 571 1636 tuam
587 1599 692 1647 sospes
709 1597 882 1635 Ambros.
904 1597 1079 1635 &Patav-

29 1652 137 1701 fhspes
164 1652 282 1702 inquit
312 1653 447 1700 septem
477 1651 569 1688 libri.
603 1661 719 1692 mox,
747 1647 880 1698 flebat,
900 1649 1080 1698 quinque.

28 1702 163 1751 flebant
185 1714 378 1752 matresque
392 1710 574 1751 patresque
597 1711 690 1739 unus
710 1699 864 1737 Heinfii.

31 1801 56 1842 b
85 1765 166 1803 155·
195 1752 355 1805 Tangit.]
386 1753 486 1790 Texit
505 1763 596 1790 unus
612 1779 622 1796 ,
650 1751 749 1789 unde
771 1749 943 1789 Heinsius
966 1750 1078 1788 facie-

58 1811 116 1848 at,
144 1815 196 1841 ter
217 1805 258 1842 it.

89 1859 169 1903 156.
193 1818 330 1893 {monde
349 1852 488 1903 notat.]
527 1859 558 1890 T
556 1853 621 1903 egit
637 1852 713 1891 duo
734 1852 835 1898 libri,
863 1852 961 1891 unde
983 1852 1077 1890 Terit

31 1903 128 1944 olim*
158 1907 311 1945 faciebat
348 1904 531 1945 Heinfius.
579 1904 718 1942 lumina
746 1904 857 1943 etiam
897 1904 1078 1953 Excerpta

34 1955 205 1996 Douzae.

22 2051 33 2060 Υ
87 2019 169 2055 157.
196 2009 329 2058 spargit
355 2007 457 2057 aquis
483 2007 601 2044 aditus
622 2035 634 2051 ‚
670 2017 715 2047 φ’
731 2020 840 2056 aquae
861 2007 1076 2044 medicamen

20 2055 246 2109 ababebantq
275 2059 365 2097 Duo
395 2067 534 2096 veteres
549 2086 557 2101 ,
585 2070 678 2096 unus
697 2058 871 2097 Vatican.
895 2058 983 2095 alter
1002 2057 1075 2094 Bo-

59 2109 236 2154 onienfis‚
266 2122 310 2149 ca*
328 2123 429 2160 quae.
453 2109 556 2158 lege,
581 2109 639 2156 sed
659 2122 747 2160 quae
777 2109 991 2146 medicamen
1010 2108 1075 2144 ha-

20 2157 168 2199 OEebant.
195 2161 322 2210 Aquas
340 2160 495 2198 lustrales
521 2160 700 2209 intelligit.
731 2161 873 2197 Heius.

21 2219 36 2258 ί
86 2211 166 2257 ῐς8.
195 2212 317 2248 Cruda
340 2210 493 2256 bimestre
515 2211 651 2260 tenet.]
700 2210 812 2247 Solita
833 2210 891 2247 illa
912 2210 1073 2258 plerum-

25 2272 105 2312 ²que
125 2263 218 2301 elixa
238 2263 317 2300 Diis
329 2261 466 2300 offerri.
492 2261 652 2299 Servius:
687 2261 795 2298 Reddi
815 2272 895 2297 exta
917 2260 1077 2297 diceban-

20 2322 110 2358 ἅδην,
138 2327 215 2351 cum
233 2312 377 2363 probata
400 2324 444 2353 &⁶
464 2311 556 2349 elixa
575 2325 657 2349 arae
672 2312 1006 2361 superponebantur.
1038 2313 1076 2348 &

27 2363 137 2410 alibi,
165 2378 251 2414 quae
280 2377 547 2413 nonnumquam
574 2363 699 2400 abluta
721 2391 730 2407 ,
765 2363 858 2400 elixa
878 2364 983 2399 etiam
1004 2361 1075 2410 ipsa

25 2415 275 2453 reddebantur.
330 2415 399 2452 Sed
432 2426 501 2452 nec
535 2414 637 2463 quod
668 2415 784 2463 tangit
823 2413 982 2450 Ovidius
1027 2413 1075 2450 est

33 2475 116 2503 mos
137 2466 329 2503 inauditus.
360 2465 544 2501 Arnobius
564 2465 624 2501 lib.
646 2477 716 2501 vu.
748 2463 994 2512 Averfionzbus
1006 2463 1076 2510 sto-

32 2515 235 2552 machorum
255 2516 403 2551 numina
425 2514 610 2551 laborant?
636 2525 674 2550 ut
694 2514 741 2548 ad
765 2513 963 2562 expellenda
972 2514 1076 2560 fasti-

33 2565 94 2602 dia
109 2565 270 2614 saporum
298 2564 454 2600 varietas
484 2573 699 2614 quaeratur?
727 2573 765 2599 ut
795 2563 891 2598 modo
911 2563 965 2598 his
983 2564 1075 2611 assa,

33 2617 134 2654 modo
153 2615 262 2652 cruda
288 2624 489 2664 ponantur,
521 2614 699 2662 semicoffa
727 2613 826 2650 modo
850 2615 1074 2661 &semicru-

34 2665 108 2704 da?
136 2667 173 2704 δί
193 2667 253 2703 lib.
274 2679 319 2703 11.
346 2671 438 2702 Cum
453 2693 462 2709 ‚
490 2665 631 2702 Romulo
656 2664 879 2715 pompilioque
899 2666 1076 2712 regnanti-

36 2716 98 2754 bus
116 2745 128 2762 ,
171 2719 322 2767 percoc'la
346 2716 451 2765 plane
480 2727 522 2755 (9·
553 2715 697 2752 madida
730 2726 966 2752 cremarentur
987 2716 1076 2751 *Diis

30 2767 119 2806 aicta
132 2796 142 2813 ,
169 2781 280 2805 nonne
305 2774 388 2816 Rege
400 2766 468 2815 sub
487 2765 585 2802 Tullo
596 2766 794 2815 semicruda
808 2765 949 2815 coepistis
969 2777 1013 2806 cy
1030 2768 1074 2803 le-

37 2819 130 2857 viter
160 2819 322 2855 animata
356 2818 521 2867 porrigere
542 2845 552 2861 ,
593 2816 704 2867 prisca
741 2816 970 2866 observatione
999 2831 1076 2854 con-

38 2868 151 2907 temta
169 2879 184 2907 ἒ
222 2870 310 2906 l-loc
341 2878 465 2906 tamen
494 2868 591 2905 sacro
623 2880 692 2905 nec
713 2870 819 2905 cruda
840 2876 930 2915 puto
954 2868 1075 2914 postea

39 2928 120 2957 arae
140 2920 335 2958 cremanda
365 2918 556 2966 imposita3
587 2920 671 2965 quia
693 2918 755 2955 sub
777 2919 838 2955 dio
853 2947 862 2962 ‚
891 2927 930 2955 ut
953 2918 1077 2963 vides,

3 3010 23 3019 ¹,
40 2980 82 3007 ea
102 2970 222 3015 locat,
248 2982 342 3020 quae
363 2981 486 3017 rapere
507 2970 680 3006 volaticas
700 2970 774 3006 illas
797 2969 982 3006 credebat:
1013 2981 1079 3006 un-

39 3019 203 3068 dejubet
219 3050 227 3064 ‚
247 3033 294 3058 ne
314 3020 514 3069 praesentes
536 3028 618 3056 exta
635 3019 846 3068 respiciant;
876 3028 915 3056 ut
942 3020 1079 3068 praeci-

35 3070 94 3119 ‘pit
113 3071 171 3108 ille
193 3072 230 3109 in
256 3071 511 3109 Lemuralibns
538 3069 598 3107 lib.
622 3082 658 3107 v.
702 3070 779 3118 post
807 3069 948 3120 jacium
982 3071 1080 3107 faba-

35 3128 120 3159 '1um
135 3149 145 3166 ,
173 3131 212 3160 ut
230 3123 403 3171 legumen
418 3149 428 3164 ,
456 3120 581 3158 umbra
601 3119 661 3157 fibi
678 3120 740 3168 ipfi
758 3149 767 3165 ‚
792 3121 899 3170 legat.
926 3121 1047 3158 ΝΕΑΡ.

93 3173 174 3219 158.
203 3173 395 3222 Bimestre.]
427 3171 582 3208 Bimatre
602 3172 739 3208 Petavii
761 3171 848 3209 alter
868 3173 905 3209 ὃς
928 3172 1079 3211 Putean.

39 3231 109 3269 pro
130 3223 226 3260 varia
245 3224 417 3262 lectione.
439 3232 535 3272 porco
554 3223 666 3258 etiam
690 3222 836 3270 Regius.

96 3274 174 3309 160.
205 3277 266 3308 Pro
281 3273 430 3323 parvm]
461 3279 525 3310 Pro
536 3283 634 3321 puero
654 3282 736 3310 tres.
755 3272 826 3309 vid.
846 3272 908 3310 lib.
927 3285 974 3310 11.
994 3273 1076 3322 385.

34 3329 153 3373 parva
172 3321 278 3360 datur
297 3326 403 3372 prim.
421 3324 551 3362 Ambr.
572 3324 610 3362 ὃς
635 3323 755 3363 Laeti.
779 3323 852 3362 vid.
873 3336 900 3362 1.
919 3323 1004 3373 388.

1137 1548 1238 1586 chius
1259 1548 1403 1586 vocafle
1423 1549 1600 1598 aruspices
1625 1553 1768 1595 πόλεις
1801 1564 1915 1602 eaque
1935 1564 2102 1591 accurate
2123 1554 2180 1592 so-

1134 1598 1196 1636 lita
1218 1599 1263 1636 ab
1283 1600 1412 1637 iisdem
1436 1600 1573 1649 inspici.
1612 1602 1649 1638 O
1676 1603 1872 1640 insaniam!
1902 1604 1996 1642 bene
2012 1604 2071 1642 ille
2087 1617 2095 1641 :
2112 1611 2179 1642 Oc·

1133 1649 1310 1687 cidebatur
1326 1660 1425 1700 pecus
1438 1678 1450 1696 ,
1476 1661 1516 1688 ut
1537 1652 1628 1701 quod
1647 1653 1777 1690 vivum
1799 1654 1890 1691 nihil
1905 1655 2054 1704 scierat,
2083 1655 2180 1692 divi-

1131 1712 1230 1737 naret
1249 1702 1413 1749 occisum;
1444 1715 1488 1743 (φ
1507 1703 1702 1754 loqueretur
1720 1706 1736 1742 e
1748 1703 1849 1751 fibris
1860 1716 2060 1751 mortuum,
2087 1706 2177 1756 quod

1131 1764 1328 1802 numquam
1348 1754 1501 1790 locutum
1514 1757 1638 1797 fuerat
1658 1768 1724 1793 ore.
1750 1756 1874 1794 NEAP.

1191 1805 1271 1840 162.
1300 1810 1399 1841 Hanc
1410 1804 1571 1842 animam
1592 1804 1728 1855 vobis.]
1758 1806 1882 1845 Alieni
1904 1808 1967 1846 fati
1989 1807 2178 1846 vicariam.

1134 1854 1294 1892 Videtur
1321 1854 1479 1894 alludere
1502 1856 1546 1894 ad
1568 1868 1631 1894 eos
1646 1885 1656 1901 ,
1687 1859 1749 1906 qui
1771 1857 1900 1906 sponte
1926 1867 2088 1896 mortem
2112 1869 2180 1907 pro

1134 1904 1208 1944 alio
1228 1906 1402 1944 obibant:
1429 1907 1577 1946 Graecis
1597 1907 1792 1954 ἀντίψυχα
1811 1909 1910 1947 dicsti.
1940 1910 2064 1947 NEAP.

1187 1958 1268 2006 163.
1299 1957 1490 2008 Prosda]
1545 1959 1662 2004 Sunt,
1691 1971 1785 2008 quae
1806 1960 1917 1998 nostri
1935 1960 2036 1998 aliter
2053 1960 2177 1998 dixere

1130 2007 1322 2056 prosicias,
1351 2010 1389 2046 &
1420 2009 1605 2058 praeficias
1626 2038 1637 2055 ,
1673 2009 1748 2048 five
1781 2010 1956 2059 proflua,
1983 2019 2065 2049 exta
2086 2009 2179 2048 secta

1126 2059 1203 2107 jam
1229 2061 1265 2097 in
1289 2060 1436 2109 exiguas
1457 2061 1619 2099 miculas.
1655 2059 1801 2105 Gloffae
1821 2069 2038 2110 exponunt,
2067 2060 2178 2107 θυμί-

1133 2123 1202 2145 των
1219 2110 1412 2157 ἀπαρχάς.
1441 2112 1582 2150 Festus:
1617 2110 1826 2160 proficiam,
1853 2113 1944 2162 quod
1967 2113 2178 2162 prosecatum

1124 2161 1324 2209 porricitur.
1350 2162 1417 2199 His
1429 2171 1690 2211 opponuntur,
1720 2174 1815 2211 quae
1834 2172 1947 2202 vocat
1968 2163 2178 2209 Arnobius‚

1125 2210 1241 2260 fhlida
1261 2213 1503 2250 animantium
1526 2214 1669 2264 viscera.
1699 2214 1822 2252 NEAP.

1190 2264 1271 2312 163.
1298 2263 1366 2300 Sub
1377 2265 1519 2301 aethera
1533 2264 1667 2314 ponit.]
1694 2265 1838 2302 AEthere
1854 2265 2038 2304 meliores.
2066 2265 2103 2303 ὃς
2126 2265 2178 2302 se-

1133 2315 1261 2362 quenti
1284 2315 1385 2353 versu
1401 2343 1411 2359 ,
1423 2315 1548 2365 quique
1560 2314 1672 2364 sacris
1688 2316 1817 2366 adsunt
1831 2346 1839 2361 ,
1851 2315 1955 2354 Voss.
1976 2316 2175 2354 Helmaest.

1134 2365 1172 2401 &
1204 2364 1262 2402 sex
1292 2366 1383 2409 alii,
1420 2378 1498 2403 non
1527 2366 1657 2414 adsunt
1672 2368 1786 2414 sacris.
1818 2371 1959 2406 Heius.
2012 2365 2080 2403 Sub
2095 2369 2171 2404 a'e'rc

1131 2415 1229 2453 Edit.
1251 2416 1409 2465 Neapol.
1429 2418 1467 2454 δε
1486 2417 1588 2454 aliae.

1187 2467 1268 2512 164.
1298 2466 1500 2516 Respicere]
1532 2468 1687 2515 Respuere
1707 2469 1813 2514 prim.
1837 2467 1975 2505 Farnes.
1991 2465 2170 2515 prospicere

1113 2516 1301 2554 *Ambrofi
1323 2518 1360 2553 δε
1382 2516 1457 2553 duo
1479 2516 1548 2553 alii.
1575 2516 1727 2564 respicere
1748 2528 1829 2554 exta
1854 2517 2021 2555 Beruens.

1185 2567 1267 2611 165.
1295 2565 1483 2615 Janalis.]
1517 2566 1732 2604 insolentius
1761 2570 1834 2605 hoc
1855 2579 2019 2611 nomen,
2048 2577 2171 2615 neque

1130 2628 1358 2665 quemquam
1384 2617 1498 2660 novi,
1525 2618 1588 2666 qui
1616 2629 1634 2654 a
1663 2618 1755 2662 Jano
1778 2619 1950 2664 Janalem
1967 2617 2174 2655 deduxerit.

1130 2668 1166 2704 in
1198 2667 1423 2705 Bononiensi
1450 2675 1526 2705 erat
1546 2695 1556 2711 ,
1587 2668 1736 2716 Najalis.
1768 2669 1862 2706 unde
1894 2668 2041 2712 Masulis
2064 2696 2074 2711 ,
2112 2666 2172 2706 vel

1131 2718 1278 2754 ramulis
1303 2719 1512 2766 conjecerat
1538 2718 1628 2756 olim
1663 2718 1857 2764 Heinsius,
1886 2730 1924 2758 ut
1946 2721 1987 2758 sit
2009 2720 2104 2766 virga
2125 2729 2171 2755 ex

1130 2780 1237 2806 ramo
1257 2769 1392 2806 arboris
1412 2797 1421 2813 ‚
1459 2778 1498 2807 ut
1518 2769 1578 2807 lib.
1601 2781 1688 2807 V111.
1717 2771 1872 2808 Metam.
1893 2774 1976 2818 644·
2016 2768 2171 2806 ramalia

1130 2820 1244 2857 arida.
1263 2821 1300 2857 &
1323 2820 1412 2857 Pers.
1435 2832 1467 2857 v,
1488 2832 1546 2868 59.
1573 2820 1726 2857 ramalia
1749 2822 1823 2870 sagi
1862 2834 1983 2870 neque
2014 2832 2172 2858 movere

1131 2870 1258 2913 debet,
1288 2870 1389 2918 quod
1410 2870 1529 2918 spinae
1560 2871 1660 2908 albae
1688 2873 1748 2908 vix
1772 2873 1860 2909 rami
1882 2874 2014 2921 possint
2039 2871 2172 2914 tribui,

1135 2932 1218 2957 cum
1242 2920 1448 2957 Columella
1470 2921 1530 2958 lib.
1553 2934 1621 2957 vii,
1649 2933 1703 2969 19.
1735 2934 1816 2960 eam
1840 2925 1933 2961 inter
1954 2924 2097 2961 arbores
2117 2933 2173 2958 re-

1136 2971 1276 3007 censeat
1290 2999 1300 3014 ,
1316 2981 1353 3008 ut
1367 2973 1491 3018 pinum
1508 3000 1517 3015 ‚
1536 2972 1641 3009 loton
1658 3001 1668 3016 ,
1691 2972 1892 3022 juniperon
1907 3002 1917 3019 ,
1947 2976 2019 3012 &c.
2048 2981 2086 3008 ut
2100 2971 2172 3008 Sal-

1135 3022 1220 3058 mas.
1243 3022 1399 3058 Exercit.
1421 3021 1561 3059 Pliniar.
1579 3035 1657 3071 pag.
1673 3035 1757 3071 370.
1784 3037 1896 3074 quem
1930 3024 2105 3074 Neapolis
2129 3021 2173 3059 ad

1134 3071 1187 3111 iss.
1207 3083 1284 3119 ¹30·
1301 3072 1535 3118 compilavit,
1557 3073 1723 3111 ostendit.
1743 3075 1803 3112 ubi
1817 3077 1853 3113 δὲ
1868 3076 2029 3114 Graecos
2051 3075 2172 3117 ficiam

1137 3122 1260 3159 dixisse
1272 3123 1437 3160 ostendit.
1452 3124 1813 3163 vidNicandssher.
1828 3126 1912 3164 861.
1927 3129 1962 3164 ὃ(
1985 3129 2029 3164 ibi
2054 3121 2173 3160 Schol.

1138 3184 1181 3210 an
1197 3174 1289 3210 forte
1306 3174 1390 3210 hinc
1404 3174 1500 3211 Naso
1513 3175 1708 3212 ramnalcm
1723 3178 1934 3215 formaverit
1949 3176 1964 3214 ?
1978 3179 2037 3214 vix
2051 3183 2176 3210 tamen

1136 3223 1258 3260 credo.
1286 3223 1416 3261 Bunm.

1187 3276 1265 3321 πῶς.
1295 3280 1346 3310 De
1360 3275 1459 3322 spina
1475 3276 1626 3319 sumitur
1644 3276 1759 3325 allum]
1789 3277 2067 3313 Ponituralbain
2082 3286 2177 3311 non-

1132 3325 1396 3364 nauisNauo.
1424 3332 1570 3364 Ponitur
1588 3327 1893 3366 [irond.Voil&
1919 3328 2177 3375 plurimiprac-
2208 3357 2212 3361 Α

1308 3376 1398 3413 Bbb
1429 3387 1450 3411 2
2079 3383 2179 3412 tctea
