2495 3675
437 165 1117 244 FASTOR

1189 175 1388 233 UM
1497 180 1689 241 L113.
1777 187 1847 244 V.
2124 205 2225 255 323

363 288 614 362 Frigidus
640 283 890 357 Argestes
914 281 1140 337 summas
1165 278 1423 335 mulcebit
1450 280 1626 336 aristas
1642 322 1660 347 ,

433 359 790 430 Candidaque
814 358 844 412 a
868 353 1105 409 Calabris
1132 352 1247 406 vela
1272 351 1541 408 dabuntur
1564 356 1730 427 aquis.

357 438 436 493 At
461 434 612 490 fimul
635 430 896 486 inducunt
924 426 1145 480 obscura
1168 426 1474 497 crepuscula
1500 428 1745 491 no6tem3

431 508 556 564 Pars
585 503 845 577 Hyadum
873 511 992 553 toto
1019 498 1089 552 de
1113 514 1278 570 grege
1310 501 1449 554 nulla
1473 500 1617 555 latet.

220 589 317 654 165
357 582 470 640 Ora
495 581 691 635 micant
714 572 884 628 Tauri
908 571 1111 644 septem
1136 572 1393 626 radiantia
1419 571 1672 637 flammiS,

434 653 654 712 Navita,
692 664 820 720 quas
847 643 1070 715 Hyadas
1107 643 1301 716 Grajus
1324 645 1387 699 ab
1412 645 1582 701 imbre
1608 660 1784 703 vocat.

360 729 487 785 Pars
510 720 785 778 Bacchum
808 717 1024 773 nutriffe
1046 729 1224 790 putat:
1265 735 1382 788 pars
1407 720 1638 774 credidit
1667 721 1772 776 effe

430 795 679 866 Tethyos
705 793 796 848 has
822 804 1038 862 nepteS,
1074 790 1393 863 Oceanique
1424 790 1572 846 senis.

362 870 626 928 Nondum
652 866 814 921 stabat
855 864 1034 928 AtlaS,
1073 865 1324 918 humeros
1350 877 1598 919 oneratus
1625 865 1893 938 Olympo;

223 966 321 1015 170

431 944 577 998 Cum
603 940 740 995 satus
766 938 841 993 est
861 936 1037 991 forma
1062 936 1470 1008 conspiciendus
1500 936 1666 1009 Hyas

362 1016 534 1075 Hunc
562 1014 710 1086 stirps
735 1010 942 1082 Oceani
966 1011 1184 1065 maturis
1210 1009 1400 1064 nisibus
1429 1009 1626 1086 AEthra*

437 1087 657 1157 Edidit,
696 1085 750 1141 &
776 1082 1078 1159 Nymphas:
1116 1082 1206 1139 sed
1235 1083 1381 1156 prior
1407 1096 1555 1139 ortus
1581 1084 1749 1157 Hyas

137 1358 222 1398 160.
249 1354 363 1394 Tollet
381 1350 514 1404 equis.]
555 1350 661 1389 Tollit
680 1349 867 1388 meliores.
879 1347 918 1387 &
935 1347 1108 1386 inducunt
1120 1375 1132 1393 ,

78 1420 146 1461 pro
166 1408 334 1448 inducent
347 1434 357 1450 ,
377 1405 488 1454 paulo
498 1403 590 1452 post.
615 1402 762 1440 Hiems.

137 1463 219 1500 161.
246 1457 405 1507 Frigidus
427 1452 625 1503 Argestes.]
664 1453 723 1491 Sic
739 1449 963 1507 legendum,
991 1460 1069 1507 non
1090 1460 1133 1491 ut

79 1512 232 1553 ridicule
252 1520 340 1547 cum
358 1504 483 1544 Marso
501 1532 513 1550 ,
540 1503 705 1554 Agrestis.
758 1503 824 1539 Tu
847 1499 932 1538 v1de
953 1500 1044 1549 quid
1065 1500 1132 1539 bo-

79 1566 120 1604 ni
138 1575 184 1602 ex
203 1563 273 1599 hac
291 1558 455 1598 lenione
476 1555 584 1605 poffit
602 1553 685 1592 elici
703 1558 845 1602 praeter
863 1562 989 1600 nugas.
1016 1551 1133 1592 Hunc

80 1623 239 1653 ventum
268 1610 388 1649 scribit
408 1607 544 1646 Plinius
571 1605 632 1643 lib.
652 1615 793 1642 xxxnr.
819 1601 905 1640 flare
924 1601 969 1639 ab
1000 1603 1133 1644 occasu

80 1663 252 1705 solstitiali
273 1689 285 1706 ‚
331 1658 391 1698 sed
429 1655 653 1695 occidentali
677 1655 791 1693 latere
826 1652 1129 1701 Septemtrionis:

81 1717 170 1756 ideo
189 1711 348 1762 frigidus.
375 1706 552 1758 Ejusdem
574 1706 749 1744 meminit
763 1704 826 1744 lib.
845 1717 893 1743 11.
920 1703 982 1742 Ab
1001 1707 1132 1755 occasu,

85 1765 228 1817 inquit,
250 1757 491 1811 aequinoctiali
515 1756 718 1801 Favonius,
744 1756 789 1794 ab
816 1755 933 1804 occasu
954 1754 1131 1804 fhlsticiali

84 1817 221 1856 Chorus
242 1843 252 1860 ‚
290 1811 487 1864 Zephyrum
503 1821 547 1851 ey·
567 1807 746 1858 Argeflem
767 1817 910 1845 vocant.
954 1807 1132 1847 Aristote-

82 1869 135 1907 les
157 1867 238 1914 περὶ
256 1867 417 1910 Κόσμον·
465 1860 643 1907 Ἀργέςης
670 1862 757 1906 μὲν,
787 1858 804 1895 ὁ
825 1858 900 1896 ἀπὸ
924 1859 989 1901 τῆς
1010 1860 1133 1906 θερινῆς

83 1918 235 1964 δύσεως,
260 1916 294 1954 ἵν
312 1927 402 1958 τινες
422 1914 589 1950 καλοῦσιν
609 1911 835 1956 Ὀλυμπίαν·
855 1911 887 1947 οἱ
897 1909 939 1946 δὲ
958 1909 1134 1957 Ἰάπυγα,

85 1971 191 2009 Idem
215 1979 303 2018 ergo
323 1965 521 2014 Olympias
542 1992 553 2009 ‚
582 1961 773 2012 Argestes,
807 1962 929 2018 Japyx
957 1961 1007 1999 &ae
1025 1963 1130 2002 Cho.

83 2033 163 2066 rus,
188 2023 268 2058 imo
291 2018 330 2056 δί
349 2017 531 2054 Chautus.
555 2013 750 2052 Vitruvius
769 2013 831 2052 lib.
853 2025 975 2063 prlmo
995 2025 1073 2063 cap.
1095 2015 1130 2053 6.

85 2079 181 2110 Inter
204 2067 426 2108 Faunonium
457 2075 501 2106 (9'
530 2065 808 2115 septemtrionem
839 2064 998 2110 Chorus,
1027 2079 1131 2113 quem

79 2122 195 2174 plures
223 2129 353 2157 vocant
381 2116 580 2155 Chaurum.
613 2116 713 2153 hunc
745 2114 958 2154 Aristoteles
986 2116 1132 2155 videtur

84 2173 282 2213 adscribere
304 2172 342 2208 in
364 2179 563 2208 numerum
596 2168 666 2203 τῶν
684 2165 859 2212 ἷθκγενῶν.
898 2177 987 2203 ecce
1009 2168 1045 2204 in
1063 2168 1135 2206 his:

85 2225 243 2271 Ζέφυρος
263 2221 304 2258 δὲ
322 2221 383 2259 ὅτε
402 2218 560 2266 ἰθαγενὴς
572 2245 582 2263 ,
596 2218 659 2256 καὶ
679 2218 695 2256 ὁ
716 2216 889 2264 'Ap-sicne
906 2218 1134 2264 καλούμενος.

125 2286 262 2314 uapor..

83 2276 220 2366 N161.
248 2322 419 2362 Mulcebit
435 2319 598 2370 aristas]
652 2319 867 2370 Elegantior
899 2320 989 2358 mihi
1021 2319 1133 2358 leffio

85 2377 288 2416 Sarraviani
311 2377 349 2413 8<
369 2383 522 2423 quatum
546 2372 704 2410 aliorum
728 2372 927 2415 codicum,
956 2370 1134 2419 miscebit,

86 2429 242 2466 videtur.
280 2425 531 2463 concutiendo
560 2424 663 2461 enim
695 2422 821 2461 miscet
849 2422 978 2461 aristas.
1002 2422 1132 2460 eadem

87 2479 239 2516 varietas
258 2476 321 2514 lib.
340 2488 367 2512 1.
390 2486 472 2523 ¹55.
498 2474 629 2511 Bam.

146 2529 226 2566 162.
254 2524 486 2573 Candidaque
504 2522 528 2558 21
553 2521 730 2571 Capreis]
783 2522 845 2559 An
867 2523 989 2571 potius
1008 2522 1138 2572 legen-

89 2580 201 2622 dum,
229 2584 270 2615 ut
295 2577 334 2613 in
354 2587 442 2611 meo
473 2573 623 2610 infimae
648 2572 830 2609 vetustatis
854 2600 865 2616 ‚
901 2572 927 2609 ὰ
947 2572 1137 2611 Calabris?

88 2632 215 2670 NEAP.
253 2625 392 2676 Capreis
413 2625 560 2672 plurimi
582 2624 709 2671 scripti.
731 2622 790 2660 sed
812 2633 970 2670 paucae,
1000 2624 1135 2666 credo,

89 2681 111 2721 a
140 2680 290 2729 Capreis
308 2676 519 2718 solvebant,
548 2685 631 2711 curn
654 2672 674 2711 ὲ
700 2673 930 2711 Brundufino
950 2684 1060 2722 pqrtu
1080 2676 1138 2712 in-

88 2742 267 2773 numerae
286 2738 397 2766 naves
420 2727 574 2764 exirent.
604 2725 629 2761 a
653 2725 779 2773 campis
805 2724 976 2762 Francos.
999 2726 1037 2762 ὅτ
1065 2734 1137 2763 tres

90 2785 162 2824 alii.
192 2782 217 2820 a
236 2780 330 2818 canis
352 2787 434 2816 tres.
466 2775 617 2814 candida
643 2789 713 2825 qua
735 2781 829 2813 canis
848 2775 971 2813 Vatic.
992 2788 1047 2824 pr.
1076 2776 1137 2814 sed

91 2833 262 2874 Calabras
282 2842 392 2880 aquas
417 2840 484 2877 pro
514 2829 808 2876 quibuscumque
841 2825 861 2863 a
901 2826 1017 2864 Poe'ta
1045 2829 1138 2876 poni

93 2894 234 2925 certum
267 2882 329 2920 est.
359 2888 397 2918 ut
418 2878 564 2916 Calabri
582 2887 699 2925 pertus
720 2878 862 2914 Lucan.
884 2888 919 2913 V.
939 2877 1022 2925 589.
1051 2878 1139 2916 Stat.

92 2934 217 2976 Theb.
238 2944 373 2972 111.22.
396 2929 551 2967 Calabra
571 2929 685 2967 alnas..
707 2927 753 2965 sic
776 2930 813 2965 &
829 2927 981 2965 siculam
998 2940 1139 2976 aequor,

93 2994 275 3037 Myrtoum
289 2985 326 3021 ὅ(
339 2981 478 3020 fimilia.
512 2981 589 3016 Sua
598 2993 639 3017 M.

150 3040 232 3086 163.
260 3040 315 3072 At
328 3032 436 3082 simul
462 3030 666 3080 inducent]
697 3028 776 3067 Hic
788 3029 945 3073 Noster,
972 3029 1023 3068 sui
1046 3030 1138 3068 obli-

95 3099 152 3129 tus
166 3118 175 3132 ‚
202 3086 320 3136 posuit
339 3085 455 3122 statim
482 3082 558 3129 post
580 3080 663 3118 solis
684 3081 855 3118 occasum
878 3081 1056 3130 Hyadum
1079 3093 1139 3119 or-

95 3149 175 3179 tum
190 3152 199 3176 :
213 3137 361 3175 scribere
372 3131 547 3171 debuisset
562 3159 571 3175 ‚
585 3133 821 3169 matutinum.
847 3131 985 3169 Plinius
1006 3144 1056 3169 vx.
1069 3139 1138 3169 No-

101 3203 164 3228 nas
194 3188 287 3233 Maji
317 3185 457 3229 Caesari
489 3182 632 3219 Suculae
663 3194 837 3219 'matutino
867 3184 1029 3219 oriuntur
1052 3211 1062 3227 ‚
1097 3193 1142 3222 <9⁶

102 3252 192 3276 vm.
226 3238 301 3274 Idus
327 3235 468 3285 Capella
484 3235 666 3284 pluvialis.
700 3233 821 3270 Ainus
841 3262 850 3277 ,
877 3233 961 3271 licet
984 3247 1060 3271 uno
1082 3235 1140 3271 die

105 3300 227 3328 ortum
256 3288 457 3333 anticipet:
487 3287 575 3324 Mami
596 3280 812 3330 Ἀρτεμισίῳ
844 3285 864 3321 <2¹
882 3283 937 3327 ὲςι
963 3289 1062 3332 Μκιῳ
1092 3288 1139 3330 a,

103 3339 234 3382 Ὑάδες
260 3337 336 3383 ἅμα
355 3338 457 3380 ἡλίου
479 3335 637 3382 ἀνατολῇ
658 3337 904 3375 ἐπιτέλλουσᾱ.
934 3336 1058 3375 NEAP.

2077 1208 2226 1266 Dum

1244 1346 1326 1395 163.
1355 1347 1570 1398 Μίκωνα]
1611 1347 1793 1386 Jnduerint
1816 1347 2008 1397 Junianus.
2024 1347 2070 1388 de
2089 1360 2167 1398 quo
2186 1348 2231 1388 ad

1188 1396 1313 1436 Valer.
1333 1398 1429 1436 Flac.
1450 1411 1514 1436 111.
1533 1411 1566 1435 2.
1597 1402 1752 1447 egimuS.

1244 1448 1326 1497 163.
1352 1448 1503 1496 Obscura
1520 1450 1750 1500 crepuscula]
1789 1449 1891 1499 Quid
1913 1449 1954 1488 fit
1975 1449 2231 1500 crepusculum,

1188 1499 1387 1537 confutatis
1407 1509 1591 1539 certorum
1611 1502 1809 1540 hominum
1826 1501 1915 1539 fallis
1932 1501 2136 1546 sententiis,
2162 1501 2232 1540 do-

1188 1550 1248 1586 cui
1268 1550 1303 1586 in
1327 1549 1469 1589 scholiis
1490 1552 1528 1589 in
1542 1552 1739 1601 Epistolam
1758 1555 1802 1591 ad
1826 1554 2034 1601 Lynceum.
2063 1553 2235 1591 Cxofax.

1188 1602 1372 1637 Nocturna
1389 1603 1580 1652 crepuscula
1602 1614 1692 1641 unus
1715 1603 1857 1641 Heinsii
1874 1604 1913 1640 &
1936 1604 2067 1651 viginti
2084 1604 2157 1641 alii.

1243 1654 1324 1700 165.
1354 1651 1564 1704 Flammis.]
1594 1654 1708 1691 stellis
1726 1654 1801 1692 duo
1823 1654 1902 1692 libri
1923 1656 1961 1692 ὃ(
1983 1654 2183 1692 ssernenfis.

1243 1702 1322 1741 166.
1353 1704 1492 1740 Navita
1511 1718 1598 1754 quas
1617 1705 1760 1754 Hyadas
1775 1706 1904 1754 Grajus
1915 1705 1958 1741 ab
1979 1703 2086 1741 imbre
2097 1703 2231 1755 vocat]

1187 1752 1287 1791 Vide
1309 1765 1405 1804 quae
1424 1756 1554 1792 notavi
1572 1755 1734 1794 lib.x111.
1754 1755 2048 1804 Metamorphos.
2066 1755 2236 1794 Cronia.

1186 1804 1311 1842 Nostri
1334 1805 1478 1842 suculas
1496 1833 1506 1850 ,
1535 1806 1669 1845 Graeci
1696 1806 1717 1844 a
1739 1805 1863 1854 pluvi-31
1882 1806 2076 1855 appellant.
2121 1806 2232 1856 Tyro

1187 1855 1359 1894 Libertus
1388 1856 1484 1906 apud
1506 1857 1647 1895 Nocies
1670 1859 1808 1896 Atticas
1840 1857 1899 1895 lib.
1919 1869 2009 1895 xm.
2035 1868 2113 1906 cap.
2134 1868 2169 1905 9.
2199 1859 2238 1895 in

1185 1919 1263 1957 quo
1296 1907 1346 1945 A.
1364 1907 1505 1946 Gellius
1527 1907 1816 1954 ἄνκςρολσγητόυ
1838 1908 1872 1946 se
1895 1908 1954 1946 vel
1975 1919 2090 1956 puero
2113 1907 2237 1946 osten-

1185 1958 1251 1996 dit.
1284 1957 1409 2004 Adeo,
1436 1960 1581 2008 inquit,
1609 1971 1738 1999 veteres
1767 1960 1915 1996 Romani
1937 1959 2072 1996 litteras
2090 1963 2240 1996 Graecas

1187 2007 1408 2055 nesciverunt
1430 2039 1441 2054 ,
1478 2022 1523 2051 (y
1543 2011 1644 2048 rudes
1660 2015 1810 2047 Graecae
1838 2010 1975 2059 linguae
1998 2012 2170 2057 fuerunt,
2199 2020 2240 2047 ut

1179 2060 1318 2107 stellas,
1346 2074 1434 2110 quae
1451 2063 1488 2098 in
1510 2063 1616 2110 capite
1637 2063 1744 2098 Tauri
1765 2064 1852 2110 sunt
1867 2089 1877 2105 ,
1903 2070 2074 2110 propterea
2093 2059 2237 2097 suculas

1187 2110 1394 2161 appellarint
1415 2139 1426 2157 ‚
1464 2113 1554 2160 quod
1571 2126 1627 2149 eas
1644 2111 1782 2154 ’Τάδκς
1819 2114 1942 2148 Graeci
1962 2122 2111 2155 vocant5
2141 2121 2238 2148 tam-

1187 2175 1295 2212 quam
1313 2161 1352 2199 id
1380 2161 1527 2200 verbum
1550 2162 1720 2200 Latinum
1749 2163 1873 2200 Graeci
1899 2162 1999 2199 verbi
2026 2163 2234 2212 interpreta-

1187 2223 1346 2250 mentum
1364 2211 1409 2262 βε
1424 2230 1434 2250 .·
1463 2214 1547 2262 quia
1575 2219 1701 2252 Graece
1716 2207 1796 2258 ὗες,
1817 2213 1896 2262 sues
1919 2212 2043 2251 Latine
2061 2213 2240 2251 dicantur.

1187 2264 1254 2302 Sed
1276 2262 1429 2308 Ὑάδες,
1457 2265 1574 2314 inquit
1588 2293 1599 2309 ,
1627 2265 1687 2302 οὐκ
1710 2264 1786 2303 ἀπὸ
1807 2267 1876 2301 τῶν
1892 2263 1957 2301 ὑῶν
1970 2292 1981 2309 ,
2007 2264 2061 2302 ita
2084 2274 2123 2300 ut
2134 2263 2238 2310 nostri

1187 2315 1271 2364 opici
1282 2324 1503 2365 putaverunt
1516 2344 1525 2359 ‚
1547 2316 1608 2364 sed
1618 2316 1662 2353 ab
1681 2329 1715 2353 eo
1737 2315 1827 2365 quod
1845 2315 1888 2363 est
1907 2314 1974 2351 ὕειν
1987 2314 2238 2364 ,appellantur.·

1191 2379 1276 2404 nam
1297 2377 1342 2406 Θ·
1371 2380 1449 2404 cum
1475 2366 1661 2413 oriuntur,
1689 2378 1732 2407 ω’
1753 2380 1829 2403 cum
1852 2367 2035 2409 occidunt,
2061 2364 2237 2413 tempesta-

1191 2428 1264 2462 tes,
1288 2417 1430 2467 pluvias
1461 2417 1636 2466 largosque
1660 2417 1782 2454 imbres
1805 2416 1907 2455 cient.
1960 2416 2065 2453 Haec
2086 2414 2238 2463 quidem

1194 2469 1317 2518 Tyro.
1344 2468 1443 2506 unde
1462 2468 1593 2505 Statius
1616 2469 1652 2505 in
1677 2468 1781 2505 Silvis
1802 2467 1847 2504 de
1868 2468 1943 2504 hoc
1964 2465 2100 2504 fidere:

1245 2534 1328 2564 Non
1343 2528 1455 2564 tantis
1478 2534 1570 2575 Hyas
1589 2528 1744 2571 inserena
1766 2527 1893 2565 nimbis

1247 2583 1369 2614 Terras
1390 2578 1501 2615 obruit
1515 2605 1525 2622 ‚
1554 2587 1616 2614 aut
1631 2577 1746 2627 soluta
1760 2578 1885 2617 Pleias.

1195 2628 1373 2665 NEAPOL.

1246 2680 1328 2724 167.
1357 2685 1445 2716 Pars
1468 2678 1639 2716 Bacchum
1661 2679 1800 2729 nutriffe
1814 2679 1954 2730 patah]
1985 2681 2040 2720 Ex
2059 2682 2242 2732 pherecy&

1193 2728 1239 2766 de
1266 2730 1305 2766 ὅ(
1331 2729 1404 2768 aliis
1425 2729 1512 2768 vide
1537 2730 1639 2779 quod
1671 2732 1774 2769 restat
1806 2733 1960 2781 mythici
1987 2733 2084 2781 apud
2120 2734 2243 2783 Hygi-

1193 2792 1283 2818 num
1308 2781 1523 2819 Fabuiarum
1547 2784 1664 2830 capite
1699 2794 1823 2821 CXCH.
1849 2783 1953 2821 illurn
1980 2784 2090 2822 nostri
2110 2785 2242 2824 Ovidii

1194 2833 1383 2869 intimum.
1404 2832 1520 2870 scribit
1531 2833 1576 2870 de
1590 2845 1636 2870 eo
1650 2834 1846 2872 Suetonius
1857 2835 1892 2871 in
1903 2835 2027 2872 libello
2040 2835 2085 2872 de
2099 2835 2243 2874 illustri-

1195 2881 1259 2919 bus
1280 2884 1538 2920 Grammaticis
1560 2897 1568 2921 ε
1607 2885 1764 2931 praefuit
1784 2885 1970 2922 Palatinae
2003 2884 2242 2925 bibliothecae:

1196 2945 1255 2968 nec
1274 2946 1308 2969 eo
1323 2933 1433 2982 secius
1451 2934 1614 2982 plurimos
1634 2935 1747 2971 docuit
1764 2950 1773 2971 :
1795 2937 1936 2984 fuitque
1948 2937 2245 2984 familiariffimus

1196 2983 1325 3020 ovidio
1368 2987 1491 3020 Po‘e‘tae
1526 2996 1568 3023 ω’
1602 2990 1644 3022 C.
1685 2985 1812 3023 Licinio
1844 2986 2028 3035 Confitlari
2059 2989 2241 3035 Historico:

1196 3036 1256 3082 qui
1281 3048 1359 3070 eum
1381 3035 1572 3072 admodum
1600 3046 1779 3086 pauperem
1805 3037 1953 3086 deceffiffe
1972 3038 2085 3076 tradit
2099 3067 2109 3083 ,
2137 3050 2180 3077 ey
2198 3038 2242 3075 li-

1196 3084 1378 3122 beralitate
1392 3086 1460 3134 [μά
1476 3114 1484 3129 ,
1513 3087 1627 3137 quoad
1649 3087 1745 3125 vixit
1761 3116 1771 3133 ‚
1792 3088 2036 3136 sustentatum.
2065 3090 2241 3128 Nestor.

1194 3140 1332 3172 Putant
1360 3146 1501 3176 veteres
1525 3138 1720 3177 nonnullii.
1742 3139 1936 3178 venustius.
1966 3152 2079 3184 mox,
2103 3137 2242 3187 nifibus,

1196 3197 1263 3233 pro
1277 3186 1417 3225 nixibus
1428 3217 1437 3233 ‚
1454 3188 1561 3237 prim.
1586 3189 1728 3228 Fames.
1742 3192 1850 3238 prim.
1865 3190 2034 3228 Ambros.
2054 3192 2090 3228 &
2105 3190 2162 3227 sex
2173 3190 2244 3226 alii.

1197 3236 1295 3275 Vide
1315 3247 1419 3276 notas
1440 3239 1485 3277 ad
1517 3240 1625 3286 Epist.
1646 3252 1699 3277 ιν.
1719 3241 1775 3284 yls.
1802 3242 1878 3278 126.
1907 3243 1945 3278 &
1973 3240 2104 3277 deinde
2135 3239 2178 3275 τὸ
2199 3238 2242 3283 est

1197 3288 1272 3335 post
1295 3288 1420 3337 lanugo
1442 3290 1613 3328 meliores
1642 3302 1718 3328 non
1745 3291 1956 3339 agnoscunt.
1986 3291 2128 3326 Ηειιςς,
2158 3294 2244 3324 Ma-

1197 3338 1303 3376 ternis
1324 3340 1657 3391 Moreti.menfibus
1672 3342 1825 3381 Sarravii
1847 3341 2034 3388 &septeni
2048 3340 2118 3377 alii.
2146 3337 2247 3426 κεί-ἱ·

1376 3391 1425 3429 Ss
1452 3403 1474 3429 2
2208 3401 2248 3428 us
