<?xml version="1.0" encoding="UTF-8"?>
<!DOCTYPE html PUBLIC "-//W3C//DTD XHTML 1.0 Transitional//EN"
    "http://www.w3.org/TR/xhtml1/DTD/xhtml1-transitional.dtd">
<html xmlns="http://www.w3.org/1999/xhtml" xml:lang="en" lang="en">
 <head>
  <title>
</title>
<meta http-equiv="Content-Type" content="text/html;charset=utf-8" />
  <meta name='ocr-system' content='tesseract 3.04.00' />
  <meta name='ocr-capabilities' content='ocr_page ocr_carea ocr_par ocr_line ocrx_word'/>
</head>
<body>
  <div class='ocr_page' id='page_1' title='image "./publiiovidiinaso03ovid_0315.png"; bbox 0 0 2495 3675; ppageno 0'>
   <div class='ocr_carea' id='block_1_1' title="bbox 376 193 1624 258">
    <p class='ocr_par' dir='ltr' id='par_1_1' title="bbox 376 193 1624 258">
     <span class='ocr_line' id='line_1_1' title="bbox 376 193 1624 258; baseline -0.003 -1"><span class='ocrx_word' id='word_1_1' title='bbox 376 193 1320 258; x_wconf 84' lang='lat' dir='ltr'>FASTORUM</span> <span class='ocrx_word' id='word_1_2' title='bbox 1432 194 1624 254; x_wconf 74' lang='lat' dir='ltr'>LIB.</span> 
     </span>
    </p>
   </div>
   <div class='ocr_carea' id='block_1_2' title="bbox 1700 198 1806 257">
    <p class='ocr_par' dir='ltr' id='par_1_2' title="bbox 1700 198 1806 257">
     <span class='ocr_line' id='line_1_2' title="bbox 1700 198 1806 257; baseline 0.009 -2"><span class='ocrx_word' id='word_1_3' title='bbox 1700 198 1806 257; x_wconf 88' lang='lat' dir='ltr'>IV.</span> 
     </span>
    </p>
   </div>
   <div class='ocr_carea' id='block_1_3' title="bbox 327 309 1568 387">
    <p class='ocr_par' dir='ltr' id='par_1_3' title="bbox 327 309 1568 387">
     <span class='ocr_line' id='line_1_3' title="bbox 327 309 1568 387; baseline -0.002 -18"><span class='ocrx_word' id='word_1_4' title='bbox 327 313 442 370; x_wconf 85' lang='lat' dir='ltr'>Cur</span> <span class='ocrx_word' id='word_1_5' title='bbox 466 315 629 387; x_wconf 85' lang='lat' dir='ltr'>igitur</span> <span class='ocrx_word' id='word_1_6' title='bbox 655 314 884 372; x_wconf 88' lang='lat' dir='ltr'>Veneris</span> <span class='ocrx_word' id='word_1_7' title='bbox 909 312 1101 368; x_wconf 88' lang='lat' dir='ltr'>festum</span> <span class='ocrx_word' id='word_1_8' title='bbox 1124 309 1335 367; x_wconf 86' lang='lat' dir='ltr'>Vinalia</span> <span class='ocrx_word' id='word_1_9' title='bbox 1362 310 1568 376; x_wconf 86' lang='lat' dir='ltr'>dicant,</span> 
     </span>
    </p>
   </div>
   <div class='ocr_carea' id='block_1_4' title="bbox 398 385 1070 462">
    <p class='ocr_par' dir='ltr' id='par_1_4' title="bbox 398 385 1070 462">
     <span class='ocr_line' id='line_1_4' title="bbox 398 385 1070 462; baseline -0.009 -19"><span class='ocrx_word' id='word_1_10' title='bbox 398 389 698 462; x_wconf 85' lang='lat' dir='ltr'>Quaeritis;</span> <span class='ocrx_word' id='word_1_11' title='bbox 742 387 798 440; x_wconf 86' lang='lat'>&amp;</span> <span class='ocrx_word' id='word_1_12' title='bbox 821 402 984 458; x_wconf 87' lang='lat' dir='ltr'>quare</span> <span class='ocrx_word' id='word_1_13' title='bbox 1012 385 1070 438; x_wconf 84' lang='lat' dir='ltr'>fit</span> 
     </span>
    </p>
   </div>
   <div class='ocr_carea' id='block_1_5' title="bbox 1088 382 1521 454">
    <p class='ocr_par' dir='ltr' id='par_1_5' title="bbox 1088 382 1521 454">
     <span class='ocr_line' id='line_1_5' title="bbox 1088 382 1521 454; baseline 0.002 -17"><span class='ocrx_word' id='word_1_14' title='bbox 1088 383 1236 454; x_wconf 88' lang='lat' dir='ltr'>Jovis</span> <span class='ocrx_word' id='word_1_15' title='bbox 1259 382 1349 438; x_wconf 89' lang='lat' dir='ltr'>ista</span> <span class='ocrx_word' id='word_1_16' title='bbox 1376 383 1521 439; x_wconf 86' lang='lat' dir='ltr'>dies?</span> 
     </span>
    </p>
   </div>
   <div class='ocr_carea' id='block_1_6' title="bbox 320 455 1746 525">
    <p class='ocr_par' dir='ltr' id='par_1_6' title="bbox 320 455 1746 525">
     <span class='ocr_line' id='line_1_6' title="bbox 320 455 1746 525; baseline -0.001 -9"><span class='ocrx_word' id='word_1_17' title='bbox 320 459 572 524; x_wconf 79' lang='lat' dir='ltr'>TurnuS,</span> <span class='ocrx_word' id='word_1_18' title='bbox 611 479 676 515; x_wconf 89' lang='lat' dir='ltr'>an</span> <span class='ocrx_word' id='word_1_19' title='bbox 700 458 898 513; x_wconf 86' lang='lat' dir='ltr'>AEneas</span> <span class='ocrx_word' id='word_1_20' title='bbox 925 457 1111 510; x_wconf 84' lang='lat' dir='ltr'>Latiae</span> <span class='ocrx_word' id='word_1_21' title='bbox 1137 473 1300 525; x_wconf 84' lang='lat' dir='ltr'>gener</span> <span class='ocrx_word' id='word_1_22' title='bbox 1332 455 1459 512; x_wconf 83' lang='lat' dir='ltr'>effet</span> <span class='ocrx_word' id='word_1_23' title='bbox 1491 459 1746 521; x_wconf 87' lang='lat' dir='ltr'>Amatae,</span> 
     </span>
    </p>
   </div>
   <div class='ocr_carea' id='block_1_7' title="bbox 178 529 279 585">
    <p class='ocr_par' dir='ltr' id='par_1_7' title="bbox 178 529 279 585">
     <span class='ocr_line' id='line_1_7' title="bbox 178 529 279 585; baseline -0.01 0"><span class='ocrx_word' id='word_1_24' title='bbox 178 529 279 585; x_wconf 85' lang='lat'>880</span> 
     </span>
    </p>
   </div>
   <div class='ocr_carea' id='block_1_8' title="bbox 394 529 1771 612">
    <p class='ocr_par' dir='ltr' id='par_1_8' title="bbox 394 529 1771 612">
     <span class='ocr_line' id='line_1_8' title="bbox 394 529 1771 612; baseline -0.001 -23"><span class='ocrx_word' id='word_1_25' title='bbox 394 534 601 588; x_wconf 82' lang='lat' dir='ltr'>Bellum</span> <span class='ocrx_word' id='word_1_26' title='bbox 628 544 754 587; x_wconf 87' lang='lat' dir='ltr'>erat.</span> <span class='ocrx_word' id='word_1_27' title='bbox 820 529 1112 583; x_wconf 85' lang='lat' dir='ltr'>Hetruscas</span> <span class='ocrx_word' id='word_1_28' title='bbox 1135 529 1356 583; x_wconf 87' lang='lat' dir='ltr'>Turnus</span> <span class='ocrx_word' id='word_1_29' title='bbox 1382 530 1600 612; x_wconf 79' lang='lat' dir='ltr'>adoptat</span> <span class='ocrx_word' id='word_1_30' title='bbox 1625 551 1771 605; x_wconf 73' lang='lat' dir='ltr'>opes,</span> 
     </span>
    </p>
   </div>
   <div class='ocr_carea' id='block_1_9' title="bbox 176 600 1742 1039">
    <p class='ocr_par' dir='ltr' id='par_1_9' title="bbox 176 600 1742 1039">
     <span class='ocr_line' id='line_1_9' title="bbox 315 600 1727 673; baseline 0 -12"><span class='ocrx_word' id='word_1_31' title='bbox 315 605 503 662; x_wconf 79' lang='lat' dir='ltr'>Clarus</span> <span class='ocrx_word' id='word_1_32' title='bbox 531 612 674 667; x_wconf 81' lang='lat' dir='ltr'>erat,</span> <span class='ocrx_word' id='word_1_33' title='bbox 713 601 1003 673; x_wconf 81' lang='lat' dir='ltr'>sumtisque</span> <span class='ocrx_word' id='word_1_34' title='bbox 1029 601 1184 656; x_wconf 83' lang='lat' dir='ltr'>ferox</span> <span class='ocrx_word' id='word_1_35' title='bbox 1211 600 1519 658; x_wconf 79' lang='lat' dir='ltr'>Mezentius</span> <span class='ocrx_word' id='word_1_36' title='bbox 1546 608 1727 661; x_wconf 89' lang='lat' dir='ltr'>armis:</span> 
     </span>
     <span class='ocr_line' id='line_1_10' title="bbox 388 674 1650 748; baseline -0.001 -15"><span class='ocrx_word' id='word_1_37' title='bbox 388 680 462 733; x_wconf 80' lang='lat' dir='ltr'>Er</span> <span class='ocrx_word' id='word_1_38' title='bbox 485 679 571 732; x_wconf 89' lang='lat' dir='ltr'>vel</span> <span class='ocrx_word' id='word_1_39' title='bbox 601 694 744 748; x_wconf 89' lang='lat' dir='ltr'>equo</span> <span class='ocrx_word' id='word_1_40' title='bbox 772 691 990 745; x_wconf 82' lang='lat' dir='ltr'>magnus</span> <span class='ocrx_word' id='word_1_41' title='bbox 1008 711 1022 735; x_wconf 90' lang='lat'>,</span> <span class='ocrx_word' id='word_1_42' title='bbox 1062 675 1140 728; x_wconf 86' lang='lat' dir='ltr'>vel</span> <span class='ocrx_word' id='word_1_43' title='bbox 1166 674 1307 746; x_wconf 90' lang='lat' dir='ltr'>pede</span> <span class='ocrx_word' id='word_1_44' title='bbox 1334 675 1498 746; x_wconf 85' lang='lat' dir='ltr'>major</span> <span class='ocrx_word' id='word_1_45' title='bbox 1524 693 1650 732; x_wconf 88' lang='lat' dir='ltr'>erat.</span> 
     </span>
     <span class='ocr_line' id='line_1_11' title="bbox 319 746 1742 824; baseline 0.001 -20"><span class='ocrx_word' id='word_1_46' title='bbox 319 752 501 824; x_wconf 87' lang='lat' dir='ltr'><strong>Quem</strong></span> <span class='ocrx_word' id='word_1_47' title='bbox 528 749 719 802; x_wconf 85' lang='lat' dir='ltr'>Rutuli</span> <span class='ocrx_word' id='word_1_48' title='bbox 741 747 1070 819; x_wconf 84' lang='lat' dir='ltr'>Turnusque</span> <span class='ocrx_word' id='word_1_49' title='bbox 1098 747 1198 801; x_wconf 84' lang='lat' dir='ltr'>suis</span> <span class='ocrx_word' id='word_1_50' title='bbox 1224 746 1511 802; x_wconf 83' lang='lat' dir='ltr'>adsciscere</span> <span class='ocrx_word' id='word_1_51' title='bbox 1535 762 1742 805; x_wconf 87' lang='lat' dir='ltr'>tentant</span> 
     </span>
     <span class='ocr_line' id='line_1_12' title="bbox 395 819 1623 877; baseline 0 -2"><span class='ocrx_word' id='word_1_52' title='bbox 395 820 650 877; x_wconf 84' lang='lat' dir='ltr'>Partibus.</span> <span class='ocrx_word' id='word_1_53' title='bbox 691 821 820 874; x_wconf 88' lang='lat' dir='ltr'>haec</span> <span class='ocrx_word' id='word_1_54' title='bbox 842 833 1029 873; x_wconf 84' lang='lat' dir='ltr'>contra</span> <span class='ocrx_word' id='word_1_55' title='bbox 1052 819 1165 874; x_wconf 86' lang='lat' dir='ltr'>dux</span> <span class='ocrx_word' id='word_1_56' title='bbox 1200 820 1273 874; x_wconf 89' lang='lat' dir='ltr'>ita</span> <span class='ocrx_word' id='word_1_57' title='bbox 1295 821 1503 875; x_wconf 84' lang='lat' dir='ltr'>Tuscus</span> <span class='ocrx_word' id='word_1_58' title='bbox 1529 822 1623 876; x_wconf 85' lang='lat' dir='ltr'>ait:</span> 
     </span>
     <span class='ocr_line' id='line_1_13' title="bbox 176 893 1728 964; baseline -0.001 -13"><span class='ocrx_word' id='word_1_59' title='bbox 176 896 274 964; x_wconf 76' lang='lat'>885</span> <span class='ocrx_word' id='word_1_60' title='bbox 313 896 427 951; x_wconf 85' lang='lat' dir='ltr'>Stat</span> <span class='ocrx_word' id='word_1_61' title='bbox 456 893 584 947; x_wconf 88' lang='lat' dir='ltr'>mihi</span> <span class='ocrx_word' id='word_1_62' title='bbox 611 911 719 947; x_wconf 87' lang='lat' dir='ltr'>non</span> <span class='ocrx_word' id='word_1_63' title='bbox 748 909 910 964; x_wconf 84' lang='lat' dir='ltr'>parvo</span> <span class='ocrx_word' id='word_1_64' title='bbox 936 893 1100 947; x_wconf 82' lang='lat' dir='ltr'>virtus</span> <span class='ocrx_word' id='word_1_65' title='bbox 1131 910 1264 948; x_wconf 87' lang='lat' dir='ltr'>mea.</span> <span class='ocrx_word' id='word_1_66' title='bbox 1301 895 1516 948; x_wconf 86' lang='lat' dir='ltr'>vulnera</span> <span class='ocrx_word' id='word_1_67' title='bbox 1542 896 1728 958; x_wconf 87' lang='lat' dir='ltr'>testes;</span> 
     </span>
     <span class='ocr_line' id='line_1_14' title="bbox 395 963 1670 1039; baseline 0 -17"><span class='ocrx_word' id='word_1_68' title='bbox 395 970 697 1039; x_wconf 82' lang='lat' dir='ltr'>Armaque,</span> <span class='ocrx_word' id='word_1_69' title='bbox 734 983 870 1039; x_wconf 89' lang='lat' dir='ltr'>quae</span> <span class='ocrx_word' id='word_1_70' title='bbox 896 963 1049 1037; x_wconf 79' lang='lat' dir='ltr'>sparsl</span> <span class='ocrx_word' id='word_1_71' title='bbox 1073 965 1324 1037; x_wconf 84' lang='lat' dir='ltr'>sanguine</span> <span class='ocrx_word' id='word_1_72' title='bbox 1351 966 1500 1038; x_wconf 87' lang='lat' dir='ltr'>saepe</span> <span class='ocrx_word' id='word_1_73' title='bbox 1528 983 1670 1023; x_wconf 82' lang='lat' dir='ltr'>meo,</span> 
     </span>
    </p>
   </div>
   <div class='ocr_carea' id='block_1_10' title="bbox 30 1178 1081 3190">
    <p class='ocr_par' dir='ltr' id='par_1_10' title="bbox 36 1178 1074 1281">
     <span class='ocr_line' id='line_1_15' title="bbox 81 1178 1074 1229; baseline -0.003 -10"><span class='ocrx_word' id='word_1_74' title='bbox 81 1181 164 1228; x_wconf 87' lang='lat'>872.</span> <span class='ocrx_word' id='word_1_75' title='bbox 191 1178 334 1229; x_wconf 81' lang='lat' dir='ltr'>Tenet.]</span> <span class='ocrx_word' id='word_1_76' title='bbox 365 1184 515 1224; x_wconf 84' lang='lat' dir='ltr'>Tenent,</span> <span class='ocrx_word' id='word_1_77' title='bbox 536 1179 674 1228; x_wconf 86' lang='lat' dir='ltr'>templa</span> <span class='ocrx_word' id='word_1_78' title='bbox 690 1178 882 1224; x_wconf 85' lang='lat' dir='ltr'>videlicet,</span> <span class='ocrx_word' id='word_1_79' title='bbox 910 1178 1014 1217; x_wconf 84' lang='lat' dir='ltr'>multi</span> <span class='ocrx_word' id='word_1_80' title='bbox 1028 1190 1074 1217; x_wconf 85' lang='lat' dir='ltr'>ex</span> 
     </span>
     <span class='ocr_line' id='line_1_16' title="bbox 36 1230 625 1281; baseline -0.007 -9"><span class='ocrx_word' id='word_1_81' title='bbox 36 1230 177 1281; x_wconf 82' lang='lat' dir='ltr'>scriptis.</span> <span class='ocrx_word' id='word_1_82' title='bbox 204 1230 361 1268; x_wconf 83' lang='lat' dir='ltr'>Remed.</span> <span class='ocrx_word' id='word_1_83' title='bbox 383 1231 516 1268; x_wconf 84' lang='lat' dir='ltr'>Amor.</span> <span class='ocrx_word' id='word_1_84' title='bbox 543 1243 625 1278; x_wconf 74' lang='lat'>549.</span> 
     </span>
    </p>

    <p class='ocr_par' dir='ltr' id='par_1_11' title="bbox 82 1280 1021 1331">
     <span class='ocr_line' id='line_1_17' title="bbox 82 1280 1021 1331; baseline -0.002 -12"><span class='ocrx_word' id='word_1_85' title='bbox 82 1282 140 1330; x_wconf 80' lang='lat' dir='ltr'>Est</span> <span class='ocrx_word' id='word_1_86' title='bbox 153 1289 249 1331; x_wconf 78' lang='lat' dir='ltr'>prope</span> <span class='ocrx_word' id='word_1_87' title='bbox 270 1281 445 1318; x_wconf 84' lang='lat' dir='ltr'>Collinam</span> <span class='ocrx_word' id='word_1_88' title='bbox 465 1281 630 1330; x_wconf 84' lang='lat' dir='ltr'>templum</span> <span class='ocrx_word' id='word_1_89' title='bbox 652 1280 846 1318; x_wconf 85' lang='lat' dir='ltr'>venerabile</span> <span class='ocrx_word' id='word_1_90' title='bbox 859 1288 996 1330; x_wconf 85' lang='lat' dir='ltr'>portam</span> <span class='ocrx_word' id='word_1_91' title='bbox 1009 1295 1021 1317; x_wconf 85' lang='lat'>.-</span> 
     </span>
    </p>

    <p class='ocr_par' dir='ltr' id='par_1_12' title="bbox 39 1331 852 1423">
     <span class='ocr_line' id='line_1_18' title="bbox 136 1331 852 1382; baseline 0 -13"><span class='ocrx_word' id='word_1_92' title='bbox 136 1331 296 1382; x_wconf 81' lang='lat' dir='ltr'>Imposuit</span> <span class='ocrx_word' id='word_1_93' title='bbox 321 1331 443 1382; x_wconf 84' lang='lat' dir='ltr'>templo</span> <span class='ocrx_word' id='word_1_94' title='bbox 462 1332 603 1369; x_wconf 84' lang='lat' dir='ltr'>nomina</span> <span class='ocrx_word' id='word_1_95' title='bbox 623 1333 724 1380; x_wconf 84' lang='lat' dir='ltr'>celsus</span> <span class='ocrx_word' id='word_1_96' title='bbox 744 1337 852 1381; x_wconf 65' lang='lat' dir='ltr'>Eryx.</span> 
     </span>
     <span class='ocr_line' id='line_1_19' title="bbox 39 1382 182 1423; baseline -0.014 0"><span class='ocrx_word' id='word_1_97' title='bbox 39 1382 182 1423; x_wconf 58' lang='lat' dir='ltr'>Hiems.</span> 
     </span>
    </p>

    <p class='ocr_par' dir='ltr' id='par_1_13' title="bbox 30 1433 1081 3190">
     <span class='ocr_line' id='line_1_20' title="bbox 85 1433 567 1484; baseline -0.002 -12"><span class='ocrx_word' id='word_1_98' title='bbox 85 1434 171 1483; x_wconf 79' lang='lat'>875.</span> <span class='ocrx_word' id='word_1_99' title='bbox 197 1434 365 1471; x_wconf 84' lang='lat' dir='ltr'>Carmine</span> <span class='ocrx_word' id='word_1_100' title='bbox 391 1433 567 1484; x_wconf 81' lang='lat' dir='ltr'>vivacis.]</span> 
     </span>
     <span class='ocr_line' id='line_1_21' title="bbox 35 1483 1074 1531; baseline -0.003 -7"><span class='ocrx_word' id='word_1_101' title='bbox 35 1485 173 1530; x_wconf 88' lang='lat' dir='ltr'>Ovidi,</span> <span class='ocrx_word' id='word_1_102' title='bbox 201 1485 449 1523; x_wconf 85' lang='lat' dir='ltr'>hallucinaris:</span> <span class='ocrx_word' id='word_1_103' title='bbox 478 1497 562 1523; x_wconf 87' lang='lat' dir='ltr'>nam</span> <span class='ocrx_word' id='word_1_104' title='bbox 585 1485 676 1523; x_wconf 89' lang='lat' dir='ltr'>haec</span> <span class='ocrx_word' id='word_1_105' title='bbox 697 1483 849 1522; x_wconf 88' lang='lat' dir='ltr'>Veneris</span> <span class='ocrx_word' id='word_1_106' title='bbox 870 1483 976 1521; x_wconf 83' lang='lat' dir='ltr'>aedes</span> <span class='ocrx_word' id='word_1_107' title='bbox 990 1496 1074 1531; x_wconf 92' lang='lat' dir='ltr'>pro-</span> 
     </span>
     <span class='ocr_line' id='line_1_22' title="bbox 33 1534 1074 1585; baseline -0.002 -12"><span class='ocrx_word' id='word_1_108' title='bbox 33 1546 78 1585; x_wconf 84' lang='lat' dir='ltr'>pe</span> <span class='ocrx_word' id='word_1_109' title='bbox 97 1545 240 1584; x_wconf 85' lang='lat' dir='ltr'>portam</span> <span class='ocrx_word' id='word_1_110' title='bbox 265 1535 451 1573; x_wconf 81' lang='lat' dir='ltr'>Collinam</span> <span class='ocrx_word' id='word_1_111' title='bbox 480 1547 556 1573; x_wconf 88' lang='lat' dir='ltr'>non</span> <span class='ocrx_word' id='word_1_112' title='bbox 588 1535 753 1573; x_wconf 85' lang='lat' dir='ltr'>dedicata</span> <span class='ocrx_word' id='word_1_113' title='bbox 773 1535 921 1571; x_wconf 86' lang='lat' dir='ltr'>monitu</span> <span class='ocrx_word' id='word_1_114' title='bbox 944 1534 1074 1572; x_wconf 89' lang='lat' dir='ltr'>carmi-</span> 
     </span>
     <span class='ocr_line' id='line_1_23' title="bbox 35 1585 1074 1634; baseline -0.002 -10"><span class='ocrx_word' id='word_1_115' title='bbox 35 1587 92 1624; x_wconf 80' lang='lat' dir='ltr'>nis</span> <span class='ocrx_word' id='word_1_116' title='bbox 110 1586 275 1634; x_wconf 81' lang='lat' dir='ltr'>Sibyllini</span> <span class='ocrx_word' id='word_1_117' title='bbox 297 1613 308 1630; x_wconf 94' lang='lat'><strong>,</strong></span> <span class='ocrx_word' id='word_1_118' title='bbox 343 1586 402 1623; x_wconf 83' lang='lat' dir='ltr'>sed</span> <span class='ocrx_word' id='word_1_119' title='bbox 432 1588 538 1624; x_wconf 88' lang='lat' dir='ltr'>vovit</span> <span class='ocrx_word' id='word_1_120' title='bbox 566 1585 694 1634; x_wconf 82' lang='lat' dir='ltr'>sponte</span> <span class='ocrx_word' id='word_1_121' title='bbox 718 1586 762 1622; x_wconf 85' lang='lat' dir='ltr'>L.</span> <span class='ocrx_word' id='word_1_122' title='bbox 783 1585 934 1622; x_wconf 88' lang='lat' dir='ltr'>Porcius</span> <span class='ocrx_word' id='word_1_123' title='bbox 958 1585 1074 1634; x_wconf 85' lang='lat' dir='ltr'>Ligu-</span> 
     </span>
     <span class='ocr_line' id='line_1_24' title="bbox 33 1635 1077 1680; baseline -0.003 -5"><span class='ocrx_word' id='word_1_124' title='bbox 33 1635 127 1676; x_wconf 75' lang='lat' dir='ltr'>stino</span> <span class='ocrx_word' id='word_1_125' title='bbox 150 1637 271 1679; x_wconf 86' lang='lat' dir='ltr'>bello,</span> <span class='ocrx_word' id='word_1_126' title='bbox 300 1636 483 1674; x_wconf 85' lang='lat' dir='ltr'>dedicavit</span> <span class='ocrx_word' id='word_1_127' title='bbox 509 1637 657 1674; x_wconf 89' lang='lat' dir='ltr'>Porcius</span> <span class='ocrx_word' id='word_1_128' title='bbox 687 1636 733 1673; x_wconf 89' lang='lat' dir='ltr'>L.</span> <span class='ocrx_word' id='word_1_129' title='bbox 752 1635 792 1672; x_wconf 89' lang='lat' dir='ltr'>F.</span> <span class='ocrx_word' id='word_1_130' title='bbox 818 1636 983 1673; x_wconf 88' lang='lat' dir='ltr'>Licinius</span> <span class='ocrx_word' id='word_1_131' title='bbox 999 1663 1008 1680; x_wconf 91' lang='lat'>‚</span> <span class='ocrx_word' id='word_1_132' title='bbox 1037 1643 1077 1673; x_wconf 86' lang='lat' dir='ltr'>ut</span> 
     </span>
     <span class='ocr_line' id='line_1_25' title="bbox 34 1685 1078 1729; baseline -0.002 -4"><span class='ocrx_word' id='word_1_133' title='bbox 34 1698 81 1725; x_wconf 85' lang='lat' dir='ltr'>ex</span> <span class='ocrx_word' id='word_1_134' title='bbox 105 1686 217 1724; x_wconf 87' lang='lat' dir='ltr'>Livio</span> <span class='ocrx_word' id='word_1_135' title='bbox 239 1685 419 1729; x_wconf 87' lang='lat' dir='ltr'>vidimus,</span> <span class='ocrx_word' id='word_1_136' title='bbox 447 1698 545 1724; x_wconf 88' lang='lat' dir='ltr'>anno</span> <span class='ocrx_word' id='word_1_137' title='bbox 567 1699 719 1725; x_wconf 77' lang='lat' dir='ltr'>mxxii.</span> <span class='ocrx_word' id='word_1_138' title='bbox 746 1686 879 1724; x_wconf 85' lang='lat' dir='ltr'>Fateor</span> <span class='ocrx_word' id='word_1_139' title='bbox 898 1686 1004 1724; x_wconf 84' lang='lat' dir='ltr'>aliam</span> <span class='ocrx_word' id='word_1_140' title='bbox 1027 1687 1078 1723; x_wconf 89' lang='lat' dir='ltr'>ei-</span> 
     </span>
     <span class='ocr_line' id='line_1_26' title="bbox 34 1735 1078 1786; baseline 0.001 -12"><span class='ocrx_word' id='word_1_141' title='bbox 34 1736 121 1774; x_wconf 88' lang='lat' dir='ltr'>dem</span> <span class='ocrx_word' id='word_1_142' title='bbox 159 1737 296 1774; x_wconf 88' lang='lat' dir='ltr'>Veneri</span> <span class='ocrx_word' id='word_1_143' title='bbox 324 1735 462 1774; x_wconf 82' lang='lat' dir='ltr'>voviffe</span> <span class='ocrx_word' id='word_1_144' title='bbox 492 1739 541 1785; x_wconf 91' lang='lat' dir='ltr'>Q.</span> <span class='ocrx_word' id='word_1_145' title='bbox 571 1737 722 1776; x_wconf 81' lang='lat' dir='ltr'>Fabium</span> <span class='ocrx_word' id='word_1_146' title='bbox 756 1735 1078 1786; x_wconf 84' lang='lat' dir='ltr'>Maximumjuffu</span> 
     </span>
     <span class='ocr_line' id='line_1_27' title="bbox 32 1786 1080 1836; baseline 0.001 -12"><span class='ocrx_word' id='word_1_147' title='bbox 32 1787 116 1825; x_wconf 79' lang='lat' dir='ltr'>libri</span> <span class='ocrx_word' id='word_1_148' title='bbox 138 1787 250 1824; x_wconf 89' lang='lat' dir='ltr'>fatalis</span> <span class='ocrx_word' id='word_1_149' title='bbox 273 1813 285 1831; x_wconf 86' lang='lat'><strong>,</strong></span> <span class='ocrx_word' id='word_1_150' title='bbox 320 1786 379 1825; x_wconf 80' lang='lat' dir='ltr'>sed</span> <span class='ocrx_word' id='word_1_151' title='bbox 410 1796 496 1825; x_wconf 88' lang='lat' dir='ltr'>ante</span> <span class='ocrx_word' id='word_1_152' title='bbox 525 1789 620 1825; x_wconf 87' lang='lat' dir='ltr'>hanc</span> <span class='ocrx_word' id='word_1_153' title='bbox 642 1787 797 1836; x_wconf 68' lang='lat' dir='ltr'>politam</span> <span class='ocrx_word' id='word_1_154' title='bbox 820 1789 923 1826; x_wconf 88' lang='lat' dir='ltr'>annis</span> <span class='ocrx_word' id='word_1_155' title='bbox 950 1800 1080 1825; x_wconf 77' lang='lat' dir='ltr'>xxxw.</span> 
     </span>
     <span class='ocr_line' id='line_1_28' title="bbox 32 1836 1079 1876; baseline 0.001 -1"><span class='ocrx_word' id='word_1_156' title='bbox 32 1836 190 1876; x_wconf 89' lang='lat' dir='ltr'>Servilio</span> <span class='ocrx_word' id='word_1_157' title='bbox 219 1838 396 1876; x_wconf 89' lang='lat' dir='ltr'>Geminio</span> <span class='ocrx_word' id='word_1_158' title='bbox 418 1839 455 1876; x_wconf 70' lang='grc' dir='ltr'>δε</span> <span class='ocrx_word' id='word_1_159' title='bbox 481 1839 524 1876; x_wconf 92' lang='lat' dir='ltr'>C.</span> <span class='ocrx_word' id='word_1_160' title='bbox 544 1838 727 1876; x_wconf 88' lang='lat' dir='ltr'>Flaminio</span> <span class='ocrx_word' id='word_1_161' title='bbox 759 1838 861 1876; x_wconf 79' lang='lat' dir='ltr'>Coss,</span> <span class='ocrx_word' id='word_1_162' title='bbox 890 1837 990 1876; x_wconf 85' lang='lat' dir='ltr'>idem</span> <span class='ocrx_word' id='word_1_163' title='bbox 1013 1839 1079 1876; x_wconf 85' lang='lat' dir='ltr'>Li-</span> 
     </span>
     <span class='ocr_line' id='line_1_29' title="bbox 34 1887 1080 1938; baseline 0.002 -14"><span class='ocrx_word' id='word_1_164' title='bbox 34 1887 115 1925; x_wconf 85' lang='lat' dir='ltr'>vius</span> <span class='ocrx_word' id='word_1_165' title='bbox 137 1887 195 1926; x_wconf 90' lang='lat' dir='ltr'>lib.</span> <span class='ocrx_word' id='word_1_166' title='bbox 216 1900 312 1926; x_wconf 79' lang='lat' dir='ltr'>xxxx.</span> <span class='ocrx_word' id='word_1_167' title='bbox 346 1889 547 1928; x_wconf 82' lang='lat' dir='ltr'>Decemviri</span> <span class='ocrx_word' id='word_1_168' title='bbox 572 1888 673 1926; x_wconf 86' lang='lat' dir='ltr'>libros</span> <span class='ocrx_word' id='word_1_169' title='bbox 696 1887 876 1938; x_wconf 69' lang='lat' dir='ltr'>Sibyllinos</span> <span class='ocrx_word' id='word_1_170' title='bbox 906 1888 1004 1926; x_wconf 86' lang='lat' dir='ltr'>adire</span> <span class='ocrx_word' id='word_1_171' title='bbox 1021 1890 1080 1936; x_wconf 76' lang='lat' dir='ltr'>ju-</span> 
     </span>
     <span class='ocr_line' id='line_1_30' title="bbox 34 1935 1081 1989; baseline 0 -12"><span class='ocrx_word' id='word_1_172' title='bbox 34 1935 160 1977; x_wconf 80' lang='lat' dir='ltr'>bentur</span> <span class='ocrx_word' id='word_1_173' title='bbox 184 1952 191 1975; x_wconf 93' lang='lat'><strong>:</strong></span> <span class='ocrx_word' id='word_1_174' title='bbox 221 1939 280 1989; x_wconf 85' lang='lat' dir='ltr'>qui</span> <span class='ocrx_word' id='word_1_175' title='bbox 304 1967 314 1983; x_wconf 92' lang='lat'>,</span> <span class='ocrx_word' id='word_1_176' title='bbox 349 1940 499 1989; x_wconf 65' lang='lat' dir='ltr'>inspectis</span> <span class='ocrx_word' id='word_1_177' title='bbox 519 1939 694 1987; x_wconf 72' lang='lat' dir='ltr'>fiztalibtts</span> <span class='ocrx_word' id='word_1_178' title='bbox 722 1939 819 1977; x_wconf 85' lang='lat' dir='ltr'>libris</span> <span class='ocrx_word' id='word_1_179' title='bbox 840 1969 850 1985; x_wconf 93' lang='lat'>‚</span> <span class='ocrx_word' id='word_1_180' title='bbox 886 1940 1081 1977; x_wconf 80' lang='lat' dir='ltr'>retulerunt</span> 
     </span>
     <span class='ocr_line' id='line_1_31' title="bbox 31 1988 1079 2040; baseline 0.001 -15"><span class='ocrx_word' id='word_1_181' title='bbox 31 1988 188 2038; x_wconf 82' lang='lat' dir='ltr'>patribus</span> <span class='ocrx_word' id='word_1_182' title='bbox 203 2018 213 2034; x_wconf 94' lang='lat'>‚</span> <span class='ocrx_word' id='word_1_183' title='bbox 242 1990 332 2040; x_wconf 85' lang='lat' dir='ltr'>quod</span> <span class='ocrx_word' id='word_1_184' title='bbox 352 1991 422 2039; x_wconf 86' lang='lat' dir='ltr'>ejus</span> <span class='ocrx_word' id='word_1_185' title='bbox 440 1990 520 2028; x_wconf 87' lang='lat' dir='ltr'>belli</span> <span class='ocrx_word' id='word_1_186' title='bbox 548 1990 661 2040; x_wconf 72' lang='lat' dir='ltr'>cauffd</span> <span class='ocrx_word' id='word_1_187' title='bbox 690 2001 814 2027; x_wconf 85' lang='lat' dir='ltr'>votum</span> <span class='ocrx_word' id='word_1_188' title='bbox 838 1991 951 2028; x_wconf 85' lang='lat' dir='ltr'>Marti</span> <span class='ocrx_word' id='word_1_189' title='bbox 961 1992 1079 2038; x_wconf 86' lang='lat' dir='ltr'>foret,</span> 
     </span>
     <span class='ocr_line' id='line_1_32' title="bbox 36 2038 1080 2091; baseline 0.003 -16"><span class='ocrx_word' id='word_1_190' title='bbox 36 2038 74 2076; x_wconf 80' lang='lat' dir='ltr'>id</span> <span class='ocrx_word' id='word_1_191' title='bbox 91 2052 159 2076; x_wconf 89' lang='lat' dir='ltr'>non</span> <span class='ocrx_word' id='word_1_192' title='bbox 180 2041 246 2076; x_wconf 87' lang='lat' dir='ltr'>rite</span> <span class='ocrx_word' id='word_1_193' title='bbox 260 2041 417 2086; x_wconf 66' lang='lat' dir='ltr'>fabium,</span> <span class='ocrx_word' id='word_1_194' title='bbox 446 2041 486 2078; x_wconf 89' lang='lat' dir='ltr'>de</span> <span class='ocrx_word' id='word_1_195' title='bbox 503 2042 630 2090; x_wconf 81' lang='lat' dir='ltr'>integro</span> <span class='ocrx_word' id='word_1_196' title='bbox 657 2051 762 2091; x_wconf 84' lang='lat' dir='ltr'>atque</span> <span class='ocrx_word' id='word_1_197' title='bbox 783 2041 931 2091; x_wconf 74' lang='lat' dir='ltr'>amplius</span> <span class='ocrx_word' id='word_1_198' title='bbox 942 2042 1080 2089; x_wconf 85' lang='lat' dir='ltr'>facien-</span> 
     </span>
     <span class='ocr_line' id='line_1_33' title="bbox 37 2087 1080 2142; baseline 0.004 -17"><span class='ocrx_word' id='word_1_199' title='bbox 37 2087 120 2126; x_wconf 85' lang='lat' dir='ltr'>dum</span> <span class='ocrx_word' id='word_1_200' title='bbox 141 2090 220 2138; x_wconf 50' lang='lat' dir='ltr'>effu</span> <span class='ocrx_word' id='word_1_201' title='bbox 250 2102 293 2130; x_wconf 66' lang='lat'>(¹5¹</span> <span class='ocrx_word' id='word_1_202' title='bbox 320 2091 413 2138; x_wconf 80' lang='lat' dir='ltr'>Jovi</span> <span class='ocrx_word' id='word_1_203' title='bbox 440 2091 537 2129; x_wconf 89' lang='lat' dir='ltr'>ludos</span> <span class='ocrx_word' id='word_1_204' title='bbox 565 2105 705 2142; x_wconf 85' lang='lat' dir='ltr'>magnos</span> <span class='ocrx_word' id='word_1_205' title='bbox 730 2120 740 2137; x_wconf 91' lang='lat'>,</span> <span class='ocrx_word' id='word_1_206' title='bbox 775 2103 818 2131; x_wconf 66' lang='grc' dir='ltr'>ω’</span> <span class='ocrx_word' id='word_1_207' title='bbox 844 2092 942 2129; x_wconf 88' lang='lat' dir='ltr'>aedes</span> <span class='ocrx_word' id='word_1_208' title='bbox 963 2092 1080 2129; x_wconf 72' lang='lat' dir='ltr'>Veneri</span> 
     </span>
     <span class='ocr_line' id='line_1_34' title="bbox 35 2139 1073 2192; baseline 0.005 -17"><span class='ocrx_word' id='word_1_209' title='bbox 35 2139 200 2188; x_wconf 68' lang='lat' dir='ltr'>Erycinae</span> <span class='ocrx_word' id='word_1_210' title='bbox 227 2154 267 2177; x_wconf 89' lang='lat' dir='ltr'>ac</span> <span class='ocrx_word' id='word_1_211' title='bbox 297 2142 414 2179; x_wconf 85' lang='lat' dir='ltr'>Menti</span> <span class='ocrx_word' id='word_1_212' title='bbox 431 2143 611 2180; x_wconf 82' lang='lat' dir='ltr'>vovendas</span> <span class='ocrx_word' id='word_1_213' title='bbox 631 2140 709 2191; x_wconf 69' lang='lat' dir='ltr'>effi’,</span> <span class='ocrx_word' id='word_1_214' title='bbox 738 2153 781 2183; x_wconf 67' lang='grc' dir='ltr'>(φ</span> <span class='ocrx_word' id='word_1_215' title='bbox 794 2142 1073 2192; x_wconf 68' lang='grc' dir='ltr'>[ιφρίέιατίοηειη</span> 
     </span>
     <span class='ocr_line' id='line_1_35' title="bbox 36 2187 1074 2242; baseline 0.006 -17"><span class='ocrx_word' id='word_1_216' title='bbox 36 2187 338 2242; x_wconf 61' lang='lat' dir='ltr'>lectisterniumque</span> <span class='ocrx_word' id='word_1_217' title='bbox 358 2192 569 2231; x_wconf 87' lang='lat' dir='ltr'>habendum.</span> <span class='ocrx_word' id='word_1_218' title='bbox 605 2194 694 2230; x_wconf 89' lang='lat' dir='ltr'>Hoc</span> <span class='ocrx_word' id='word_1_219' title='bbox 716 2192 826 2241; x_wconf 84' lang='lat' dir='ltr'>igitur</span> <span class='ocrx_word' id='word_1_220' title='bbox 845 2206 943 2231; x_wconf 88' lang='lat' dir='ltr'>anno</span> <span class='ocrx_word' id='word_1_221' title='bbox 962 2203 1048 2231; x_wconf 84' lang='lat' dir='ltr'>vota</span> <span class='ocrx_word' id='word_1_222' title='bbox 1064 2222 1074 2239; x_wconf 91' lang='lat'>,</span> 
     </span>
     <span class='ocr_line' id='line_1_36' title="bbox 35 2238 1074 2283; baseline 0.006 -6"><span class='ocrx_word' id='word_1_223' title='bbox 35 2238 93 2277; x_wconf 86' lang='lat' dir='ltr'>sed</span> <span class='ocrx_word' id='word_1_224' title='bbox 118 2241 233 2279; x_wconf 86' lang='lat' dir='ltr'>dicata</span> <span class='ocrx_word' id='word_1_225' title='bbox 261 2255 456 2281; x_wconf 79' lang='lat' dir='ltr'>nxxxvrri.</span> <span class='ocrx_word' id='word_1_226' title='bbox 493 2244 538 2282; x_wconf 84' lang='lat' dir='ltr'>L.</span> <span class='ocrx_word' id='word_1_227' title='bbox 564 2244 752 2282; x_wconf 83' lang='lat' dir='ltr'>Postumio</span> <span class='ocrx_word' id='word_1_228' title='bbox 787 2243 922 2282; x_wconf 86' lang='lat' dir='ltr'>Albino</span> <span class='ocrx_word' id='word_1_229' title='bbox 957 2246 994 2282; x_wconf 87' lang='lat'>&amp;</span> <span class='ocrx_word' id='word_1_230' title='bbox 1024 2246 1074 2283; x_wconf 90' lang='lat' dir='ltr'>T.</span> 
     </span>
     <span class='ocr_line' id='line_1_37' title="bbox 35 2289 1078 2343; baseline 0.005 -16"><span class='ocrx_word' id='word_1_231' title='bbox 35 2289 254 2340; x_wconf 86' lang='lat' dir='ltr'>Sempronio</span> <span class='ocrx_word' id='word_1_232' title='bbox 279 2292 377 2330; x_wconf 85' lang='lat' dir='ltr'>Coss.</span> <span class='ocrx_word' id='word_1_233' title='bbox 412 2294 510 2332; x_wconf 90' lang='lat' dir='ltr'>idem</span> <span class='ocrx_word' id='word_1_234' title='bbox 541 2294 600 2332; x_wconf 90' lang='lat' dir='ltr'>lib.</span> <span class='ocrx_word' id='word_1_235' title='bbox 625 2307 738 2332; x_wconf 74' lang='lat' dir='ltr'>xxxix.</span> <span class='ocrx_word' id='word_1_236' title='bbox 787 2296 896 2331; x_wconf 84' lang='lat' dir='ltr'>Exitu</span> <span class='ocrx_word' id='word_1_237' title='bbox 922 2295 1009 2332; x_wconf 87' lang='lat' dir='ltr'>anni</span> <span class='ocrx_word' id='word_1_238' title='bbox 1028 2298 1078 2343; x_wconf 47' lang='grc' dir='ltr'>ἐξ</span> 
     </span>
     <span class='ocr_line' id='line_1_38' title="bbox 34 2341 1076 2392; baseline 0.004 -15"><span class='ocrx_word' id='word_1_239' title='bbox 34 2341 161 2379; x_wconf 73' lang='lat' dir='ltr'>Fabius</span> <span class='ocrx_word' id='word_1_240' title='bbox 183 2342 366 2380; x_wconf 85' lang='lat' dir='ltr'>Maximus</span> <span class='ocrx_word' id='word_1_241' title='bbox 387 2344 412 2380; x_wconf 67' lang='lat' dir='ltr'>a</span> <span class='ocrx_word' id='word_1_242' title='bbox 432 2351 561 2381; x_wconf 83' lang='lat' dir='ltr'>Senatu</span> <span class='ocrx_word' id='word_1_243' title='bbox 579 2345 766 2392; x_wconf 80' lang='lat' dir='ltr'>postulavit</span> <span class='ocrx_word' id='word_1_244' title='bbox 781 2372 790 2387; x_wconf 85' lang='lat'>,</span> <span class='ocrx_word' id='word_1_245' title='bbox 819 2356 857 2381; x_wconf 91' lang='lat' dir='ltr'>ut</span> <span class='ocrx_word' id='word_1_246' title='bbox 879 2346 997 2381; x_wconf 82' lang='lat' dir='ltr'>aedem</span> <span class='ocrx_word' id='word_1_247' title='bbox 1019 2352 1076 2382; x_wconf 83' lang='lat' dir='ltr'>l&#39;e-</span> 
     </span>
     <span class='ocr_line' id='line_1_39' title="bbox 36 2392 1075 2443; baseline 0.006 -17"><span class='ocrx_word' id='word_1_248' title='bbox 36 2392 125 2427; x_wconf 83' lang='lat' dir='ltr'>neris</span> <span class='ocrx_word' id='word_1_249' title='bbox 147 2393 335 2440; x_wconf 68' lang='lat' dir='ltr'>Erycinae,</span> <span class='ocrx_word' id='word_1_250' title='bbox 363 2407 471 2442; x_wconf 90' lang='lat' dir='ltr'>quam</span> <span class='ocrx_word' id='word_1_251' title='bbox 494 2396 651 2431; x_wconf 57' lang='lat' dir='ltr'>Distator</span> <span class='ocrx_word' id='word_1_252' title='bbox 664 2395 828 2443; x_wconf 82' lang='lat' dir='ltr'>voviffet,</span> <span class='ocrx_word' id='word_1_253' title='bbox 857 2395 1009 2432; x_wconf 79' lang='lat' dir='ltr'>dedicari</span> <span class='ocrx_word' id='word_1_254' title='bbox 1031 2396 1075 2433; x_wconf 85' lang='lat' dir='ltr'>li-</span> 
     </span>
     <span class='ocr_line' id='line_1_40' title="bbox 35 2444 1077 2492; baseline 0.007 -17"><span class='ocrx_word' id='word_1_255' title='bbox 35 2451 120 2476; x_wconf 85' lang='lat' dir='ltr'>ceret</span> <span class='ocrx_word' id='word_1_256' title='bbox 142 2456 153 2476; x_wconf 90' lang='grc'>.·</span> <span class='ocrx_word' id='word_1_257' title='bbox 191 2448 334 2478; x_wconf 82' lang='lat' dir='ltr'>Senatus</span> <span class='ocrx_word' id='word_1_258' title='bbox 365 2444 516 2480; x_wconf 82' lang='lat' dir='ltr'>decrevit</span> <span class='ocrx_word' id='word_1_259' title='bbox 539 2472 549 2486; x_wconf 90' lang='lat'>,</span> <span class='ocrx_word' id='word_1_260' title='bbox 588 2456 628 2480; x_wconf 81' lang='lat' dir='ltr'>ut</span> <span class='ocrx_word' id='word_1_261' title='bbox 656 2451 692 2479; x_wconf 84' lang='lat' dir='ltr'>T.</span> <span class='ocrx_word' id='word_1_262' title='bbox 716 2445 928 2492; x_wconf 83' lang='lat' dir='ltr'>Sempronius</span> <span class='ocrx_word' id='word_1_263' title='bbox 950 2446 1077 2492; x_wconf 81' lang='lat' dir='ltr'>Consul</span> 
     </span>
     <span class='ocr_line' id='line_1_41' title="bbox 34 2488 1077 2543; baseline 0.006 -19"><span class='ocrx_word' id='word_1_264' title='bbox 34 2488 245 2538; x_wconf 80' lang='lat' dir='ltr'>designatus,</span> <span class='ocrx_word' id='word_1_265' title='bbox 274 2491 352 2527; x_wconf 71' lang='lat' dir='ltr'>cum</span> <span class='ocrx_word' id='word_1_266' title='bbox 366 2493 521 2540; x_wconf 78' lang='lat' dir='ltr'>primum</span> <span class='ocrx_word' id='word_1_267' title='bbox 541 2494 781 2541; x_wconf 82' lang='lat' dir='ltr'>magistratum</span> <span class='ocrx_word' id='word_1_268' title='bbox 796 2494 928 2541; x_wconf 68' lang='lat' dir='ltr'>intffet,</span> <span class='ocrx_word' id='word_1_269' title='bbox 955 2496 1002 2529; x_wconf 85' lang='lat' dir='ltr'>ad</span> <span class='ocrx_word' id='word_1_270' title='bbox 1019 2507 1077 2543; x_wconf 88' lang='lat' dir='ltr'>po·</span> 
     </span>
     <span class='ocr_line' id='line_1_42' title="bbox 30 2539 1077 2590; baseline 0.006 -15"><span class='ocrx_word' id='word_1_271' title='bbox 30 2539 154 2588; x_wconf 80' lang='lat' dir='ltr'>pulum</span> <span class='ocrx_word' id='word_1_272' title='bbox 171 2541 310 2585; x_wconf 60' lang='lat' dir='ltr'>ferret,</span> <span class='ocrx_word' id='word_1_273' title='bbox 348 2552 388 2577; x_wconf 83' lang='lat' dir='ltr'>ut</span> <span class='ocrx_word' id='word_1_274' title='bbox 411 2543 556 2578; x_wconf 80' lang='lat' dir='ltr'>Fabium</span> <span class='ocrx_word' id='word_1_275' title='bbox 580 2549 825 2579; x_wconf 81' lang='lat' dir='ltr'>Duumvtrum</span> <span class='ocrx_word' id='word_1_276' title='bbox 846 2543 903 2590; x_wconf 70' lang='lat' dir='ltr'>effit</span> <span class='ocrx_word' id='word_1_277' title='bbox 917 2543 1077 2589; x_wconf 83' lang='lat' dir='ltr'>juberent</span> 
     </span>
     <span class='ocr_line' id='line_1_43' title="bbox 35 2590 1075 2642; baseline 0.007 -17"><span class='ocrx_word' id='word_1_278' title='bbox 35 2590 128 2626; x_wconf 80' lang='lat' dir='ltr'><em>aedis</em></span> <span class='ocrx_word' id='word_1_279' title='bbox 146 2590 357 2627; x_wconf 81' lang='lat' dir='ltr'>dedicandae</span> <span class='ocrx_word' id='word_1_280' title='bbox 377 2591 502 2640; x_wconf 70' lang='lat' dir='ltr'>cauffd.</span> <span class='ocrx_word' id='word_1_281' title='bbox 529 2593 610 2629; x_wconf 91' lang='lat' dir='ltr'>Nec</span> <span class='ocrx_word' id='word_1_282' title='bbox 622 2592 813 2640; x_wconf 88' lang='lat' dir='ltr'>suspicetur</span> <span class='ocrx_word' id='word_1_283' title='bbox 832 2593 960 2642; x_wconf 81' lang='lat' dir='ltr'>aliquis</span> <span class='ocrx_word' id='word_1_284' title='bbox 976 2622 986 2637; x_wconf 88' lang='lat'>,</span> <span class='ocrx_word' id='word_1_285' title='bbox 1001 2595 1075 2632; x_wconf 81' lang='lat' dir='ltr'>Na·</span> 
     </span>
     <span class='ocr_line' id='line_1_44' title="bbox 36 2639 1076 2693; baseline 0.005 -16"><span class='ocrx_word' id='word_1_286' title='bbox 36 2639 160 2678; x_wconf 86' lang='lat' dir='ltr'>sonem</span> <span class='ocrx_word' id='word_1_287' title='bbox 183 2640 228 2677; x_wconf 89' lang='lat' dir='ltr'>de</span> <span class='ocrx_word' id='word_1_288' title='bbox 249 2641 316 2678; x_wconf 86' lang='lat' dir='ltr'>hac</span> <span class='ocrx_word' id='word_1_289' title='bbox 338 2641 426 2679; x_wconf 86' lang='lat' dir='ltr'>aede</span> <span class='ocrx_word' id='word_1_290' title='bbox 447 2644 497 2690; x_wconf 90' lang='lat' dir='ltr'>Q.</span> <span class='ocrx_word' id='word_1_291' title='bbox 519 2642 617 2680; x_wconf 87' lang='lat' dir='ltr'>Fabii</span> <span class='ocrx_word' id='word_1_292' title='bbox 630 2643 724 2680; x_wconf 86' lang='lat' dir='ltr'>forte</span> <span class='ocrx_word' id='word_1_293' title='bbox 734 2643 857 2693; x_wconf 89' lang='lat' dir='ltr'>loqui:</span> <span class='ocrx_word' id='word_1_294' title='bbox 887 2655 972 2681; x_wconf 84' lang='lat' dir='ltr'>nam</span> <span class='ocrx_word' id='word_1_295' title='bbox 984 2645 1076 2683; x_wconf 87' lang='lat' dir='ltr'>haec</span> 
     </span>
     <span class='ocr_line' id='line_1_45' title="bbox 38 2688 1074 2741; baseline 0.006 -14"><span class='ocrx_word' id='word_1_296' title='bbox 38 2688 98 2728; x_wconf 85' lang='lat' dir='ltr'>fita</span> <span class='ocrx_word' id='word_1_297' title='bbox 119 2691 154 2728; x_wconf 89' lang='lat' dir='ltr'>in</span> <span class='ocrx_word' id='word_1_298' title='bbox 177 2690 365 2739; x_wconf 84' lang='lat' dir='ltr'>Capitolio</span> <span class='ocrx_word' id='word_1_299' title='bbox 388 2693 539 2740; x_wconf 86' lang='lat' dir='ltr'>regione</span> <span class='ocrx_word' id='word_1_300' title='bbox 554 2705 643 2730; x_wconf 86' lang='lat' dir='ltr'>v1rr.</span> <span class='ocrx_word' id='word_1_301' title='bbox 675 2693 845 2741; x_wconf 89' lang='lat' dir='ltr'>ipsusmet</span> <span class='ocrx_word' id='word_1_302' title='bbox 868 2694 1074 2733; x_wconf 57' lang='lat' dir='ltr'>Livius‘eo-</span> 
     </span>
     <span class='ocr_line' id='line_1_46' title="bbox 39 2738 1075 2794; baseline 0.006 -17"><span class='ocrx_word' id='word_1_303' title='bbox 39 2738 119 2778; x_wconf 85' lang='lat' dir='ltr'>dem</span> <span class='ocrx_word' id='word_1_304' title='bbox 137 2741 253 2778; x_wconf 86' lang='lat' dir='ltr'>libro:</span> <span class='ocrx_word' id='word_1_305' title='bbox 293 2747 424 2778; x_wconf 82' lang='lat' dir='ltr'>Interea</span> <span class='ocrx_word' id='word_1_306' title='bbox 457 2743 657 2780; x_wconf 76' lang='lat' dir='ltr'>Duum-viri</span> <span class='ocrx_word' id='word_1_307' title='bbox 683 2745 787 2780; x_wconf 86' lang='lat' dir='ltr'>creati</span> <span class='ocrx_word' id='word_1_308' title='bbox 802 2745 913 2792; x_wconf 69' lang='lat' dir='ltr'>fient,</span> <span class='ocrx_word' id='word_1_309' title='bbox 941 2748 987 2794; x_wconf 61' lang='lat' dir='ltr'>{L</span> <span class='ocrx_word' id='word_1_310' title='bbox 1011 2751 1075 2783; x_wconf 86' lang='lat' dir='ltr'>Fa-</span> 
     </span>
     <span class='ocr_line' id='line_1_47' title="bbox 39 2787 1075 2842; baseline 0.008 -17"><span class='ocrx_word' id='word_1_311' title='bbox 39 2787 110 2826; x_wconf 82' lang='lat' dir='ltr'>bius</span> <span class='ocrx_word' id='word_1_312' title='bbox 142 2792 325 2829; x_wconf 80' lang='lat' dir='ltr'>Maximus</span> <span class='ocrx_word' id='word_1_313' title='bbox 361 2804 404 2832; x_wconf 68' lang='lat'>(9¹</span> <span class='ocrx_word' id='word_1_314' title='bbox 434 2798 471 2828; x_wconf 89' lang='lat' dir='ltr'>T.</span> <span class='ocrx_word' id='word_1_315' title='bbox 502 2794 689 2831; x_wconf 73' lang='lat' dir='ltr'>Octacilius</span> <span class='ocrx_word' id='word_1_316' title='bbox 726 2796 864 2842; x_wconf 79' lang='lat' dir='ltr'>Craſjus</span> <span class='ocrx_word' id='word_1_317' title='bbox 884 2823 893 2838; x_wconf 94' lang='lat'>,</span> <span class='ocrx_word' id='word_1_318' title='bbox 934 2795 1075 2834; x_wconf 74' lang='lat' dir='ltr'>aedibus</span> 
     </span>
     <span class='ocr_line' id='line_1_48' title="bbox 42 2839 1076 2894; baseline 0.008 -19"><span class='ocrx_word' id='word_1_319' title='bbox 42 2839 235 2879; x_wconf 81' lang='lat' dir='ltr'>dedicandis</span> <span class='ocrx_word' id='word_1_320' title='bbox 255 2857 266 2884; x_wconf 90' lang='lat'>;</span> <span class='ocrx_word' id='word_1_321' title='bbox 305 2843 421 2879; x_wconf 81' lang='lat' dir='ltr'>Menti</span> <span class='ocrx_word' id='word_1_322' title='bbox 440 2844 610 2880; x_wconf 83' lang='lat' dir='ltr'>Otacilius</span> <span class='ocrx_word' id='word_1_323' title='bbox 631 2873 640 2888; x_wconf 90' lang='lat'>‚</span> <span class='ocrx_word' id='word_1_324' title='bbox 680 2843 804 2881; x_wconf 82' lang='lat' dir='ltr'>Fabius</span> <span class='ocrx_word' id='word_1_325' title='bbox 824 2845 939 2881; x_wconf 80' lang='lat' dir='ltr'>Veneri</span> <span class='ocrx_word' id='word_1_326' title='bbox 959 2846 1076 2894; x_wconf 68' lang='lat' dir='ltr'>Eryci-</span> 
     </span>
     <span class='ocr_line' id='line_1_49' title="bbox 40 2893 1075 2943; baseline 0.009 -18"><span class='ocrx_word' id='word_1_327' title='bbox 40 2901 123 2927; x_wconf 85' lang='lat' dir='ltr'>nae.-</span> <span class='ocrx_word' id='word_1_328' title='bbox 151 2902 298 2943; x_wconf 79' lang='lat' dir='ltr'>utraque</span> <span class='ocrx_word' id='word_1_329' title='bbox 315 2894 352 2929; x_wconf 89' lang='lat' dir='ltr'>in</span> <span class='ocrx_word' id='word_1_330' title='bbox 384 2893 552 2942; x_wconf 85' lang='lat' dir='ltr'>Capitolio</span> <span class='ocrx_word' id='word_1_331' title='bbox 577 2895 619 2940; x_wconf 85' lang='lat' dir='ltr'>est</span> <span class='ocrx_word' id='word_1_332' title='bbox 634 2923 642 2938; x_wconf 95' lang='lat'><strong>‚</strong></span> <span class='ocrx_word' id='word_1_333' title='bbox 673 2895 789 2931; x_wconf 85' lang='lat' dir='ltr'>canali</span> <span class='ocrx_word' id='word_1_334' title='bbox 816 2908 882 2931; x_wconf 80' lang='lat' dir='ltr'>nno</span> <span class='ocrx_word' id='word_1_335' title='bbox 901 2895 1075 2934; x_wconf 83' lang='lat' dir='ltr'>discretae.</span> 
     </span>
     <span class='ocr_line' id='line_1_50' title="bbox 40 2939 1074 2993; baseline 0.006 -15"><span class='ocrx_word' id='word_1_336' title='bbox 40 2939 167 2987; x_wconf 85' lang='lat' dir='ltr'>Hanc,</span> <span class='ocrx_word' id='word_1_337' title='bbox 194 2954 302 2992; x_wconf 85' lang='lat' dir='ltr'>quam</span> <span class='ocrx_word' id='word_1_338' title='bbox 326 2943 388 2981; x_wconf 72' lang='lat' dir='ltr'>hic</span> <span class='ocrx_word' id='word_1_339' title='bbox 408 2946 577 2982; x_wconf 87' lang='lat' dir='ltr'>nominat</span> <span class='ocrx_word' id='word_1_340' title='bbox 590 2944 744 2988; x_wconf 88' lang='lat' dir='ltr'>Noster,</span> <span class='ocrx_word' id='word_1_341' title='bbox 762 2954 884 2993; x_wconf 84' lang='lat' dir='ltr'>aperte</span> <span class='ocrx_word' id='word_1_342' title='bbox 903 2946 953 2983; x_wconf 85' lang='lat' dir='ltr'>ait</span> <span class='ocrx_word' id='word_1_343' title='bbox 974 2946 1074 2985; x_wconf 81' lang='lat' dir='ltr'>sitam</span> 
     </span>
     <span class='ocr_line' id='line_1_51' title="bbox 41 2995 1078 3044; baseline 0.006 -16"><span class='ocrx_word' id='word_1_344' title='bbox 41 2999 150 3039; x_wconf 83' lang='lat' dir='ltr'>prope</span> <span class='ocrx_word' id='word_1_345' title='bbox 172 3001 314 3040; x_wconf 86' lang='lat' dir='ltr'>portam</span> <span class='ocrx_word' id='word_1_346' title='bbox 352 2995 560 3039; x_wconf 87' lang='lat' dir='ltr'>Collinam,</span> <span class='ocrx_word' id='word_1_347' title='bbox 589 3007 682 3044; x_wconf 87' lang='lat' dir='ltr'>quae</span> <span class='ocrx_word' id='word_1_348' title='bbox 714 2997 751 3033; x_wconf 91' lang='lat' dir='ltr'>in</span> <span class='ocrx_word' id='word_1_349' title='bbox 784 2997 934 3044; x_wconf 84' lang='lat' dir='ltr'>regione</span> <span class='ocrx_word' id='word_1_350' title='bbox 956 3009 988 3034; x_wconf 87' lang='lat' dir='ltr'>v.</span> <span class='ocrx_word' id='word_1_351' title='bbox 1017 2997 1078 3035; x_wconf 83' lang='lat' dir='ltr'>ln-</span> 
     </span>
     <span class='ocr_line' id='line_1_52' title="bbox 41 3038 1078 3095; baseline 0.01 -19"><span class='ocrx_word' id='word_1_352' title='bbox 41 3038 138 3088; x_wconf 87' lang='lat' dir='ltr'>super</span> <span class='ocrx_word' id='word_1_353' title='bbox 157 3043 243 3082; x_wconf 86' lang='lat' dir='ltr'>alius</span> <span class='ocrx_word' id='word_1_354' title='bbox 271 3045 443 3083; x_wconf 61' lang='lat' dir='ltr'>Auctoris</span> <span class='ocrx_word' id='word_1_355' title='bbox 469 3045 582 3093; x_wconf 86' lang='lat' dir='ltr'>lapsus</span> <span class='ocrx_word' id='word_1_356' title='bbox 612 3046 780 3094; x_wconf 80' lang='lat' dir='ltr'>insurgit:</span> <span class='ocrx_word' id='word_1_357' title='bbox 807 3057 892 3083; x_wconf 87' lang='lat' dir='ltr'>nam</span> <span class='ocrx_word' id='word_1_358' title='bbox 923 3047 1001 3095; x_wconf 87' lang='lat' dir='ltr'>post</span> <span class='ocrx_word' id='word_1_359' title='bbox 1019 3059 1078 3086; x_wconf 88' lang='lat' dir='ltr'>ca-</span> 
     </span>
     <span class='ocr_line' id='line_1_53' title="bbox 40 3094 1078 3146; baseline 0.008 -18"><span class='ocrx_word' id='word_1_360' title='bbox 40 3098 113 3136; x_wconf 75' lang='lat' dir='ltr'>ptas</span> <span class='ocrx_word' id='word_1_361' title='bbox 133 3119 144 3135; x_wconf 85' lang='lat'><strong>‚</strong></span> <span class='ocrx_word' id='word_1_362' title='bbox 180 3094 325 3144; x_wconf 85' lang='lat' dir='ltr'>inquit,</span> <span class='ocrx_word' id='word_1_363' title='bbox 371 3096 558 3144; x_wconf 84' lang='lat' dir='ltr'>Syracusas</span> <span class='ocrx_word' id='word_1_364' title='bbox 586 3096 777 3134; x_wconf 86' lang='lat' dir='ltr'>Venerem</span> <span class='ocrx_word' id='word_1_365' title='bbox 808 3096 1009 3146; x_wconf 86' lang='lat' dir='ltr'>Erycinam</span> <span class='ocrx_word' id='word_1_366' title='bbox 1040 3099 1078 3136; x_wconf 84' lang='lat' dir='ltr'>in</span> 
     </span>
     <span class='ocr_line' id='line_1_54' title="bbox 41 3138 664 3190; baseline 0.014 -15"><span class='ocrx_word' id='word_1_367' title='bbox 41 3138 178 3180; x_wconf 81' lang='lat' dir='ltr'>Urbem</span> <span class='ocrx_word' id='word_1_368' title='bbox 211 3146 439 3190; x_wconf 82' lang='lat' dir='ltr'>translatam3</span> <span class='ocrx_word' id='word_1_369' title='bbox 468 3147 506 3184; x_wconf 69' lang='grc' dir='ltr'>ὃ(</span> <span class='ocrx_word' id='word_1_370' title='bbox 528 3147 664 3184; x_wconf 74' lang='lat' dir='ltr'>utilia:</span> 
     </span>
    </p>
   </div>
   <div class='ocr_carea' id='block_1_11' title="bbox 623 1432 1074 1478">
    <p class='ocr_par' dir='ltr' id='par_1_14' title="bbox 623 1432 1074 1478">
     <span class='ocr_line' id='line_1_55' title="bbox 623 1432 1074 1478; baseline -0.007 -5"><span class='ocrx_word' id='word_1_371' title='bbox 623 1435 717 1473; x_wconf 87' lang='lat' dir='ltr'>Pace</span> <span class='ocrx_word' id='word_1_372' title='bbox 744 1432 807 1472; x_wconf 69' lang='lat' dir='ltr'>tua</span> <span class='ocrx_word' id='word_1_373' title='bbox 841 1433 959 1472; x_wconf 89' lang='lat' dir='ltr'>dicam</span> <span class='ocrx_word' id='word_1_374' title='bbox 983 1460 994 1478; x_wconf 94' lang='lat'>‚</span> <span class='ocrx_word' id='word_1_375' title='bbox 1021 1433 1074 1471; x_wconf 86' lang='lat' dir='ltr'>mi</span> 
     </span>
    </p>
   </div>
   <div class='ocr_carea' id='block_1_12' title="bbox 95 3204 1001 3259">
    <p class='ocr_par' dir='ltr' id='par_1_15' title="bbox 95 3204 1001 3259">
     <span class='ocr_line' id='line_1_56' title="bbox 95 3204 1001 3259; baseline 0.012 -22"><span class='ocrx_word' id='word_1_376' title='bbox 95 3204 258 3242; x_wconf 83' lang='lat' dir='ltr'>Carmine</span> <span class='ocrx_word' id='word_1_377' title='bbox 280 3207 417 3245; x_wconf 74' lang='lat' dir='ltr'>vivacis</span> <span class='ocrx_word' id='word_1_378' title='bbox 440 3214 549 3245; x_wconf 83' lang='lat' dir='ltr'>Venus</span> <span class='ocrx_word' id='word_1_379' title='bbox 568 3209 611 3254; x_wconf 77' lang='lat' dir='ltr'>est</span> <span class='ocrx_word' id='word_1_380' title='bbox 632 3207 810 3247; x_wconf 83' lang='lat' dir='ltr'>translata</span> <span class='ocrx_word' id='word_1_381' title='bbox 831 3208 1001 3259; x_wconf 48' lang='lat' dir='ltr'>sibyllam</span> 
     </span>
    </p>
   </div>
   <div class='ocr_carea' id='block_1_13' title="bbox 34 3271 1080 3378">
    <p class='ocr_par' dir='ltr' id='par_1_16' title="bbox 34 3271 1080 3378">
     <span class='ocr_line' id='line_1_57' title="bbox 34 3271 1080 3323; baseline 0.015 -23"><span class='ocrx_word' id='word_1_382' title='bbox 34 3271 273 3321; x_wconf 80' lang='lat' dir='ltr'>torqueamus</span> <span class='ocrx_word' id='word_1_383' title='bbox 291 3272 336 3309; x_wconf 89' lang='lat' dir='ltr'>ad</span> <span class='ocrx_word' id='word_1_384' title='bbox 365 3281 532 3321; x_wconf 84' lang='lat' dir='ltr'>tempus,</span> <span class='ocrx_word' id='word_1_385' title='bbox 562 3285 641 3323; x_wconf 90' lang='lat' dir='ltr'>quo</span> <span class='ocrx_word' id='word_1_386' title='bbox 664 3277 825 3322; x_wconf 88' lang='lat' dir='ltr'>primum</span> <span class='ocrx_word' id='word_1_387' title='bbox 855 3278 1007 3315; x_wconf 87' lang='lat' dir='ltr'>monitu</span> <span class='ocrx_word' id='word_1_388' title='bbox 1025 3277 1080 3315; x_wconf 90' lang='lat' dir='ltr'>Si-</span> 
     </span>
     <span class='ocr_line' id='line_1_58' title="bbox 36 3312 1080 3378; baseline 0.013 -27"><span class='ocrx_word' id='word_1_389' title='bbox 36 3312 170 3364; x_wconf 78' lang='lat' dir='ltr'>byllino</span> <span class='ocrx_word' id='word_1_390' title='bbox 207 3319 333 3361; x_wconf 86' lang='lat' dir='ltr'>Venus</span> <span class='ocrx_word' id='word_1_391' title='bbox 374 3324 531 3374; x_wconf 79' lang='lat' dir='ltr'>Erycina</span> <span class='ocrx_word' id='word_1_392' title='bbox 560 3325 709 3365; x_wconf 86' lang='lat' dir='ltr'>Romae</span> <span class='ocrx_word' id='word_1_393' title='bbox 740 3327 813 3367; x_wconf 87' lang='lat' dir='ltr'>coli</span> <span class='ocrx_word' id='word_1_394' title='bbox 842 3336 973 3378; x_wconf 77' lang='lat' dir='ltr'>coepta</span> <span class='ocrx_word' id='word_1_395' title='bbox 1006 3328 1080 3376; x_wconf 79' lang='lat' dir='ltr'>est,</span> 
     </span>
    </p>
   </div>
   <div class='ocr_carea' id='block_1_14' title="bbox 2060 1043 2172 1117">
    <p class='ocr_par' dir='ltr' id='par_1_17' title="bbox 2060 1043 2172 1117">
     <span class='ocr_line' id='line_1_59' title="bbox 2060 1043 2172 1117; baseline 0 -18"><span class='ocrx_word' id='word_1_396' title='bbox 2060 1043 2172 1117; x_wconf 66' lang='lat' dir='ltr'>Qui</span> 
     </span>
    </p>
   </div>
   <div class='ocr_carea' id='block_1_15' title="bbox 1127 1180 2181 2097">
    <p class='ocr_par' dir='ltr' id='par_1_18' title="bbox 1130 1180 2174 1282">
     <span class='ocr_line' id='line_1_60' title="bbox 1130 1180 2174 1232; baseline 0.004 -15"><span class='ocrx_word' id='word_1_397' title='bbox 1130 1191 1208 1218; x_wconf 90' lang='lat' dir='ltr'>non</span> <span class='ocrx_word' id='word_1_398' title='bbox 1231 1182 1385 1230; x_wconf 83' lang='lat' dir='ltr'>perstant</span> <span class='ocrx_word' id='word_1_399' title='bbox 1405 1197 1413 1221; x_wconf 72' lang='grc' dir='ltr'>ε</span> <span class='ocrx_word' id='word_1_400' title='bbox 1450 1195 1537 1222; x_wconf 85' lang='lat' dir='ltr'>nam</span> <span class='ocrx_word' id='word_1_401' title='bbox 1576 1180 1770 1232; x_wconf 74' lang='lat' dir='ltr'>Syracusae</span> <span class='ocrx_word' id='word_1_402' title='bbox 1799 1188 1922 1232; x_wconf 85' lang='lat' dir='ltr'>captae</span> <span class='ocrx_word' id='word_1_403' title='bbox 1944 1192 2042 1220; x_wconf 88' lang='lat' dir='ltr'>anno</span> <span class='ocrx_word' id='word_1_404' title='bbox 2065 1181 2174 1221; x_wconf 73' lang='lat' dir='ltr'>Urbis</span> 
     </span>
     <span class='ocr_line' id='line_1_61' title="bbox 1133 1233 2061 1282; baseline 0.002 -15"><span class='ocrx_word' id='word_1_405' title='bbox 1133 1243 1240 1269; x_wconf 74' lang='lat' dir='ltr'>Dxm.</span> <span class='ocrx_word' id='word_1_406' title='bbox 1262 1235 1444 1282; x_wconf 84' lang='lat' dir='ltr'>templum</span> <span class='ocrx_word' id='word_1_407' title='bbox 1470 1235 1631 1273; x_wconf 84' lang='lat' dir='ltr'>dicatum</span> <span class='ocrx_word' id='word_1_408' title='bbox 1656 1245 1853 1271; x_wconf 80' lang='lat' dir='ltr'>Dxxxvm.</span> <span class='ocrx_word' id='word_1_409' title='bbox 1883 1233 2061 1270; x_wconf 47' lang='lat' dir='ltr'>Neapor.</span> 
     </span>
    </p>

    <p class='ocr_par' dir='ltr' id='par_1_19' title="bbox 1183 1282 2062 1334">
     <span class='ocr_line' id='line_1_62' title="bbox 1183 1282 2062 1334; baseline 0 -15"><span class='ocrx_word' id='word_1_410' title='bbox 1183 1282 1269 1328; x_wconf 85' lang='lat'>877.</span> <span class='ocrx_word' id='word_1_411' title='bbox 1297 1284 1470 1334; x_wconf 61' lang='lat' dir='ltr'>Dicam]</span> <span class='ocrx_word' id='word_1_412' title='bbox 1497 1286 1626 1323; x_wconf 84' lang='lat' dir='ltr'>Dicam</span> <span class='ocrx_word' id='word_1_413' title='bbox 1646 1285 1799 1322; x_wconf 85' lang='lat' dir='ltr'>Putean.</span> <span class='ocrx_word' id='word_1_414' title='bbox 1826 1286 1864 1322; x_wconf 89' lang='lat'>&amp;</span> <span class='ocrx_word' id='word_1_415' title='bbox 1882 1283 1971 1321; x_wconf 70' lang='grc' dir='ltr'>οᾶο</span> <span class='ocrx_word' id='word_1_416' title='bbox 1992 1283 2062 1320; x_wconf 86' lang='lat' dir='ltr'>alii.</span> 
     </span>
    </p>

    <p class='ocr_par' dir='ltr' id='par_1_20' title="bbox 1130 1332 2176 1536">
     <span class='ocr_line' id='line_1_63' title="bbox 1184 1332 2173 1384; baseline 0.002 -14"><span class='ocrx_word' id='word_1_417' title='bbox 1184 1332 1268 1380; x_wconf 82' lang='lat'>878.</span> <span class='ocrx_word' id='word_1_418' title='bbox 1295 1335 1346 1372; x_wconf 76' lang='lat' dir='ltr'>Sit</span> <span class='ocrx_word' id='word_1_419' title='bbox 1368 1335 1477 1381; x_wconf 77' lang='lat' dir='ltr'>Jovis</span> <span class='ocrx_word' id='word_1_420' title='bbox 1505 1336 1568 1382; x_wconf 82' lang='lat' dir='ltr'>ista</span> <span class='ocrx_word' id='word_1_421' title='bbox 1599 1334 1712 1384; x_wconf 84' lang='lat' dir='ltr'>dies.]</span> <span class='ocrx_word' id='word_1_422' title='bbox 1769 1335 1826 1372; x_wconf 92' lang='lat' dir='ltr'>M.</span> <span class='ocrx_word' id='word_1_423' title='bbox 1846 1335 1964 1373; x_wconf 82' lang='lat' dir='ltr'>Varro</span> <span class='ocrx_word' id='word_1_424' title='bbox 1984 1333 2044 1371; x_wconf 81' lang='lat' dir='ltr'>lib.</span> <span class='ocrx_word' id='word_1_425' title='bbox 2064 1346 2100 1372; x_wconf 88' lang='lat' dir='ltr'>v.</span> <span class='ocrx_word' id='word_1_426' title='bbox 2126 1334 2173 1372; x_wconf 77' lang='lat' dir='ltr'>de</span> 
     </span>
     <span class='ocr_line' id='line_1_64' title="bbox 1134 1384 2176 1431; baseline 0.002 -10"><span class='ocrx_word' id='word_1_427' title='bbox 1134 1384 1180 1421; x_wconf 88' lang='lat' dir='ltr'>L.</span> <span class='ocrx_word' id='word_1_428' title='bbox 1202 1384 1249 1423; x_wconf 92' lang='lat' dir='ltr'>L.</span> <span class='ocrx_word' id='word_1_429' title='bbox 1272 1387 1410 1423; x_wconf 85' lang='lat' dir='ltr'>Vinalia</span> <span class='ocrx_word' id='word_1_430' title='bbox 1429 1386 1454 1422; x_wconf 74' lang='grc' dir='ltr'>ιὶ</span> <span class='ocrx_word' id='word_1_431' title='bbox 1475 1386 1580 1423; x_wconf 85' lang='lat' dir='ltr'>vino:</span> <span class='ocrx_word' id='word_1_432' title='bbox 1619 1384 1673 1422; x_wconf 82' lang='lat' dir='ltr'>hic</span> <span class='ocrx_word' id='word_1_433' title='bbox 1693 1385 1762 1422; x_wconf 86' lang='lat' dir='ltr'>dies</span> <span class='ocrx_word' id='word_1_434' title='bbox 1771 1385 1880 1431; x_wconf 76' lang='lat' dir='ltr'>Jovis</span> <span class='ocrx_word' id='word_1_435' title='bbox 1895 1414 1905 1431; x_wconf 93' lang='lat'>,</span> <span class='ocrx_word' id='word_1_436' title='bbox 1941 1397 2009 1422; x_wconf 88' lang='lat' dir='ltr'>non</span> <span class='ocrx_word' id='word_1_437' title='bbox 2029 1384 2176 1423; x_wconf 84' lang='lat' dir='ltr'>Veneris.</span> 
     </span>
     <span class='ocr_line' id='line_1_65' title="bbox 1132 1435 2176 1483; baseline 0.004 -12"><span class='ocrx_word' id='word_1_438' title='bbox 1132 1435 1257 1473; x_wconf 77' lang='lat' dir='ltr'>NEAP.</span> <span class='ocrx_word' id='word_1_439' title='bbox 1286 1435 1348 1483; x_wconf 82' lang='lat' dir='ltr'>Iste</span> <span class='ocrx_word' id='word_1_440' title='bbox 1374 1436 1445 1473; x_wconf 83' lang='lat' dir='ltr'>dies</span> <span class='ocrx_word' id='word_1_441' title='bbox 1475 1435 1646 1475; x_wconf 86' lang='lat' dir='ltr'>Ambros.</span> <span class='ocrx_word' id='word_1_442' title='bbox 1675 1436 1797 1476; x_wconf 87' lang='lat' dir='ltr'>Vatic.</span> <span class='ocrx_word' id='word_1_443' title='bbox 1817 1436 1894 1475; x_wconf 75' lang='lat' dir='ltr'>vid.</span> <span class='ocrx_word' id='word_1_444' title='bbox 1924 1435 2106 1474; x_wconf 85' lang='lat' dir='ltr'>stewech.</span> <span class='ocrx_word' id='word_1_445' title='bbox 2129 1435 2176 1475; x_wconf 89' lang='lat' dir='ltr'>ad</span> 
     </span>
     <span class='ocr_line' id='line_1_66' title="bbox 1130 1486 1482 1536; baseline 0.009 -14"><span class='ocrx_word' id='word_1_446' title='bbox 1130 1486 1274 1524; x_wconf 81' lang='lat' dir='ltr'>Arnob.</span> <span class='ocrx_word' id='word_1_447' title='bbox 1294 1497 1375 1535; x_wconf 89' lang='lat' dir='ltr'>pag.</span> <span class='ocrx_word' id='word_1_448' title='bbox 1402 1498 1482 1536; x_wconf 76' lang='lat'>¹52·</span> 
     </span>
    </p>

    <p class='ocr_par' dir='ltr' id='par_1_21' title="bbox 1127 1536 2181 2097">
     <span class='ocr_line' id='line_1_67' title="bbox 1185 1536 2178 1588; baseline 0.003 -16"><span class='ocrx_word' id='word_1_449' title='bbox 1185 1536 1269 1583; x_wconf 86' lang='lat'>879.</span> <span class='ocrx_word' id='word_1_450' title='bbox 1298 1542 1457 1582; x_wconf 83' lang='lat' dir='ltr'>Turnus,</span> <span class='ocrx_word' id='word_1_451' title='bbox 1484 1551 1533 1576; x_wconf 85' lang='lat' dir='ltr'>an</span> <span class='ocrx_word' id='word_1_452' title='bbox 1553 1537 1721 1588; x_wconf 79' lang='lat' dir='ltr'>AEneas.]</span> <span class='ocrx_word' id='word_1_453' title='bbox 1778 1539 1860 1576; x_wconf 87' lang='lat' dir='ltr'>Hac</span> <span class='ocrx_word' id='word_1_454' title='bbox 1879 1536 1925 1575; x_wconf 88' lang='lat' dir='ltr'>de</span> <span class='ocrx_word' id='word_1_455' title='bbox 1945 1550 1984 1576; x_wconf 90' lang='lat' dir='ltr'>re</span> <span class='ocrx_word' id='word_1_456' title='bbox 2004 1537 2090 1575; x_wconf 83' lang='lat' dir='ltr'>vide</span> <span class='ocrx_word' id='word_1_457' title='bbox 2110 1537 2178 1575; x_wconf 89' lang='lat' dir='ltr'>Li-</span> 
     </span>
     <span class='ocr_line' id='line_1_68' title="bbox 1133 1587 2180 1638; baseline 0.002 -14"><span class='ocrx_word' id='word_1_458' title='bbox 1133 1587 1236 1625; x_wconf 89' lang='lat' dir='ltr'>vium</span> <span class='ocrx_word' id='word_1_459' title='bbox 1252 1615 1262 1632; x_wconf 96' lang='lat'>,</span> <span class='ocrx_word' id='word_1_460' title='bbox 1287 1587 1522 1627; x_wconf 85' lang='lat' dir='ltr'>Plutarchum</span> <span class='ocrx_word' id='word_1_461' title='bbox 1546 1617 1556 1632; x_wconf 92' lang='lat'><strong><em>‚</em></strong></span> <span class='ocrx_word' id='word_1_462' title='bbox 1596 1590 1790 1638; x_wconf 87' lang='lat' dir='ltr'>Originem</span> <span class='ocrx_word' id='word_1_463' title='bbox 1819 1589 1936 1637; x_wconf 84' lang='lat' dir='ltr'>gentis</span> <span class='ocrx_word' id='word_1_464' title='bbox 1958 1590 2180 1632; x_wconf 83' lang='lat' dir='ltr'>Romanae;</span> 
     </span>
     <span class='ocr_line' id='line_1_69' title="bbox 1129 1637 2176 1688; baseline 0.002 -14"><span class='ocrx_word' id='word_1_465' title='bbox 1129 1637 1191 1675; x_wconf 90' lang='lat' dir='ltr'>ubi</span> <span class='ocrx_word' id='word_1_466' title='bbox 1215 1637 1328 1675; x_wconf 79' lang='lat' dir='ltr'>multa</span> <span class='ocrx_word' id='word_1_467' title='bbox 1349 1650 1393 1676; x_wconf 85' lang='lat' dir='ltr'>ex</span> <span class='ocrx_word' id='word_1_468' title='bbox 1416 1639 1668 1688; x_wconf 85' lang='lat' dir='ltr'>antiquiffimis</span> <span class='ocrx_word' id='word_1_469' title='bbox 1685 1639 1927 1687; x_wconf 88' lang='lat' dir='ltr'>scriptoribus.</span> <span class='ocrx_word' id='word_1_470' title='bbox 1960 1639 2046 1677; x_wconf 89' lang='lat' dir='ltr'>vide</span> <span class='ocrx_word' id='word_1_471' title='bbox 2064 1640 2176 1677; x_wconf 89' lang='lat' dir='ltr'>etiam</span> 
     </span>
     <span class='ocr_line' id='line_1_70' title="bbox 1130 1688 2177 1738; baseline 0.002 -13"><span class='ocrx_word' id='word_1_472' title='bbox 1130 1688 1288 1726; x_wconf 90' lang='lat' dir='ltr'>Plinium</span> <span class='ocrx_word' id='word_1_473' title='bbox 1308 1689 1368 1727; x_wconf 88' lang='lat' dir='ltr'>lib.</span> <span class='ocrx_word' id='word_1_474' title='bbox 1391 1702 1469 1727; x_wconf 79' lang='lat' dir='ltr'>xiv.</span> <span class='ocrx_word' id='word_1_475' title='bbox 1497 1701 1575 1738; x_wconf 87' lang='lat' dir='ltr'>cap.</span> <span class='ocrx_word' id='word_1_476' title='bbox 1597 1703 1652 1728; x_wconf 84' lang='lat'>12.</span> <span class='ocrx_word' id='word_1_477' title='bbox 1680 1690 1803 1727; x_wconf 61' lang='lat' dir='ltr'>Neam.</span> <span class='ocrx_word' id='word_1_478' title='bbox 1832 1688 2032 1727; x_wconf 88' lang='lat' dir='ltr'>Historiam</span> <span class='ocrx_word' id='word_1_479' title='bbox 2053 1689 2177 1737; x_wconf 85' lang='lat' dir='ltr'>paullo</span> 
     </span>
     <span class='ocr_line' id='line_1_71' title="bbox 1132 1738 2180 1779; baseline 0.001 -3"><span class='ocrx_word' id='word_1_480' title='bbox 1132 1738 1233 1776; x_wconf 88' lang='lat' dir='ltr'>aliter</span> <span class='ocrx_word' id='word_1_481' title='bbox 1254 1751 1300 1778; x_wconf 88' lang='lat' dir='ltr'>ex</span> <span class='ocrx_word' id='word_1_482' title='bbox 1323 1740 1468 1779; x_wconf 86' lang='lat' dir='ltr'>Catone</span> <span class='ocrx_word' id='word_1_483' title='bbox 1498 1748 1616 1777; x_wconf 89' lang='lat' dir='ltr'>narrat</span> <span class='ocrx_word' id='word_1_484' title='bbox 1638 1740 1850 1778; x_wconf 89' lang='lat' dir='ltr'>Macrobius</span> <span class='ocrx_word' id='word_1_485' title='bbox 1873 1739 2116 1777; x_wconf 86' lang='lat' dir='ltr'>Saturnalium</span> <span class='ocrx_word' id='word_1_486' title='bbox 2135 1739 2180 1777; x_wconf 88' lang='lat' dir='ltr'>li-</span> 
     </span>
     <span class='ocr_line' id='line_1_72' title="bbox 1132 1788 2180 1839; baseline 0.001 -13"><span class='ocrx_word' id='word_1_487' title='bbox 1132 1788 1198 1827; x_wconf 92' lang='lat' dir='ltr'>bro</span> <span class='ocrx_word' id='word_1_488' title='bbox 1219 1799 1272 1829; x_wconf 88' lang='lat' dir='ltr'>1v.</span> <span class='ocrx_word' id='word_1_489' title='bbox 1294 1802 1371 1839; x_wconf 86' lang='lat' dir='ltr'>cap.</span> <span class='ocrx_word' id='word_1_490' title='bbox 1387 1803 1419 1828; x_wconf 88' lang='lat'>2.</span> <span class='ocrx_word' id='word_1_491' title='bbox 1448 1790 1515 1828; x_wconf 80' lang='lat' dir='ltr'>Ait</span> <span class='ocrx_word' id='word_1_492' title='bbox 1528 1796 1617 1827; x_wconf 88' lang='lat' dir='ltr'>Cato</span> <span class='ocrx_word' id='word_1_493' title='bbox 1637 1790 1820 1839; x_wconf 82' lang='lat' dir='ltr'>Originum</span> <span class='ocrx_word' id='word_1_494' title='bbox 1841 1789 1926 1826; x_wconf 83' lang='lat' dir='ltr'>libro</span> <span class='ocrx_word' id='word_1_495' title='bbox 1946 1790 2054 1839; x_wconf 83' lang='lat' dir='ltr'>primo</span> <span class='ocrx_word' id='word_1_496' title='bbox 2071 1817 2081 1834; x_wconf 93' lang='lat'>,</span> <span class='ocrx_word' id='word_1_497' title='bbox 2100 1795 2180 1827; x_wconf 90' lang='lat' dir='ltr'>Me-</span> 
     </span>
     <span class='ocr_line' id='line_1_73' title="bbox 1132 1840 2181 1892; baseline 0 -15"><span class='ocrx_word' id='word_1_498' title='bbox 1132 1840 1295 1878; x_wconf 78' lang='lat' dir='ltr'>zentium</span> <span class='ocrx_word' id='word_1_499' title='bbox 1307 1841 1446 1879; x_wconf 81' lang='lat' dir='ltr'>Rutulis</span> <span class='ocrx_word' id='word_1_500' title='bbox 1466 1841 1659 1892; x_wconf 66' lang='lat' dir='ltr'>imperaffie,</span> <span class='ocrx_word' id='word_1_501' title='bbox 1684 1851 1725 1878; x_wconf 84' lang='lat' dir='ltr'>ut</span> <span class='ocrx_word' id='word_1_502' title='bbox 1741 1840 1809 1888; x_wconf 80' lang='lat' dir='ltr'>fibi</span> <span class='ocrx_word' id='word_1_503' title='bbox 1825 1840 1982 1890; x_wconf 71' lang='lat' dir='ltr'>offerrent</span> <span class='ocrx_word' id='word_1_504' title='bbox 2004 1853 2090 1890; x_wconf 78' lang='lat' dir='ltr'>quas</span> <span class='ocrx_word' id='word_1_505' title='bbox 2112 1841 2181 1877; x_wconf 80' lang='lat' dir='ltr'>diis</span> 
     </span>
     <span class='ocr_line' id='line_1_74' title="bbox 1127 1890 2179 1941; baseline 0.001 -13"><span class='ocrx_word' id='word_1_506' title='bbox 1127 1890 1306 1940; x_wconf 80' lang='lat' dir='ltr'>primitias</span> <span class='ocrx_word' id='word_1_507' title='bbox 1325 1891 1529 1941; x_wconf 69' lang='lat' dir='ltr'>offerebant,</span> <span class='ocrx_word' id='word_1_508' title='bbox 1556 1905 1598 1933; x_wconf 69' lang='lat'>&amp;-</span> <span class='ocrx_word' id='word_1_509' title='bbox 1621 1892 1764 1928; x_wconf 90' lang='lat' dir='ltr'>Latinos</span> <span class='ocrx_word' id='word_1_510' title='bbox 1783 1890 1908 1940; x_wconf 81' lang='lat' dir='ltr'>similis</span> <span class='ocrx_word' id='word_1_511' title='bbox 1929 1892 2062 1940; x_wconf 83' lang='lat' dir='ltr'>imperii</span> <span class='ocrx_word' id='word_1_512' title='bbox 2083 1902 2179 1929; x_wconf 81' lang='lat' dir='ltr'>metu</span> 
     </span>
     <span class='ocr_line' id='line_1_75' title="bbox 1132 1941 2180 1992; baseline 0 -14"><span class='ocrx_word' id='word_1_513' title='bbox 1132 1943 1185 1979; x_wconf 85' lang='lat' dir='ltr'>ita</span> <span class='ocrx_word' id='word_1_514' title='bbox 1201 1943 1327 1992; x_wconf 79' lang='lat' dir='ltr'>vocasse</span> <span class='ocrx_word' id='word_1_515' title='bbox 1348 1944 1455 1992; x_wconf 83' lang='lat' dir='ltr'>(puto</span> <span class='ocrx_word' id='word_1_516' title='bbox 1471 1972 1481 1988; x_wconf 94' lang='lat'>,</span> <span class='ocrx_word' id='word_1_517' title='bbox 1509 1943 1562 1980; x_wconf 85' lang='lat' dir='ltr'>ita</span> <span class='ocrx_word' id='word_1_518' title='bbox 1582 1944 1714 1989; x_wconf 79' lang='lat' dir='ltr'>Jovem</span> <span class='ocrx_word' id='word_1_519' title='bbox 1735 1941 1902 1991; x_wconf 85' lang='lat' dir='ltr'>invocaffe</span> <span class='ocrx_word' id='word_1_520' title='bbox 1919 1969 1929 1986; x_wconf 92' lang='lat'><strong>‚</strong></span> <span class='ocrx_word' id='word_1_521' title='bbox 1955 1943 2014 1980; x_wconf 87' lang='lat' dir='ltr'>vel</span> <span class='ocrx_word' id='word_1_522' title='bbox 2036 1943 2180 1991; x_wconf 85' lang='lat' dir='ltr'>vocaffe)</span> 
     </span>
     <span class='ocr_line' id='line_1_76' title="bbox 1135 2002 2175 2035; baseline 0.003 -3"><span class='ocrx_word' id='word_1_523' title='bbox 1135 2005 1343 2034; x_wconf 74' lang='lat' dir='ltr'>1vl³PrTER</span> <span class='ocrx_word' id='word_1_524' title='bbox 1384 2005 1423 2035; x_wconf 84' lang='lat' dir='ltr'>si</span> <span class='ocrx_word' id='word_1_525' title='bbox 1465 2006 1552 2034; x_wconf 79' lang='lat' dir='ltr'>T1131</span> <span class='ocrx_word' id='word_1_526' title='bbox 1594 2003 1737 2034; x_wconf 81' lang='lat' dir='ltr'>MAGiS</span> <span class='ocrx_word' id='word_1_527' title='bbox 1779 2004 1925 2034; x_wconf 78' lang='lat' dir='ltr'>CORD1</span> <span class='ocrx_word' id='word_1_528' title='bbox 1966 2003 2046 2034; x_wconf 71' lang='lat' dir='ltr'>Est</span> <span class='ocrx_word' id='word_1_529' title='bbox 2090 2002 2175 2035; x_wconf 73' lang='lat' dir='ltr'>Nos</span> 
     </span>
     <span class='ocr_line' id='line_1_77' title="bbox 1134 2057 2180 2097; baseline 0.001 -11"><span class='ocrx_word' id='word_1_530' title='bbox 1134 2058 1194 2087; x_wconf 78' lang='grc' dir='ltr'>ΕΑ</span> <span class='ocrx_word' id='word_1_531' title='bbox 1235 2060 1322 2088; x_wconf 77' lang='lat' dir='ltr'>Tim</span> <span class='ocrx_word' id='word_1_532' title='bbox 1373 2060 1501 2089; x_wconf 73' lang='lat' dir='ltr'>DARE</span> <span class='ocrx_word' id='word_1_533' title='bbox 1549 2058 1709 2088; x_wconf 81' lang='lat' dir='ltr'>POT1VS</span> <span class='ocrx_word' id='word_1_534' title='bbox 1765 2059 1894 2097; x_wconf 79' lang='lat' dir='ltr'><strong>QVAM</strong></span> <span class='ocrx_word' id='word_1_535' title='bbox 1944 2057 2180 2087; x_wconf 71' lang='lat' dir='ltr'>MEZENTio</span> 
     </span>
    </p>
   </div>
   <div class='ocr_carea' id='block_1_16' title="bbox 1129 2100 2180 2709">
    <p class='ocr_par' dir='ltr' id='par_1_22' title="bbox 1132 2100 2180 2400">
     <span class='ocr_line' id='line_1_78' title="bbox 1137 2100 2178 2151; baseline -0.001 -11"><span class='ocrx_word' id='word_1_536' title='bbox 1137 2114 1241 2141; x_wconf 65' lang='lat' dir='ltr'>vrci</span> <span class='ocrx_word' id='word_1_537' title='bbox 1273 2114 1358 2143; x_wconf 75' lang='lat' dir='ltr'>Nos</span> <span class='ocrx_word' id='word_1_538' title='bbox 1391 2112 1615 2143; x_wconf 73' lang='lat' dir='ltr'>vicrOREs</span> <span class='ocrx_word' id='word_1_539' title='bbox 1647 2111 1823 2142; x_wconf 72' lang='lat' dir='ltr'>FAciAs.</span> <span class='ocrx_word' id='word_1_540' title='bbox 1883 2106 1968 2148; x_wconf 81' lang='lat' dir='ltr'>Ergo</span> <span class='ocrx_word' id='word_1_541' title='bbox 2004 2100 2095 2151; x_wconf 82' lang='lat' dir='ltr'>quod</span> <span class='ocrx_word' id='word_1_542' title='bbox 2122 2101 2178 2137; x_wconf 85' lang='lat' dir='ltr'>di-</span> 
     </span>
     <span class='ocr_line' id='line_1_79' title="bbox 1135 2155 2178 2206; baseline 0.003 -14"><span class='ocrx_word' id='word_1_543' title='bbox 1135 2155 1393 2194; x_wconf 69' lang='lat' dir='ltr'>vinoshonores</span> <span class='ocrx_word' id='word_1_544' title='bbox 1416 2155 1482 2206; x_wconf 82' lang='lat' dir='ltr'>fibi</span> <span class='ocrx_word' id='word_1_545' title='bbox 1505 2165 1683 2205; x_wconf 78' lang='lat' dir='ltr'>exegerat,</span> <span class='ocrx_word' id='word_1_546' title='bbox 1710 2155 1829 2193; x_wconf 88' lang='lat' dir='ltr'>merito</span> <span class='ocrx_word' id='word_1_547' title='bbox 1852 2155 1965 2192; x_wconf 73' lang='lat' dir='ltr'>dio‘lus</span> <span class='ocrx_word' id='word_1_548' title='bbox 1991 2156 2017 2194; x_wconf 71' lang='grc' dir='ltr'><em>ὰ</em></span> <span class='ocrx_word' id='word_1_549' title='bbox 2040 2157 2178 2205; x_wconf 83' lang='lat' dir='ltr'>Virgilio</span> 
     </span>
     <span class='ocr_line' id='line_1_80' title="bbox 1133 2206 2180 2255; baseline 0.002 -13"><span class='ocrx_word' id='word_1_550' title='bbox 1133 2216 1318 2245; x_wconf 83' lang='lat' dir='ltr'>contemtor</span> <span class='ocrx_word' id='word_1_551' title='bbox 1338 2208 1486 2246; x_wconf 86' lang='lat' dir='ltr'>deorum.</span> <span class='ocrx_word' id='word_1_552' title='bbox 1541 2207 1631 2244; x_wconf 86' lang='lat' dir='ltr'>Hinc</span> <span class='ocrx_word' id='word_1_553' title='bbox 1653 2206 1711 2255; x_wconf 87' lang='lat' dir='ltr'>pia</span> <span class='ocrx_word' id='word_1_554' title='bbox 1733 2206 1796 2242; x_wconf 86' lang='lat' dir='ltr'>illa</span> <span class='ocrx_word' id='word_1_555' title='bbox 1826 2206 2008 2254; x_wconf 81' lang='lat' dir='ltr'>insultatio</span> <span class='ocrx_word' id='word_1_556' title='bbox 2024 2208 2180 2253; x_wconf 84' lang='lat' dir='ltr'>sacerdo-</span> 
     </span>
     <span class='ocr_line' id='line_1_81' title="bbox 1135 2257 2177 2308; baseline 0.002 -15"><span class='ocrx_word' id='word_1_557' title='bbox 1135 2257 1200 2302; x_wconf 85' lang='lat' dir='ltr'>tis,</span> <span class='ocrx_word' id='word_1_558' title='bbox 1228 2257 1310 2295; x_wconf 83' lang='lat' dir='ltr'>haec</span> <span class='ocrx_word' id='word_1_559' title='bbox 1330 2260 1418 2308; x_wconf 85' lang='lat' dir='ltr'>sunt</span> <span class='ocrx_word' id='word_1_560' title='bbox 1438 2258 1546 2307; x_wconf 84' lang='lat' dir='ltr'>spolia</span> <span class='ocrx_word' id='word_1_561' title='bbox 1577 2269 1620 2298; x_wconf 68' lang='grc'>(9·</span> <span class='ocrx_word' id='word_1_562' title='bbox 1649 2257 1690 2293; x_wconf 86' lang='lat' dir='ltr'>de</span> <span class='ocrx_word' id='word_1_563' title='bbox 1717 2270 1787 2305; x_wconf 79' lang='lat' dir='ltr'>rege</span> <span class='ocrx_word' id='word_1_564' title='bbox 1813 2257 1951 2305; x_wconf 81' lang='lat' dir='ltr'>superbo</span> <span class='ocrx_word' id='word_1_565' title='bbox 1973 2258 2177 2303; x_wconf 83' lang='lat' dir='ltr'>Primitiae,</span> 
     </span>
     <span class='ocr_line' id='line_1_82' title="bbox 1133 2308 2178 2358; baseline 0.002 -15"><span class='ocrx_word' id='word_1_566' title='bbox 1133 2318 1172 2344; x_wconf 89' lang='lat' dir='ltr'>ut</span> <span class='ocrx_word' id='word_1_567' title='bbox 1192 2309 1327 2347; x_wconf 86' lang='lat' dir='ltr'>nomine</span> <span class='ocrx_word' id='word_1_568' title='bbox 1348 2310 1582 2347; x_wconf 79' lang='lat' dir='ltr'>contumaciae</span> <span class='ocrx_word' id='word_1_569' title='bbox 1596 2336 1604 2352; x_wconf 94' lang='lat'>,</span> <span class='ocrx_word' id='word_1_570' title='bbox 1634 2308 1729 2358; x_wconf 82' lang='lat' dir='ltr'>cujus</span> <span class='ocrx_word' id='word_1_571' title='bbox 1739 2317 1862 2357; x_wconf 85' lang='lat' dir='ltr'>poenas</span> <span class='ocrx_word' id='word_1_572' title='bbox 1883 2308 1973 2353; x_wconf 69' lang='lat' dir='ltr'>luit,</span> <span class='ocrx_word' id='word_1_573' title='bbox 2003 2319 2117 2357; x_wconf 86' lang='lat' dir='ltr'>raptas</span> <span class='ocrx_word' id='word_1_574' title='bbox 2138 2309 2178 2345; x_wconf 84' lang='lat' dir='ltr'>de</span> 
     </span>
     <span class='ocr_line' id='line_1_83' title="bbox 1132 2360 1700 2400; baseline 0.002 -5"><span class='ocrx_word' id='word_1_575' title='bbox 1132 2371 1165 2395; x_wconf 88' lang='lat' dir='ltr'>eo</span> <span class='ocrx_word' id='word_1_576' title='bbox 1185 2369 1319 2397; x_wconf 82' lang='lat' dir='ltr'>notaret</span> <span class='ocrx_word' id='word_1_577' title='bbox 1341 2360 1500 2397; x_wconf 77' lang='lat' dir='ltr'>exuvias.</span> <span class='ocrx_word' id='word_1_578' title='bbox 1530 2362 1671 2398; x_wconf 58' lang='lat' dir='ltr'>Herus.</span> <span class='ocrx_word' id='word_1_579' title='bbox 1697 2398 1700 2400; x_wconf 68' lang='grc'>,</span> 
     </span>
    </p>

    <p class='ocr_par' dir='ltr' id='par_1_23' title="bbox 1129 2408 2178 2709">
     <span class='ocr_line' id='line_1_84' title="bbox 1185 2408 2175 2459; baseline 0 -12"><span class='ocrx_word' id='word_1_580' title='bbox 1185 2410 1270 2448; x_wconf 83' lang='grc'><strong>880.</strong></span> <span class='ocrx_word' id='word_1_581' title='bbox 1297 2415 1457 2459; x_wconf 80' lang='lat' dir='ltr'>Etruscas</span> <span class='ocrx_word' id='word_1_582' title='bbox 1479 2416 1614 2446; x_wconf 85' lang='lat' dir='ltr'>Turnus</span> <span class='ocrx_word' id='word_1_583' title='bbox 1633 2409 1760 2445; x_wconf 85' lang='lat' dir='ltr'>adorat</span> <span class='ocrx_word' id='word_1_584' title='bbox 1779 2408 1889 2457; x_wconf 78' lang='lat' dir='ltr'>opes.]</span> <span class='ocrx_word' id='word_1_585' title='bbox 1927 2409 2082 2458; x_wconf 79' lang='lat' dir='ltr'>Adoptat</span> <span class='ocrx_word' id='word_1_586' title='bbox 2100 2409 2175 2447; x_wconf 77' lang='lat' dir='ltr'>Zu-</span> 
     </span>
     <span class='ocr_line' id='line_1_85' title="bbox 1129 2459 2176 2508; baseline 0.001 -11"><span class='ocrx_word' id='word_1_587' title='bbox 1129 2459 1381 2497; x_wconf 86' lang='lat' dir='ltr'>lichemianus.</span> <span class='ocrx_word' id='word_1_588' title='bbox 1410 2462 1563 2508; x_wconf 88' lang='lat' dir='ltr'>optime.</span> <span class='ocrx_word' id='word_1_589' title='bbox 1585 2461 1658 2496; x_wconf 90' lang='lat' dir='ltr'>hoc</span> <span class='ocrx_word' id='word_1_590' title='bbox 1672 2459 1740 2502; x_wconf 88' lang='lat' dir='ltr'>est,</span> <span class='ocrx_word' id='word_1_591' title='bbox 1769 2459 1939 2497; x_wconf 86' lang='lat' dir='ltr'>adsciscit.</span> <span class='ocrx_word' id='word_1_592' title='bbox 1961 2462 2176 2498; x_wconf 77' lang='lat' dir='ltr'>externas&amp;</span> 
     </span>
     <span class='ocr_line' id='line_1_86' title="bbox 1132 2508 2176 2557; baseline 0.002 -12"><span class='ocrx_word' id='word_1_593' title='bbox 1132 2509 1321 2546; x_wconf 83' lang='lat' dir='ltr'>auxiliares</span> <span class='ocrx_word' id='word_1_594' title='bbox 1338 2511 1460 2557; x_wconf 85' lang='lat' dir='ltr'>copias</span> <span class='ocrx_word' id='word_1_595' title='bbox 1482 2509 1548 2547; x_wconf 82' lang='lat' dir='ltr'>suis</span> <span class='ocrx_word' id='word_1_596' title='bbox 1571 2509 1746 2556; x_wconf 83' lang='lat' dir='ltr'>adjungit.</span> <span class='ocrx_word' id='word_1_597' title='bbox 1774 2508 1942 2546; x_wconf 87' lang='lat' dir='ltr'>Vatinius</span> <span class='ocrx_word' id='word_1_598' title='bbox 1962 2509 2176 2557; x_wconf 83' lang='lat' dir='ltr'>apudCice—</span> 
     </span>
     <span class='ocr_line' id='line_1_87' title="bbox 1131 2558 2176 2609; baseline 0.002 -15"><span class='ocrx_word' id='word_1_599' title='bbox 1131 2569 1263 2596; x_wconf 87' lang='lat' dir='ltr'>ronem</span> <span class='ocrx_word' id='word_1_600' title='bbox 1283 2558 1341 2595; x_wconf 90' lang='lat' dir='ltr'>lib.</span> <span class='ocrx_word' id='word_1_601' title='bbox 1363 2571 1398 2596; x_wconf 92' lang='lat' dir='ltr'>v.</span> <span class='ocrx_word' id='word_1_602' title='bbox 1428 2560 1496 2607; x_wconf 85' lang='lat' dir='ltr'>Ep.</span> <span class='ocrx_word' id='word_1_603' title='bbox 1518 2559 1646 2595; x_wconf 84' lang='lat' dir='ltr'>Famil.</span> <span class='ocrx_word' id='word_1_604' title='bbox 1667 2570 1705 2606; x_wconf 83' lang='grc'>9.</span> <span class='ocrx_word' id='word_1_605' title='bbox 1757 2562 1822 2605; x_wconf 80' lang='lat' dir='ltr'>Ego</span> <span class='ocrx_word' id='word_1_606' title='bbox 1853 2571 1970 2596; x_wconf 80' lang='lat' dir='ltr'>autem</span> <span class='ocrx_word' id='word_1_607' title='bbox 2002 2573 2101 2609; x_wconf 81' lang='lat' dir='ltr'>quem</span> <span class='ocrx_word' id='word_1_608' title='bbox 2115 2570 2176 2608; x_wconf 82' lang='lat' dir='ltr'>po-</span> 
     </span>
     <span class='ocr_line' id='line_1_88' title="bbox 1132 2608 2178 2660; baseline 0.003 -16"><span class='ocrx_word' id='word_1_609' title='bbox 1132 2609 1201 2644; x_wconf 87' lang='lat' dir='ltr'>tius</span> <span class='ocrx_word' id='word_1_610' title='bbox 1223 2608 1380 2656; x_wconf 78' lang='lat' dir='ltr'>adoptem</span> <span class='ocrx_word' id='word_1_611' title='bbox 1402 2619 1464 2644; x_wconf 87' lang='lat' dir='ltr'>aut</span> <span class='ocrx_word' id='word_1_612' title='bbox 1489 2609 1644 2645; x_wconf 85' lang='lat' dir='ltr'>invocem</span> <span class='ocrx_word' id='word_1_613' title='bbox 1659 2635 1669 2652; x_wconf 91' lang='lat'>,</span> <span class='ocrx_word' id='word_1_614' title='bbox 1697 2621 1804 2657; x_wconf 83' lang='lat' dir='ltr'>quam</span> <span class='ocrx_word' id='word_1_615' title='bbox 1824 2609 1925 2645; x_wconf 78' lang='lat' dir='ltr'>illum</span> <span class='ocrx_word' id='word_1_616' title='bbox 1939 2637 1950 2654; x_wconf 92' lang='lat'>,</span> <span class='ocrx_word' id='word_1_617' title='bbox 1975 2624 2039 2660; x_wconf 73' lang='lat' dir='ltr'>quo</span> <span class='ocrx_word' id='word_1_618' title='bbox 2061 2610 2178 2659; x_wconf 47' lang='lat' dir='ltr'>desenfi</span> 
     </span>
     <span class='ocr_line' id='line_1_89' title="bbox 1132 2658 2050 2709; baseline 0.002 -15"><span class='ocrx_word' id='word_1_619' title='bbox 1132 2658 1232 2695; x_wconf 85' lang='lat' dir='ltr'>dente</span> <span class='ocrx_word' id='word_1_620' title='bbox 1254 2660 1390 2696; x_wconf 82' lang='lat' dir='ltr'>vincere</span> <span class='ocrx_word' id='word_1_621' title='bbox 1413 2659 1546 2696; x_wconf 84' lang='lat' dir='ltr'>didici?</span> <span class='ocrx_word' id='word_1_622' title='bbox 1575 2660 1706 2696; x_wconf 81' lang='lat' dir='ltr'>Statius</span> <span class='ocrx_word' id='word_1_623' title='bbox 1725 2659 1846 2696; x_wconf 84' lang='lat' dir='ltr'>Theb.</span> <span class='ocrx_word' id='word_1_624' title='bbox 1870 2673 1944 2699; x_wconf 73' lang='lat' dir='ltr'>vri.</span> <span class='ocrx_word' id='word_1_625' title='bbox 1965 2673 2050 2709; x_wconf 79' lang='lat'>259.</span> 
     </span>
    </p>
   </div>
   <div class='ocr_carea' id='block_1_17' title="bbox 1126 2723 2178 3379">
    <p class='ocr_par' dir='ltr' id='par_1_24' title="bbox 1182 2723 2150 2778">
     <span class='ocr_line' id='line_1_90' title="bbox 1182 2723 2150 2778; baseline 0.008 -19"><span class='ocrx_word' id='word_1_626' title='bbox 1182 2723 1352 2771; x_wconf 74' lang='lat' dir='ltr'>Jungunt</span> <span class='ocrx_word' id='word_1_627' title='bbox 1367 2724 1405 2771; x_wconf 87' lang='lat' dir='ltr'>se</span> <span class='ocrx_word' id='word_1_628' title='bbox 1427 2723 1542 2769; x_wconf 82' lang='lat' dir='ltr'>castris</span> <span class='ocrx_word' id='word_1_629' title='bbox 1557 2751 1566 2767; x_wconf 90' lang='lat'><em>‚</em></span> <span class='ocrx_word' id='word_1_630' title='bbox 1594 2724 1743 2774; x_wconf 77' lang='lat' dir='ltr'>regisque</span> <span class='ocrx_word' id='word_1_631' title='bbox 1774 2724 1811 2762; x_wconf 86' lang='lat' dir='ltr'>in</span> <span class='ocrx_word' id='word_1_632' title='bbox 1837 2739 1960 2764; x_wconf 87' lang='lat' dir='ltr'>nomen</span> <span class='ocrx_word' id='word_1_633' title='bbox 1981 2728 2150 2778; x_wconf 69' lang='lat' dir='ltr'>adoptant</span> 
     </span>
    </p>

    <p class='ocr_par' dir='ltr' id='par_1_25' title="bbox 1126 2774 2178 3169">
     <span class='ocr_line' id='line_1_91' title="bbox 1184 2774 1566 2824; baseline 0 -15"><span class='ocrx_word' id='word_1_634' title='bbox 1184 2774 1328 2810; x_wconf 88' lang='lat' dir='ltr'>Ocaleae</span> <span class='ocrx_word' id='word_1_635' title='bbox 1345 2774 1566 2824; x_wconf 66' lang='lat' dir='ltr'>Medeonque⁴</span> 
     </span>
     <span class='ocr_line' id='line_1_92' title="bbox 1133 2824 2178 2880; baseline 0.009 -20"><span class='ocrx_word' id='word_1_636' title='bbox 1133 2824 1279 2862; x_wconf 87' lang='lat' dir='ltr'>Nonius</span> <span class='ocrx_word' id='word_1_637' title='bbox 1292 2825 1486 2864; x_wconf 83' lang='lat' dir='ltr'>Marcellus</span> <span class='ocrx_word' id='word_1_638' title='bbox 1504 2853 1514 2869; x_wconf 94' lang='lat'><strong><em>,</em></strong></span> <span class='ocrx_word' id='word_1_639' title='bbox 1543 2824 1698 2874; x_wconf 82' lang='lat' dir='ltr'>optiones</span> <span class='ocrx_word' id='word_1_640' title='bbox 1717 2825 1754 2863; x_wconf 87' lang='lat' dir='ltr'>in</span> <span class='ocrx_word' id='word_1_641' title='bbox 1774 2827 1987 2874; x_wconf 81' lang='lat' dir='ltr'>cohortibus,</span> <span class='ocrx_word' id='word_1_642' title='bbox 2015 2829 2076 2880; x_wconf 84' lang='lat' dir='ltr'>qui</span> <span class='ocrx_word' id='word_1_643' title='bbox 2089 2831 2178 2879; x_wconf 79' lang='lat' dir='ltr'>sunt</span> 
     </span>
     <span class='ocr_line' id='line_1_93' title="bbox 1132 2873 2176 2926; baseline 0.01 -17"><span class='ocrx_word' id='word_1_644' title='bbox 1132 2873 1257 2920; x_wconf 82' lang='lat' dir='ltr'>honesti</span> <span class='ocrx_word' id='word_1_645' title='bbox 1274 2875 1426 2922; x_wconf 81' lang='lat' dir='ltr'>gradus,</span> <span class='ocrx_word' id='word_1_646' title='bbox 1453 2886 1493 2911; x_wconf 88' lang='lat' dir='ltr'>ut</span> <span class='ocrx_word' id='word_1_647' title='bbox 1513 2884 1641 2923; x_wconf 80' lang='lat' dir='ltr'>optatos</span> <span class='ocrx_word' id='word_1_648' title='bbox 1661 2904 1671 2920; x_wconf 91' lang='lat'><strong>,</strong></span> <span class='ocrx_word' id='word_1_649' title='bbox 1696 2877 1785 2926; x_wconf 80' lang='lat' dir='ltr'>quod</span> <span class='ocrx_word' id='word_1_650' title='bbox 1803 2878 1844 2925; x_wconf 85' lang='lat' dir='ltr'>est</span> <span class='ocrx_word' id='word_1_651' title='bbox 1864 2879 1999 2925; x_wconf 61' lang='lat' dir='ltr'>eleetos,</span> <span class='ocrx_word' id='word_1_652' title='bbox 2027 2893 2071 2920; x_wconf 67' lang='grc' dir='ltr'>(φ</span> <span class='ocrx_word' id='word_1_653' title='bbox 2091 2883 2176 2918; x_wconf 80' lang='lat' dir='ltr'>ado-</span> 
     </span>
     <span class='ocr_line' id='line_1_94' title="bbox 1126 2925 2176 2979; baseline 0.01 -20"><span class='ocrx_word' id='word_1_654' title='bbox 1126 2934 1242 2972; x_wconf 84' lang='lat' dir='ltr'>ptatos</span> <span class='ocrx_word' id='word_1_655' title='bbox 1254 2952 1263 2968; x_wconf 86' lang='lat'>,</span> <span class='ocrx_word' id='word_1_656' title='bbox 1277 2925 1366 2974; x_wconf 77' lang='lat' dir='ltr'>quod</span> <span class='ocrx_word' id='word_1_657' title='bbox 1386 2925 1429 2969; x_wconf 75' lang='lat' dir='ltr'>eli</span> <span class='ocrx_word' id='word_1_658' title='bbox 1441 2926 1584 2974; x_wconf 55' lang='lat' dir='ltr'>adscitos</span> <span class='ocrx_word' id='word_1_659' title='bbox 1598 2929 1728 2969; x_wconf 78' lang='lat' dir='ltr'>‚Warro</span> <span class='ocrx_word' id='word_1_660' title='bbox 1745 2928 1785 2965; x_wconf 89' lang='lat' dir='ltr'>de</span> <span class='ocrx_word' id='word_1_661' title='bbox 1806 2928 1884 2965; x_wconf 83' lang='lat' dir='ltr'>vita</span> <span class='ocrx_word' id='word_1_662' title='bbox 1891 2931 2005 2979; x_wconf 80' lang='lat' dir='ltr'>populi</span> <span class='ocrx_word' id='word_1_663' title='bbox 2027 2932 2176 2970; x_wconf 81' lang='lat' dir='ltr'>Romani</span> 
     </span>
     <span class='ocr_line' id='line_1_95' title="bbox 1134 2973 2171 3024; baseline 0.011 -15"><span class='ocrx_word' id='word_1_664' title='bbox 1134 2973 1218 3010; x_wconf 84' lang='lat' dir='ltr'>libro</span> <span class='ocrx_word' id='word_1_665' title='bbox 1240 2977 1338 3012; x_wconf 80' lang='lat' dir='ltr'>tertio</span> <span class='ocrx_word' id='word_1_666' title='bbox 1360 2975 1535 3022; x_wconf 77' lang='lat' dir='ltr'>existimat</span> <span class='ocrx_word' id='word_1_667' title='bbox 1556 2977 1748 3024; x_wconf 82' lang='lat' dir='ltr'>appellatos.</span> <span class='ocrx_word' id='word_1_668' title='bbox 1769 2981 1969 3024; x_wconf 74' lang='lat' dir='ltr'>Referentur</span> <span class='ocrx_word' id='word_1_669' title='bbox 1989 2984 2171 3019; x_wconf 78' lang='lat' dir='ltr'>Centurio-</span> 
     </span>
     <span class='ocr_line' id='line_1_96' title="bbox 1134 3024 2176 3081; baseline 0.011 -22"><span class='ocrx_word' id='word_1_670' title='bbox 1134 3024 1233 3060; x_wconf 79' lang='lat' dir='ltr'>nibus</span> <span class='ocrx_word' id='word_1_671' title='bbox 1246 3053 1256 3068; x_wconf 89' lang='lat'><strong>‚</strong></span> <span class='ocrx_word' id='word_1_672' title='bbox 1285 3026 1439 3073; x_wconf 85' lang='lat' dir='ltr'>adoptati</span> <span class='ocrx_word' id='word_1_673' title='bbox 1450 3026 1487 3063; x_wconf 88' lang='lat' dir='ltr'>in</span> <span class='ocrx_word' id='word_1_674' title='bbox 1504 3025 1651 3063; x_wconf 83' lang='lat' dir='ltr'>cohortes</span> <span class='ocrx_word' id='word_1_675' title='bbox 1663 3055 1672 3071; x_wconf 89' lang='lat'><em>,</em></span> <span class='ocrx_word' id='word_1_676' title='bbox 1696 3027 1861 3076; x_wconf 69' lang='lat' dir='ltr'>subibant</span> <span class='ocrx_word' id='word_1_677' title='bbox 1875 3057 1884 3073; x_wconf 84' lang='lat'>,</span> <span class='ocrx_word' id='word_1_678' title='bbox 1912 3041 1952 3068; x_wconf 86' lang='lat' dir='ltr'>ut</span> <span class='ocrx_word' id='word_1_679' title='bbox 1961 3032 2092 3081; x_wconf 87' lang='lat' dir='ltr'>semper</span> <span class='ocrx_word' id='word_1_680' title='bbox 2106 3033 2176 3081; x_wconf 80' lang='lat' dir='ltr'>ple-</span> 
     </span>
     <span class='ocr_line' id='line_1_97' title="bbox 1134 3076 2174 3131; baseline 0.011 -21"><span class='ocrx_word' id='word_1_681' title='bbox 1134 3087 1197 3111; x_wconf 84' lang='lat' dir='ltr'>nae</span> <span class='ocrx_word' id='word_1_682' title='bbox 1224 3076 1322 3123; x_wconf 75' lang='lat' dir='ltr'>essent</span> <span class='ocrx_word' id='word_1_683' title='bbox 1346 3076 1497 3125; x_wconf 81' lang='lat' dir='ltr'>legiones.</span> <span class='ocrx_word' id='word_1_684' title='bbox 1534 3077 1678 3116; x_wconf 67' lang='lat' dir='ltr'>Hzms.</span> <span class='ocrx_word' id='word_1_685' title='bbox 1708 3082 1753 3115; x_wconf 81' lang='lat' dir='ltr'>Et</span> <span class='ocrx_word' id='word_1_686' title='bbox 1775 3079 1924 3130; x_wconf 81' lang='lat' dir='ltr'>Thuscas</span> <span class='ocrx_word' id='word_1_687' title='bbox 1952 3083 2088 3121; x_wconf 76' lang='lat' dir='ltr'>Sarrav.</span> <span class='ocrx_word' id='word_1_688' title='bbox 2108 3094 2174 3131; x_wconf 87' lang='lat' dir='ltr'>pro</span> 
     </span>
     <span class='ocr_line' id='line_1_98' title="bbox 1136 3125 1436 3169; baseline 0.01 -8"><span class='ocrx_word' id='word_1_689' title='bbox 1136 3125 1232 3162; x_wconf 88' lang='lat' dir='ltr'>varia</span> <span class='ocrx_word' id='word_1_690' title='bbox 1250 3125 1436 3169; x_wconf 54' lang='lat' dir='ltr'>merione}</span> 
     </span>
    </p>

    <p class='ocr_par' dir='ltr' id='par_1_26' title="bbox 1134 3175 2174 3275">
     <span class='ocr_line' id='line_1_99' title="bbox 1188 3175 2174 3231; baseline 0.007 -20"><span class='ocrx_word' id='word_1_691' title='bbox 1188 3175 1274 3212; x_wconf 78' lang='lat'>882.</span> <span class='ocrx_word' id='word_1_692' title='bbox 1304 3177 1361 3213; x_wconf 80' lang='lat' dir='ltr'>Vel</span> <span class='ocrx_word' id='word_1_693' title='bbox 1382 3191 1464 3228; x_wconf 75' lang='lat' dir='ltr'>equo</span> <span class='ocrx_word' id='word_1_694' title='bbox 1484 3178 1674 3229; x_wconf 53' lang='lat' dir='ltr'>magma]</span> <span class='ocrx_word' id='word_1_695' title='bbox 1715 3180 1773 3217; x_wconf 85' lang='lat' dir='ltr'>Vel</span> <span class='ocrx_word' id='word_1_696' title='bbox 1794 3195 1875 3231; x_wconf 84' lang='lat' dir='ltr'>equo</span> <span class='ocrx_word' id='word_1_697' title='bbox 1897 3182 2041 3218; x_wconf 79' lang='lat' dir='ltr'>dubium</span> <span class='ocrx_word' id='word_1_698' title='bbox 2069 3181 2127 3218; x_wconf 77' lang='lat' dir='ltr'>vel</span> <span class='ocrx_word' id='word_1_699' title='bbox 2142 3190 2174 3228; x_wconf 82' lang='lat' dir='ltr'>p.</span> 
     </span>
     <span class='ocr_line' id='line_1_100' title="bbox 1134 3226 1975 3275; baseline 0.007 -13"><span class='ocrx_word' id='word_1_700' title='bbox 1134 3226 1281 3272; x_wconf 88' lang='lat' dir='ltr'>Junian.</span> <span class='ocrx_word' id='word_1_701' title='bbox 1311 3240 1393 3275; x_wconf 79' lang='lat' dir='ltr'>equo</span> <span class='ocrx_word' id='word_1_702' title='bbox 1424 3229 1540 3265; x_wconf 85' lang='lat' dir='ltr'>nullus</span> <span class='ocrx_word' id='word_1_703' title='bbox 1562 3232 1701 3268; x_wconf 83' lang='lat' dir='ltr'>Moreti</span> <span class='ocrx_word' id='word_1_704' title='bbox 1724 3232 1762 3267; x_wconf 66' lang='grc' dir='ltr'>δε</span> <span class='ocrx_word' id='word_1_705' title='bbox 1784 3231 1975 3269; x_wconf 86' lang='lat' dir='ltr'>Pembroc.</span> 
     </span>
    </p>

    <p class='ocr_par' dir='ltr' id='par_1_27' title="bbox 1136 3276 2173 3379">
     <span class='ocr_line' id='line_1_101' title="bbox 1187 3276 2173 3328; baseline 0 -12"><span class='ocrx_word' id='word_1_706' title='bbox 1187 3276 1270 3322; x_wconf 78' lang='lat'>884.</span> <span class='ocrx_word' id='word_1_707' title='bbox 1299 3278 1426 3327; x_wconf 59' lang='lat' dir='ltr'>Duae]</span> <span class='ocrx_word' id='word_1_708' title='bbox 1483 3286 1554 3319; x_wconf 73' lang='lat' dir='ltr'>Rex</span> <span class='ocrx_word' id='word_1_709' title='bbox 1574 3280 1660 3321; x_wconf 83' lang='lat' dir='ltr'>alter</span> <span class='ocrx_word' id='word_1_710' title='bbox 1683 3281 1835 3321; x_wconf 86' lang='lat' dir='ltr'>Moreti.</span> <span class='ocrx_word' id='word_1_711' title='bbox 1855 3283 1871 3319; x_wconf 71' lang='grc' dir='ltr'><strong>ὲ</strong></span> <span class='ocrx_word' id='word_1_712' title='bbox 1889 3292 2005 3318; x_wconf 84' lang='lat' dir='ltr'>contra</span> <span class='ocrx_word' id='word_1_713' title='bbox 2025 3281 2173 3328; x_wconf 81' lang='lat' dir='ltr'>septem.</span> 
     </span>
     <span class='ocr_line' id='line_1_102' title="bbox 1136 3327 1444 3379; baseline 0.003 -14"><span class='ocrx_word' id='word_1_714' title='bbox 1136 3327 1194 3379; x_wconf 79' lang='lat' dir='ltr'>hos</span> <span class='ocrx_word' id='word_1_715' title='bbox 1215 3336 1333 3378; x_wconf 71' lang='lat' dir='ltr'>contra</span> <span class='ocrx_word' id='word_1_716' title='bbox 1356 3328 1444 3366; x_wconf 84' lang='lat' dir='ltr'>duo.</span> 
     </span>
    </p>
   </div>
   <div class='ocr_carea' id='block_1_18' title="bbox 1312 3377 2195 3427">
    <p class='ocr_par' dir='ltr' id='par_1_28' title="bbox 1312 3377 2195 3427">
     <span class='ocr_line' id='line_1_103' title="bbox 1312 3377 2195 3427; baseline -0.007 -10"><span class='ocrx_word' id='word_1_717' title='bbox 1312 3377 1373 3426; x_wconf 86' lang='lat' dir='ltr'>Pp</span> <span class='ocrx_word' id='word_1_718' title='bbox 1402 3389 1425 3427; x_wconf 70' lang='lat'>3</span> <span class='ocrx_word' id='word_1_719' title='bbox 1999 3377 2083 3426; x_wconf 73' lang='lat'>5385.</span> <span class='ocrx_word' id='word_1_720' title='bbox 2110 3382 2195 3416; x_wconf 55' lang='lat' dir='ltr'>stas.</span> 
     </span>
    </p>
   </div>
  </div>
 </body>
</html>
