2495 3675
414 163 1048 231 TRI-STIUM

1112 163 1174 222 -L
1210 185 1234 221 1
1267 183 1314 222 Β.
1389 159 1464 220 V.
1538 160 1713 250 ELEG.
1751 161 1889 220 XIII.

634 389 1197 464 ELEGIA
1338 386 1507 457 XIII.

462 548 581 603 Anc
607 561 726 603 tuus
754 546 784 601 ὲ
809 545 1011 602 Getico
1036 542 1202 600 mittit
1227 542 1323 597 tibi
1344 543 1485 598 Naso
1510 541 1756 600 salutem:

528 620 755 675 Mittere
781 633 895 671 rem
922 616 956 670 fi
982 616 1097 689 quis
1115 654 1130 678 ,
1175 617 1280 687 qua
1307 629 1450 669 caret
1478 616 1614 686 ipse,
1651 612 1838 688 potest.

310 693 483 765 AEger
512 692 652 746 enim
678 688 813 744 traxi
839 689 1084 758 contagia
1107 703 1336 756 corpore
1363 689 1581 750 meniiS,

385 765 580 818 Libera
607 775 881 816 tormento
907 777 1022 831 pars
1049 758 1179 812 mihi
1206 775 1378 830 nequa
1404 774 1570 814 vacet.

123 862 131 867 ·
164 853 195 903 5
303 837 516 909 Perque
541 836 654 889 dies
682 835 877 888 multos
904 831 1078 885 lateris
1105 830 1425 885 cruciatibus
1453 849 1607 893 uror,

383 909 488 963 Sed
516 906 662 979 quod
692 922 801 959 non
826 903 1046 958 modico
1073 901 1275 973 frigore
1301 903 1439 956 laefit
1466 903 1648 957 hiems,

308 981 362 1036 Si
387 994 565 1034 tamen
591 979 697 1051 ipse
721 978 858 1031 vales
876 1017 890 1039 ‚
929 976 1103 1048 aliqua
1128 992 1222 1028 nos
1246 989 1397 1046 parte
1427 977 1687 1030 valemus:

385 1053 601 1125 Quippe
627 1068 744 1105 mea
771 1048 843 1103 est
866 1047 1098 1102 humeris
1121 1046 1250 1101 fulta
1274 1049 1423 1101 ruina
1447 1049 1564 1103 tuis,

309 1125 421 1197 Qui
448 1125 576 1179 mihi
603 1140 727 1178 cum
760 1121 970 1175 dederis
996 1119 1230 1191 ingentia
1255 1120 1477 1191 pignora
1497 1163 1508 1181 ‚
1548 1137 1780 1193 cumque

168 1219 230 1256 10

377 1201 476 1252 Per
502 1212 753 1251 numeros
777 1210 962 1248 omnes
984 1192 1089 1246 hoc
1116 1205 1297 1246 tueare
1324 1205 1515 1264 caput;

309 1270 479 1343 Quod
507 1281 596 1324 tua
620 1285 706 1323 me
732 1265 852 1321 raro
879 1266 1071 1320 solatur
1096 1263 1339 1336 epistola,
1376 1282 1587 1336 peccas:

385 1343 638 1414 Remque
664 1340 802 1412 piam
832 1336 1083 1410 maestae,
1121 1339 1174 1390 ni
1202 1337 1332 1391 mihi
1359 1337 1517 1393 verba
1544 1356 1725 1409 neges.

312 1414 445 1471 Hoc
467 1431 658 1485 precor
682 1410 934 1467 emenda:
975 1408 1124 1482 quod
1152 1408 1188 1463 fi
1213 1411 1509 1464 correxeris
1533 1428 1728 1474 unum,

385 1487 571 1543 Nullus
596 1486 651 1540 in
679 1483 897 1558 egregio
923 1498 1154 1554 corpore
1189 1499 1386 1538 naevus
1415 1483 1531 1537 erit.

83 1765 115 1792 1.
149 1758 248 1792 Hanc
265 1759 345 1788 tuus
362 1748 380 1787 ὶ
400 1747 552 1798 διάει]
580 1747 706 1787 Forte}

81 1823 183 1855 Hanc
205 1826 284 1853 tuus
302 1815 318 1851 ὶ
337 1814 452 1850 Getico
474 1813 588 1859 mittit
611 1812 674 1849 tibi
696 1812 788 1860 Nafi)
807 1811 961 1848 libellum

135 1867 266 1904 Littore
278 1893 289 1911 ‚
310 1865 341 1912 fi
356 1865 539 1915 quisquam
559 1877 624 1913 quo
642 1873 733 1900 caret
750 1863 812 1911 ipse
828 1863 945 1912 potest.

28 1946 116 1974 nam
137 1935 219 1972 alias
250 1934 293 1971 ’τὸ
324 1933 435 1970 Getico
457 1930 659 1980 suspensum
683 1938 820 1968 manet.
868 1928 1011 1974 Mittit,
1033 1926 1067 1977 si

31 1987 216 2036 quisquam
228 1984 332 2033 potest
352 1985 498 2020 mittere.
522 1982 690 2032 quamvis
705 1993 782 2018 raro
801 1981 850 2018 ita
863 1980 936 2016 ἀπὸ
957 1979 1065 2016 καινοῦ

32 2035 228 2073 concludat
248 2038 367 2082 poeta.
395 2035 492 2071 Nam
507 2060 516 2075 ‚
545 2032 674 2068 Littore
693 2031 732 2067 de
751 2030 864 2067 Getico
887 2031 1001 2068 mittit
1018 2031 1067 2067 n'-

31 2085 89 2130 hi,
111 2097 181 2125 erc.
206 2085 349 2133 longius
371 2083 391 2121 a
409 2084 593 2128 letf'tione,
623 2083 768 2129 propius
790 2079 811 2117 a
828 2080 1066 2118 'consuetudi-

30 2145 79 2172 ne
99 2135 234 2172 Po'e‘tae
255 2136 339 2172 abit.
366 2135 414 2171 D.
437 2134 579 2172 Heius.
607 2132 707 2169 Nihil
727 2143 818 2179 opus
837 2132 1064 2168 mutatione:

28 2185 170 2222 eGen'co
191 2186 290 2222 enim
314 2184 450 2221 dietum
469 2211 477 2227 ‚
496 2192 539 2221 ‚ut
559 2182 579 2220 ὲ
599 2181 808 2229 Tusculano,
839 2182 1041 2229 Pompejano
1055 2208 1066 2223 ‚

33 2234 168 2284 Illyrico
183 2262 194 2279 ,
207 2234 330 2283 hostico
342 2235 377 2270 &
399 2233 523 2270 firnilia
538 2260 548 2277 ‚
560 2233 596 2269 in
616 2232 745 2279 quibus
763 2244 842 2267 rure
855 2258 865 2273 ‚
888 2244 990 2279 agro,
1011 2230 1069 2267 vel

33 2284 149 2323 fimiie
181 2284 270 2333 quid
301 2283 585 2330 subintelligitur.
612 2280 697 2318 vide
730 2282 900 2319 Gronov.
936 2281 997 2318 lib.
1024 2294 1069 2318 xx.

33 2335 117 2373 Obs
141 2347 172 2384 3.
194 2337 231 2372 &
263 2333 389 2371 Heius.
409 2333 453 2371 ad
477 2332 670 2370 Claudian.
688 2344 736 2368 11.
754 2333 789 2369 in
811 2332 963 2379 Eutrop.
984 2344 1067 2377 215.

32 2386 164 2423 Amm.
181 2385 331 2422 Marcel.
351 2384 409 2421 lib.
432 2395 530 2421 xvu.
557 2395 613 2420 12.
640 2382 704 2419 His
724 2382 762 2419 in
781 2382 957 2418 barbarico
972 2384 1070 2434 gestis

31 2437 260 2485 Bregetiorum
283 2436 396 2481 castra
416 2444 584 2470 commota
601 2435 699 2481 sunt.
712 2433 749 2469 &
769 2433 816 2469 ita
835 2433 869 2469 in
893 2432 1070 2469 barbarico

31 2487 231 2573 etiamgeg.
252 2498 288 2524 2.
306 2485 349 2522 C.
373 2484 418 2522 de
439 2495 639 2522 commerc.
659 2482 733 2521 vid.
750 2483 795 2521 ad
812 2482 873 2521 lib.
891 2495 944 2521 xv.
982 2483 1071 2522 Fast.

33 2547 117 2586 749.
177 2549 277 2573 uam.

31 2627 33 2630 ·
83 2615 119 2643 2.
150 2600 335 2650 Mitterefi
353 2602 538 2651 quisquam
560 2616 624 2652 quo
646 2611 737 2639 caret
762 2600 778 2650 ]
829 2602 972 2637 Mittere
995 2614 1067 2637 rem

33 2654 60 2703 [ἰ
79 2656 153 2705 quis
177 2668 246 2703 qua
262 2663 364 2690 caret.
394 2652 580 2691 Leidenfis
611 2654 648 2690 &
681 2652 817 2689 Moreti
842 2653 878 2689 ὃ(
898 2652 986 2689 alius
1005 2663 1069 2688 co-

33 2704 116 2744 dex.
152 2706 298 2743 Hsms.
352 2702 470 2740 Valde
495 2702 622 2741 dubito
643 2703 734 2741 haec
755 2702 972 2750 interpolata
1000 2701 1070 2740 effe

37 2755 82 2793 ad
104 2756 314 2803 exemplum
337 2753 397 2791 lib.
416 2767 443 2791 1.
471 2765 515 2791 ex
544 2754 650 2790 Pont.
674 2766 708 2791 x.
728 2765 763 2789 2.
792 2752 947 2792 Medon.
971 2752 1069 2791 Cod.

35 2805 180 2844 Mittere
203 2805 232 2854 fi
249 2805 434 2856 quicquam
449 2832 458 2849 ,
487 2817 552 2852 quo
572 2813 662 2840 caret
683 2803 758 2852 ipse.
990 2801 1002 2809 ³

87 2881 122 2916 4.
150 2867 297 2918 Vacet.]
329 2874 424 2904 Foret
449 2868 588 2905 Moreti
608 2869 645 2905 δε
666 2878 805 2905 novem
830 2867 900 2906 aiii.

26 2980 29 2982 q
87 2934 123 2972 6.
150 2941 211 2972 Me
241 2947 370 2984 quoque
402 2945 469 2969 non
497 2931 624 2969 modico
647 2930 774 2979 frigore
803 2929 897 2976 laesit
925 2929 1070 2980 hiemn]

41 2981 100 3022 Sic
116 2984 163 3022 est
183 2987 220 3022 in
243 2983 460 3022 Mafrkiano.
488 2982 695 3020 emendate.
722 2981 888 3018 CiorAN.
927 2987 969 3017 Ut
991 2981 1076 3031 quid

42 3032 336 3084 Hamburgensls.
382 3038 428 3070 Et
456 3033 546 3082 quod
583 3032 820 3069 Buslidianus.
874 3032 976 3080 Lege
999 3060 1009 3075 ,
1036 3032 1076 3068 ld

41 3085 142 3171 ἷιίσά.
163 3085 337 3123 Putabam
368 3083 564 3131 aliquando
589 3111 599 3126 ‚
636 3081 739 3130 §Quod
751 3082 831 3127 fera
852 3094 919 3117 non
937 3083 1077 3119 modico.

89 3145 186 3172 ems.
220 3136 373 3172 Variant
402 3133 605 3171 admodum
638 3131 797 3170 codices.
824 3132 974 3180 quidam
995 3133 1075 3170 scri·

39 3185 139 3231 pti&
163 3185 247 3222 editi
265 3212 275 3229 ‚
296 3186 357 3232 sed
378 3184 467 3233 quod
487 3185 523 3221 in
541 3183 734 3221 immodico.
762 3182 820 3220 alii
837 3209 846 3226 ,
867 3180 917 3230 fic
947 3196 1077 3232 quoque

37 3244 105 3271 non
115 3235 241 3271 modico
255 3261 265 3277 ,
283 3235 371 3272 ut&
388 3235 511 3273 minor
533 3235 646 3272 editio
660 3233 820 3281 Gryphii
840 3234 876 3270 δε
890 3232 1077 3270 Bersinan·

38 3283 88 3324 ni.
114 3284 215 3335 quod
241 3295 317 3321 non
347 3284 510 3334 displicet
530 3299 543 3330 ;
583 3297 667 3324 uror
698 3284 816 3322 lateris
838 3284 1078 3330 cruciatibus,

212 3339 308 3374 Tem.
333 3339 400 3375 111.

2034 1602 2161 1661 Piu-

1118 1756 1241 1794 neque
1272 1746 1347 1784 hoc
1379 1746 1529 1789 suffit-in
1558 1745 1618 1784 sed
1646 1744 1764 1783 debile
1783 1743 1871 1783 iliud
1893 1744 1930 1782 &
1959 1745 2160 1782 cruciatum

1118 1796 1209 1833 latus
1235 1796 1333 1833 laesit
1358 1806 1542 1844 praeterea
1572 1797 1702 1833 hiems.
1729 1795 1849 1833 Voffii
1879 1795 2058 1843 Excerpta
2080 1821 2091 1839 ‚
2117 1803 2162 1834 ο*

1119 1858 1208 1894 quae
1230 1859 1297 1882 non
1326 1847 1466 1884 modico.
1503 1846 1566 1895 sed
1588 1859 1689 1895 quem
1711 1859 1779 1883 non
1799 1846 1887 1883 duo.
1911 1857 1963 1882 me
1991 1845 2074 1894 quia
2094 1856 2164 1882 non

1120 1904 1204 1984 gres.
1229 1897 1293 1984 Ified
1318 1897 1402 1947 quia
1422 1911 1490 1935 non
1518 1898 1606 1936 duo.
1635 1896 1739 1946 {Quod
1759 1910 1812 1934 me
1842 1908 1910 1933 non
1939 1895 2081 1934 Moreti
2100 1905 2168 1940 ce:

1146 1959 1201 1984 ex.
1263 1959 1359 1986 unii.

1124 2073 1140 2100 Ι
1173 2010 1364 2100 SEIGQcsppe
1384 2027 1461 2052 mea
1479 2012 1523 2058 est
1541 2012 1693 2051 humeris
1704 2012 1806 2061 fulta
1819 2012 1923 2051 ruina
1943 2011 2050 2064 tui5.]
2078 2011 2165 2058 Lib-T

1147 2090 1155 2100 .
1231 2074 1285 2111 eg.
1306 2076 1341 2101 v.

1175 2129 1218 2161 Te
1237 2139 1313 2162 mea
1324 2125 1494 2175 suppofita
1518 2124 1630 2163 veluti
1650 2126 1747 2165 trabe
1757 2126 1858 2177 fulta
1878 2127 1984 2165 ruina
2004 2126 2062 2167 ea.

1123 2194 1292 2233 CiorAN.
1331 2197 1502 2244 Quatuor
1522 2193 1626 2240 libri,
1653 2193 1775 2231 carina
1798 2191 1882 2230 tuis.
1906 2192 2062 2231 solemni
2082 2196 2165 2241 perS

1121 2247 1343 2333 giutatione.
1366 2246 1440 2284 vid.
1460 2259 1489 2284 1.
1518 2243 1626 2284 Trist.
1646 2257 1682 2284 v.
1706 2257 1740 2293 5.
1762 2244 1799 2281 δε
1822 2255 1868 2281 11.
1894 2255 1939 2281 ex
1968 2243 2078 2281 Pont.
2097 2256 2162 2282 111.

1148 2308 1188 2336 Ο.

1172 2357 1212 2395 9.
1239 2348 1316 2395 Qi
1335 2346 1463 2397 mihi.]
1519 2346 1619 2396 §Quid
1644 2344 1732 2383 mihi
1761 2344 1930 2382 Francof.
1953 2345 1989 2382 &
2008 2344 2163 2383 Moreti.‘

1122 2397 1225 2445 quod
1244 2399 1270 2435 fi
1291 2400 1486 2445 recipimus
1503 2426 1513 2442 ,
1539 2409 1601 2445 per
1620 2396 1947 2444 interrogationem
1970 2394 2048 2432 sunt
2067 2395 2164 2432 acci·

1126 2448 1271 2495 pienda.
1328 2448 1427 2496 §Quid
1455 2448 1567 2494 (mihi
1599 2459 1676 2484 cum
1703 2445 1803 2492 σε.)
1837 2455 1949 2493 peccas
1969 2454 1984 2481 ,ε
2026 2444 2161 2484 deinde

1124 2498 1277 2546 ingentia
1293 2502 1427 2548 peetora
1456 2499 1601 2536 Lovan.
1625 2498 1663 2534 &
1687 2495 1856 2532 Leidens.
1883 2494 2013 2530 Buizm.

1179 2574 1235 2600 12.
1262 2568 1410 2612 Remque
1425 2564 1518 2610 piam
1533 2559 1702 2611 praestas,
1731 2569 1774 2598 ω·
1795 2556 1883 2595 mihi
1902 2557 2009 2594 verba
2029 2559 2162 2610 negas]

1123 2612 1258 2656 Forte,
1277 2613 1340 2660 sed
1363 2613 1449 2650 mihi
1477 2612 1584 2649 verba
1617 2622 1726 2657 negas.
1754 2608 1801 2645 D.
1832 2609 1977 2645 Hzms.
2019 2610 2054 2646 si
2075 2610 2166 2648 mihi

1125 2664 1231 2701 multi
1261 2672 1401 2700 veteres
1423 2691 1433 2708 ,
1472 2664 1510 2702 δε
1543 2663 1580 2699 ni
1603 2659 1693 2698 mihi
1712 2687 1723 2706 ,
1751 2659 1836 2704 vel,
1853 2659 1916 2708 sed
1936 2671 2030 2707 neges
2048 2661 2162 2701 etiarn

1124 2714 1308 2751 nonnulli.
1337 2714 1445 2751 Forte
1459 2741 1470 2758 ,

1177 2783 1326 2828 Remque
1349 2779 1442 2825 piam
1462 2775 1560 2813 haud
1577 2774 1725 2827 praestas
1736 2802 1748 2820 ,
1777 2773 1837 2823 qui
1861 2773 1950 2812 mihi
1977 2772 2085 2812 verba
2105 2776 2167 2822 nei

1325 2842 1367 2865 85.

1128 2879 1212 2922 vel,
1240 2842 1387 2927 Rerffque
1407 2889 1520 2914 tuam.
1554 2888 1639 2915 nam
1669 2885 1768 2913 tuam
1797 2875 1844 2914 est
1870 2876 1907 2913 in
1937 2875 2163 2915 Buslidiano:

1130 2930 1276 2966 Hfixxs.
1290 2935 1438 2976 Remque
1450 2928 1539 2965 male
1556 2927 1706 2975 praestas
1722 2954 1731 2969 ,
1747 2926 1806 2974 sed
1818 2926 1906 2964 mihi
1922 2926 2030 2963 verba
2050 2940 2165 2976 negas,

1133 2979 1331 3016 Leidenfis.
1367 2985 1514 3029 Remque
1536 2978 1670 3015 malam
1687 2979 1863 3026 praestas,
1882 2976 1919 3013 ni
1942 2976 2031 3013 mihi
2059 2979 2170 3015 verba

1132 3030 1219 3077 legas
1237 3030 1336 3066 alius.
1363 3030 1518 3079 quodque
1545 3030 1639 3076 pium
1660 3030 1812 3076 praestas
1836 3028 1925 3066 duo.
1952 3026 2059 3064 verba
2082 3028 2171 3077 legas

1131 3079 1303 3117 totidem.
1336 3091 1407 3127 ego
1429 3081 1514 3123 ffic,
1542 3088 1581 3116 ut
1600 3078 1726 3126 saepe,
1755 3091 1806 3114 res
1833 3079 1870 3114 ὅ(
1892 3076 2000 3113 verba
2028 3078 2171 3126 opponi

1132 3139 1222 3178 puto
1238 3159 1247 3173 ‚
1277 3131 1315 3167 ὃς
1338 3130 1429 3167 velle
1448 3130 1635 3167 Nasonem
1655 3157 1664 3172 ‚
1693 3128 1796 3166 rebus
1814 3128 1964 3174 quidem
1988 3128 2175 3165 satisface-

1133 3193 1169 3218 re
1198 3181 1323 3218 officio
1354 3182 1514 3218 amicum
1541 3208 1551 3224 ,
1585 3180 1645 3217 sed
1677 3180 1785 3216 verba
1805 3206 1816 3224 ,
1854 3178 1890 3217 id
1913 3178 1960 3216 est
1985 3178 2170 3226 epistolas,

1133 3244 1210 3270 non
1231 3231 1417 3279 praestare.
1443 3231 1602 3277 ideoque
1622 3230 1780 3278 legerem
1798 3257 1808 3273 ,

1183 3288 1333 3333 Remque
1345 3282 1435 3319 male
1454 3281 1549 3320 haud
1564 3284 1718 3331 praestas
1732 3308 1742 3326 ‚
1762 3280 1824 3329 sed
1835 3278 1923 3318 mihi
1934 3277 2040 3315 verba
2051 3284 2176 3324 negas?

1308 3333 1422 3372 Tttt
2110 3337 2190 3364 nou
