2495 3675
336 156 904 216 EPISTOLARUM
946 154 1054 214 EX
1084 155 1373 214 PONTO.
1411 156 1533 212 Lm.
1572 157 1609 213 Ι.
1652 158 1831 216 ΕΡῙετ,
1872 160 2012 219 VIII.
2119 157 2129 164 ⁴
2187 182 2298 236 735

417 261 577 317 Unde
603 262 692 317 sed
725 262 829 317 hoc
856 260 1039 333 nobi5‚
1078 261 1357 316 minimum
1388 276 1522 332 quos
1548 260 1687 314 inter
1715 258 1770 311 &
1795 255 1998 316 hostem

482 335 785 390 Discrimen
811 351 991 388 murus
1019 333 1296 405 clausaque
1323 347 1473 404 porta
1500 332 1659 386 facit?

409 408 486 461 At
515 408 610 462 tibi
637 407 869 462 nascenti
899 405 1079 476 (quod
1116 418 1235 459 toto
1262 405 1477 476 petiere
1504 406 1704 470 laetor)

477 480 688 534 Nerunt
717 479 895 533 fatales
917 477 1075 530 fortia
1102 477 1186 530 fila
1214 477 1378 533 Deae.

258 553 324 620 65
408 551 498 606 Te
524 552 692 606 modo
715 551 953 620 Campus
979 548 1166 611 habet,
1203 550 1361 605 densa
1389 550 1555 604 modo
1581 549 1819 622 porticus
1841 548 2055 604 umbra:

473 625 661 687 Nune,
699 623 752 678 in
779 638 888 693 quo
927 621 1080 691 ponis
1114 635 1355 693 tempora
1381 640 1523 683 rara,
1563 623 1778 676 Forum.

406 695 628 751 Umbria
653 712 795 751 nunc
822 705 1064 748 revocat:
1104 710 1204 747 nec
1232 711 1343 747 non
1368 694 1570 747 Albana
1597 708 1872 765 petentem

475 770 652 841 Appia
678 766 908 822 ferventi
932 765 1082 819 ducit
1108 764 1160 818 in
1187 784 1308 819 arva
1334 769 1466 820 rota.

400 839 641 895 Forsitan
667 840 755 894 hie
781 851 963 909 opteS,
1001 849 1058 890 ut
1079 834 1267 906 justam
1292 838 1578 909 supprimat
1604 840 1735 894 iram

261 931 329 981 70
471 913 691 975 Caesam
734 911 786 964 &
813 909 1100 980 hospitium
1125 909 1182 963 lit
1210 924 1297 964 tua
1322 913 1440 965 villa
1465 929 1659 965 meum.

407 985 496 1040 Ah
522 985 745 1038 nimium
771 983 874 1044 est,
914 981 1096 1053 quod,
1133 983 1329 1046 amice,
1367 984 1527 1053 petis!
1572 985 1896 1043 moderatius
1923 999 2072 1059 opta:

477 1053 550 1110 Et
574 1057 721 1119 voti,
757 1054 984 1128 quaesO,
1021 1055 1280 1109 contrahe
1309 1057 1423 1110 vela
1452 1058 1546 1112 tui.

393 1128 566 1183 Terra
593 1129 751 1184 velim
776 1127 1026 1199 propior,
1060 1127 1296 1200 nullique
1322 1129 1554 1183 obnoxia
1579 1128 1718 1184 bello

476 1201 676 1257 Detur:
718 1202 820 1257 erit
845 1199 1032 1255 nostris
1055 1216 1172 1272 pars
1195 1200 1335 1255 bona
1359 1201 1538 1257 demta
1564 1203 1725 1258 malis,

111 1350 150 1381 te
169 1353 246 1381 non
269 1340 389 1380 male:
410 1339 474 1378 tibi
488 1340 573 1388 ,qui
592 1340 674 1378 otio
695 1350 854 1385 marces,
868 1339 906 1377 δε
927 1351 1027 1378 amas
1044 1339 1149 1388 quie·
1207 1339 1282 1384 vit,
1314 1351 1408 1390 quae
1428 1339 1471 1378 ab
1491 1351 1569 1379 uno
1592 1341 1705 1380 'tatere
1732 1342 1963 1390 Tusculumg
1990 1345 2034 1383 ab
2051 1345 2158 1384 altera
2183 1346 2249 1386 Al-

109 1400 186 1430 tem
202 1422 212 1437 ‚
241 1393 432 1431 materiem
463 1390 596 1428 dedere
617 1391 751 1428 Parcae
770 1419 782 1436 ,
818 1392 854 1428 in
877 1402 949 1439 qua
969 1400 1007 1428 te
1029 1389 1149 1427 osten·
1206 1388 1288 1428 bam
1312 1391 1413 1428 strata
1426 1393 1636 1436 erat,unde
1650 1393 1851 1441 Tusculana
1874 1396 1909 1432 &
1924 1395 2069 1432 Albana
2085 1407 2167 1434 cum
2181 1408 2254 1435 no-

111 1443 172 1480 das
195 1445 328 1481 fortem
355 1471 366 1487 ‚
417 1442 454 1479 &
482 1442 648 1479 animum
677 1441 916 1480 sufficientem
942 1440 1147 1484 laboribus;
1206 1442 1394 1479 minantur
1414 1469 1424 1486 ,
1452 1441 1581 1480 eadem
1609 1444 1728 1492 Appia
1756 1446 1814 1482 via
1837 1446 2059 1495 intelligitur.
2088 1446 2253 1486 Fannio,

112 1494 204 1531 mihi
224 1505 313 1531 vero
333 1492 721 1536 laboranti,&omnia
739 1493 833 1530 mala
845 1492 1046 1539 experienti
1064 1491 1151 1534 ‚de-
1206 1491 1310 1530 Errat
1341 1493 1396 1530 vir
1425 1492 1580 1531 doetus!
1619 1493 1814 1543 Tusculana
1846 1498 1948 1533 enim
1979 1498 2039 1534 via
2066 1508 2249 1547 nusquam

114 1543 246 1581 derunt
265 1543 389 1582 mollia
405 1541 540 1585 fila‚ut
557 1541 803 1580 inAmoribus
823 1543 999 1590 loquitur.
1020 1542 1150 1579 BunM.
1204 1542 1366 1591 Appiam
1395 1544 1511 1592 tangit
1534 1571 1544 1588 ‚
1571 1552 1633 1582 aut
1663 1546 1784 1593 Appia
1805 1545 1876 1583 dici
1900 1548 2027 1594 potuit
2042 1575 2052 1591 ‚
2087 1560 2171 1585 nam
2202 1560 2250 1588 ex

164 1595 226 1632 66.
252 1601 293 1631 Jn
311 1606 375 1644 quo
394 1591 532 1642 poma]
567 1599 681 1630 Panas
708 1591 830 1631 codex
847 1592 1020 1631 Medonii
1033 1607 1044 1636 3
1069 1604 1148 1631 non
1204 1593 1337 1632 Latina
1360 1594 1443 1639 via,
1471 1595 1581 1643 longe
1601 1595 1646 1632 ab
1667 1598 1754 1635 urbe
1769 1604 1966 1645 ,tanquam
1998 1609 2139 1640 ramus,
2164 1598 2250 1636 Tu-

112 1645 221 1684 male.
1203 1643 1340 1681 sculum
1378 1644 1496 1683 versus
1536 1645 1668 1684 exibat.
1750 1647 1817 1684 Per
1855 1648 2015 1696 Appiam
2050 1660 2140 1686 vero
2178 1649 2246 1687 iter

161 1698 221 1740 67.
248 1694 390 1732 Umbria
416 1703 448 1732 te
467 1691 646 1743 revocat.]
677 1693 795 1733 Iidem
821 1693 902 1733 libri
924 1693 963 1732 δε
988 1692 1118 1731 Maffei
1134 1720 1144 1737 ,
1200 1693 1304 1732 fuiffe
1327 1694 1462 1733 Albam
1487 1696 1610 1734 credo.
1641 1697 1728 1735 vide
1759 1697 1899 1736 Fabret.
1930 1698 2157 1748 Apologem.
2182 1700 2249 1737 ad-

108 1745 253 1783 Umbria
274 1758 365 1782 nunc
385 1754 534 1782 revocat.
567 1744 760 1783 Libentius
780 1745 926 1794 sequor.
947 1755 1032 1782 nam
1053 1744 1145 1782 dixit
1202 1744 1321 1782 versus
1361 1746 1601 1784 Gronovium
1632 1759 1715 1796 pag.
1747 1758 1810 1794 99.
1842 1748 1902 1786 ubi
1932 1750 2073 1786 viarum
2103 1748 2248 1788 istarum

107 1795 281 1844 superiori
293 1795 445 1834 disticho
460 1808 468 1833 ε
483 1800 526 1831 Te
536 1794 635 1831 modo
648 1805 786 1845 campus
805 1795 907 1832 habet
921 1822 932 1838 ‚
945 1794 1144 1832 &c.C101=.
1200 1795 1414 1842 conspestus
1433 1796 1624 1833 exhibetur
1645 1810 1653 1833 :
1698 1796 1844 1834 Merula
1868 1809 1959 1835 vero
1984 1799 2044 1835 hic
2062 1797 2219 1846 Appiam
2235 1827 2249 1844 ,

109 1846 220 1884 Ducit
243 1847 280 1884 in
300 1850 481 1883 arva'rota
492 1845 676 1882 meliores.
692 1846 730 1883 δε
744 1845 910 1890 ,Umbria
932 1855 1024 1881 nunc
1046 1857 1144 1881 revo-
1198 1851 1240 1883 ut
1261 1845 1299 1882 &
1321 1854 1406 1883 ante
1428 1846 1589 1890 fecerat,
1615 1857 1699 1885 curn
1720 1846 1853 1884 Clodia
1869 1850 1926 1885 via
1946 1849 2158 1887 confundit.
2176 1861 2248 1898 pro

111 1906 180 1935 cat.
208 1909 273 1945 pro
296 1909 354 1934 nec
373 1909 440 1934 non
459 1896 556 1939 duo,
583 1907 676 1932 nunc
694 1909 777 1933 non.
803 1895 935 1939 Forte,
1198 1904 1276 1932 rota
1297 1904 1372 1934 erat
1399 1898 1436 1934 in
1460 1895 1607 1942 multis,
1636 1910 1759 1936 manu.
1786 1896 1918 1936 Bunm.
2243 1893 2246 1896 ’

162 1946 306 1985 Umbria
339 1959 430 1985 nunc
460 1956 602 1985 revocat
624 1973 636 1992 ,
672 1956 705 1984 te
731 1959 822 1984 nunc
855 1945 1005 1985 Albana
1027 1953 1143 1994 peten-
1250 1947 1311 1994 69.
1338 1946 1494 1994 Forsitan
1522 1947 1583 1984 hoc
1601 1947 1729 1998 optes.]
1780 1947 1903 1986 Scribe
1920 1977 1930 1993 ‚
1959 1948 2016 1987 hic
2041 1959 2128 1999 optes
2155 1962 2242 1990 cum

285 2008 366 2036 nm,
1200 1995 1414 2035 Sarraviano
1428 2026 1438 2042 ,
1468 1997 1635 2037 Politian.
1655 1999 1693 2037 ὅ(
1712 1997 1822 2037 tribus
1843 2000 1918 2037 aliis
1932 2027 1943 2044 ,
1971 2011 2014 2038 ac
2031 1999 2147 2049 prima·
2167 2002 2245 2047 edis

114 2048 226 2086 Forte
240 2076 250 2092 ,
1198 2047 1316 2086 tione.
1341 2049 1488 2086 Hlarus.

164 2098 307 2136 Umbria
327 2111 418 2136 nunc
438 2107 577 2136 revocat
596 2126 608 2144 ,
644 2110 737 2136 nunc
753 2110 840 2137 rura
861 2096 1008 2136 Albana
1023 2105 1142 2148 peten-
1249 2099 1310 2145 69.
1339 2099 1537 2146 Supprimat
1557 2098 1689 2149 iram]
1722 2100 1830 2139 Unus
1849 2101 2051 2139 Vaticanus
2068 2131 2079 2147 ,
2103 2103 2246 2151 ccmpri·

285 2159 354 2185 tem
370 2177 380 2193 ‚
1201 2158 1289 2185 mat.
1319 2147 1487 2186 CIOFAN.
1515 2150 1608 2198 Legi
1629 2151 1738 2188 etiam
1754 2175 1765 2195 ,
1787 2151 1982 2200 deprimat,
2000 2152 2144 2191 testatur
2157 2154 2244 2190 Me-

210 2200 325 2249 Appia
343 2199 502 2246 ferventi
513 2199 610 2237 ducit
630 2199 674 2237 ab
695 2198 778 2237 urbe
797 2209 888 2238 rota.
1201 2198 1291 2236 rula.
1318 2200 1520 2247 comprimat
1538 2207 1697 2249 quatuor
1717 2201 1920 2239 Heinliani.
1940 2201 2051 2248 finiat
2075 2215 2180 2241 unus.
2240 2198 2244 2202 ’

109 2250 256 2289 Hans,
643 2270 647 2273 ι
1241 2259 1312 2295 -7r.
1338 2249 1404 2286 Ah
1425 2249 1577 2287 nimium
1596 2250 1639 2297 est
1660 2252 1772 2301 quod,
1799 2251 1929 2297 amice,
1950 2253 2075 2303 petis.]
2125 2253 2177 2291 Τὸ
2196 2253 2241 2301 ‹ss

159 2301 222 2337 68.
250 2300 414 2337 ferventi
436 2298 532 2336 ducit
562 2299 612 2336 ad
640 2312 732 2337 arva
751 2299 859 2349 rota.]
914 2298 957 2337 In
981 2297 1145 2343 Aldino,
1201 2300 1309 2337 multi
1328 2312 1405 2338 non
1428 2300 1644 2349 agnoscunt.
1672 2302 1769 2340 Puto
1784 2330 1796 2346 ,
2234 2300 2237 2301 ⁷

104 2349 263 2398 firventi
291 2350 386 2387 ducit
418 2349 462 2386 ab
490 2349 570 2386 urbe
601 2360 689 2387 rota.
717 2351 869 2388 Severus
898 2351 1012 2388 Po'e'ta
1037 2349 1147 2386 Alba·
1253 2349 1318 2386 Ah
1339 2350 1492 2389 nimium
1512 2351 1621 2403 quid,
1659 2353 1793 2400 amice,
1820 2352 1932 2402 petis?

109 2411 201 2440 num
221 2401 326 2440 suum
345 2400 543 2450 petiturus,
570 2412 635 2450 per
655 2402 754 2440 viam
777 2401 938 2451 Appiam
961 2399 1048 2439 urbe
1070 2399 1149 2438 exi·
1204 2400 1349 2440 Hsms.

1473 3354 1628 3399 Bbbbb
1654 3358 1676 3398 i
2117 3333 2236 3381 Emi
