2495 3675
485 165 1117 229 TRISTIUM
1191 163 1386 222 L1n.

1462 166 1500 222 Ῑ.
1579 168 1785 227 ELEG.
1827 172 1886 229 II.
2123 189 2230 250 459

363 274 482 330 Nec
511 288 685 329 tamen
704 312 719 336 ‚
755 284 815 326 ut
843 268 1021 326 cuneti
1054 267 1303 323 miserum
1328 265 1534 322 servare
1559 270 1760 335 velitiS,

441 347 607 420 Quod
633 347 791 419 periit
809 390 820 407 ,
860 344 1055 398 salvum
1077 342 1183 412 jam
1208 355 1368 412 caput
1392 338 1494 395 effe
1518 342 1707 414 potest.

365 419 442 474 Ut
469 440 611 474 mare
639 418 904 478 considat,
940 416 1220 486 ventisque
1244 413 1534 468 ferentibus
1558 430 1706 482 utar;

438 493 512 547 Ut
538 492 666 547 mihi
690 489 944 562 parcati53
986 503 1116 540 num
1144 486 1316 541 minus
1340 486 1485 541 exsul
1509 489 1637 541 ero?

140 584 284 635 ,75

364 567 490 621 Non
516 583 650 637 eg0,
689 562 899 616 divitias
925 558 1107 613 avidus
1132 558 1238 613 fine
1274 559 1381 613 fine
1406 561 1654 630 parandi,

437 639 634 692 Latum
661 632 928 689 mutandis
957 631 1221 685 mercibus
1246 648 1446 704 aequor
1471 650 1588 688 aro:

362 712 480 766 Nec
506 722 660 780 pet0‚
698 723 827 779 quas
855 703 1011 776 petii,
1047 703 1322 776 quondam
1346 704 1629 772 studiosuS,
1669 706 1930 762 Athenas:

436 781 651 854 Oppida
679 797 788 834 non
814 776 999 840 Asiae,
1035 795 1147 830 non
1171 777 1288 830 loca
1313 776 1415 830 visa
1442 778 1601 848 prius,

364 855 488 910 Non
517 868 603 916 ut,
642 850 938 907 Alexandri
964 850 1157 903 claram
1181 849 1384 904 delatus
1408 851 1463 903 in
1487 850 1703 916 urbem,

222 929 290 983 80

437 927 668 981 Delicias
694 925 905 979 videam
923 962 937 981 ,
980 922 1100 975 Nile
1119 921 1328 992 jocose,
1368 935 1498 976 tuas.

363 1001 531 1073 Quod
559 998 735 1053 faciies
759 1011 892 1068 opto
918 1008 1103 1049 ventos
1122 1033 1135 1056 ‚

1173 998 1195 1063 <
1210 994 1325 1065 quis
1351 995 1574 1049 credere
1598 995 1754 1069 poffit
1770 997 1822 1062 ἓ)

434 1071 680 1126 Sarmatis
710 1069 786 1124 est
811 1069 989 1130 telluS‚
1025 1084 1186 1140 quam
1213 1083 1329 1120 mea
1353 1080 1474 1120 vota
1502 1082 1708 1139 petunt.

365 1145 623 1216 Obiigor,
661 1156 720 1197 ut
746 1156 956 1212 tangam
978 1140 1112 1194 laevi
1139 1139 1249 1193 fera
1276 1139 1431 1194 litora
1457 1139 1648 1203 Ponri3

447 1218 726 1290 Quodque
751 1214 811 1269 sit
840 1217 867 1269 ὲ
893 1214 1062 1286 patrie
1086 1225 1194 1267 tam
1221 1210 1344 1282 fuga
1373 1214 1547 1277 tarda,
1585 1231 1798 1287 queror.

78 1432 184 1473 alicui
206 1431 355 1471 salutem
379 1430 520 1468 adferre
536 1456 546 1473 .
566 1426 699 1471 ve1‚ut
718 1425 883 1475 loquitur
903 1423 1002 1462 Sofia
1022 1423 1119 1472 apud

79 1484 302 1523 Terentium
324 1484 361 1520 in
390 1481 550 1524 Andria,
576 1478 751 1516 auxilium
775 1477 880 1513 ferre.
901 1476 1004 1512 Simo
1019 1476 1120 1512 enim

80 1535 242 1574 dixerat:
272 1537 373 1582 (Qcae
387 1534 457 1581 sese
480 1530 593 1567 voluit
622 1529 660 1566 in
677 1527 790 1575 ignem
818 1526 980 1574 injicere,
1006 1524 1121 1572 prohi-

78 1585 162 1630 bui,
188 1584 345 1627 servavi.
374 1584 448 1620 Hic
462 1580 594 1619 Noster
616 1579 740 1626 Elegia
755 1578 792 1614 ὃς
812 1576 872 1614 lib.
886 1589 937 1613 11.
960 1577 1006 1614 de
1024 1576 1123 1613 Pon-

81 1645 123 1674 to
144 1636 188 1673 ad
207 1633 439 1673 Meffalinum
455 1660 466 1677 ,
493 1642 605 1680 quem
625 1636 752 1677 rogat,
782 1635 821 1664 ut
842 1625 904 1664 fibi
923 1628 960 1664 in
983 1627 1123 1665 mitiori

81 1697 124 1723 ac
148 1687 320 1734 quietiori
350 1685 436 1722 loco
460 1694 507 1720 ex
529 1682 607 1730 ejus
635 1679 742 1729 patris
769 1679 960 1728 fratrisque
981 1678 1126 1716 senten-

79 1737 130 1775 tia
158 1736 316 1775 exsulare
332 1736 458 1773 liceat:

129 1808 202 1839 Hoc
219 1811 318 1851 pater
336 1799 392 1837 ille
409 1809 490 1835 tuus
503 1826 513 1842 ,
530 1796 641 1846 primo
663 1793 752 1833 mihi
768 1793 880 1831 cultus
900 1792 945 1830 ab
963 1806 1071 1839 aevo,

183 1853 218 1889 si
236 1853 320 1903 qaid
338 1849 439 1887 habet
449 1849 568 1898 sensus
588 1846 713 1883 umbra
730 1845 858 1893 diserta
871 1873 881 1889 ‚
905 1845 1002 1894 petit.

133 1908 204 1940 Hoc
218 1903 305 1953 petit
324 1912 366 1941 φ’
375 1903 495 1948 frater
507 1927 518 1944 ‚
545 1897 712 1950 quamvis
723 1893 863 1944 sortaffe
881 1906 1044 1941 veretur,

185 1952 359 1990 servandi
378 1961 494 1988 noceat
514 1964 554 1987 ne
574 1948 639 1986 tibi
659 1960 741 1984 cura
761 1949 837 1984 mei.

82 2021 218 2059 Cicero
238 2021 274 2057 in
303 2017 500 2067 prooemio
534 2013 709 2052 orationis
739 2023 806 2060 pro
837 2012 971 2050 Archia
993 2014 1125 2060 poe'ta:

82 2071 186 2120 Qod
202 2069 234 2120 fi
252 2071 333 2107 haec
354 2082 422 2105 vox
436 2095 446 2111 ,
475 2066 577 2113 hujus
594 2064 738 2100 hortatu
761 2063 1014 2113 praeceptisque
1047 2075 1128 2098 con-

73 2124 235 2170 formata
249 2149 258 2164 ‚
288 2119 463 2157 nonnullis
477 2116 590 2166 saluti
609 2114 703 2159 fuit:
732 2113 758 2150 >e
776 2127 839 2163 quo
860 2114 898 2150 id
917 2113 1102 2162 accepimus
1116 2139 1126 2155 ‚

27 2203 29 2205 .
85 2178 149 2223 qu'o
170 2171 285 2209 ceteris
304 2169 491 2219 opitulari,
519 2177 562 2207 (9¹
580 2166 666 2202 alios
690 2167 828 2208 servare
844 2165 1005 2213 possemus
1018 2191 1028 2208 ‚
1048 2163 1128 2199 huic

75 2224 220 2273 profeflo
238 2220 318 2272 ipsi,
345 2229 520 2271 quantum
536 2216 579 2263 est
589 2215 699 2264 sirum
713 2215 752 2252 in
772 2214 866 2251 nobis
878 2241 890 2259 ,
916 2225 960 2253 ω’
984 2227 1073 2259 opem
1085 2224 1128 2252 (φ

75 2274 231 2324 sezlutem
245 2275 337 2319 ferre
358 2270 526 2308 debemus.
555 2267 602 2304 sie
625 2265 775 2304 verbum
802 2265 962 2311 servator
983 2265 1128 2312 usurpa·

85 2325 139 2362 vit
159 2324 316 2361 Ovidius
334 2323 429 2371 ipse,
458 2319 519 2357 sub
542 2317 655 2356 finem
673 2316 732 2353 lib.
754 2314 1103 2363 Metamorphoseos
1119 2342 1128 2358 ‚

85 2374 131 2412 de
153 2374 280 2412 Perseo
295 2401 306 2418 ,
332 2373 396 2422 qui
423 2367 707 2408 Andromedam
730 2378 776 2404 ex
794 2367 933 2414 ingenti
947 2366 1132 2403 iliomon-

86 2425 155 2462 stro
177 2426 320 2462 marino
338 2451 348 2469 ,
375 2422 434 2461 cui
457 2417 668 2460 devoranda
696 2416 860 2466 exposita
881 2424 977 2462 erat,
1005 2415 1134 2454 libera-

85 2483 200 2514 verat:

322 2522 485 2559 Gaudent
499 2545 509 2563 ,
533 2530 762 2567 generumque
781 2515 966 2563 salutant,

140 2574 402 2623 Auxiliumque
420 2572 560 2613 damus,
586 2570 864 2618 servatoremque
874 2568 1041 2613 fatentur

138 2624 278 2676 Gaffiope
305 2622 519 2671 Cepheusque
531 2629 640 2668 pater.

87 2678 254 2717 C10FAN.
281 2681 475 2712 Numerum
498 2678 636 2718 servare
656 2667 824 2707 Bernens.

140 2760 198 2791 72·
226 2743 414 2793 Salvum]
469 2748 601 2779 Sanum
627 2739 781 2777 Putean.
802 2737 876 2778 vid.
898 2737 1000 2788 Eleg.
1020 2751 1050 2779 1.
1073 2750 1131 2788 19.

89 2812 156 2837 non
172 2806 272 2847 caput
292 2797 469 2842 Excerpta
489 2791 618 2829 Voffii.

139 2860 197 2895 73.
224 2853 268 2884 Ut
291 2859 385 2884 mare
395 2841 584 2892 J'iehfidat]
614 2837 778 2886 considat
792 2839 963 2877 meliores
984 2851 1130 2878 omnes.

92 2899 130 2937 ὅ(
149 2893 237 2936 mox
252 2926 261 2942 ,
289 2910 375 2934 num
395 2895 510 2932 minus
525 2921 535 2937 ,
556 2904 621 2940 pro
642 2905 708 2927 non
722 2919 730 2934 ‚
751 2901 902 2936 repone.
924 2889 970 2927 de
990 2901 1066 2938 quo
1088 2891 1134 2928 ad

89 2949 287 2998 Epistoiam
301 2948 473 2984 Canaces.
494 2945 635 2981 Hiems.
662 2940 894 2989 Sitplacidum
909 2951 1000 2977 unus
1015 2940 1133 2977 Hein-

93 3000 143 3037 fii.
146 2997 352 3047 faventibus
371 2995 537 3033 Bernens.
550 2993 684 3032 &dua
696 2993 754 3030 alii
767 3020 777 3037 ,
792 2990 1015 3038 furentibus,
1035 2994 1132 3038 fera-

94 3050 205 3095 cibus,
225 3047 477 3097 frequentibus.

145 3113 201 3146 74.
229 3105 274 3136 Et
291 3097 418 3146 munt]
462 3095 544 3133 Lib.
566 3105 657 3132 unus
677 3093 799 3130 Vatic.
823 3094 861 3130 &
884 3091 1057 3136 Aldinus,
1086 3097 1132 3127 Ut

93 3150 190 3188 mihi.
210 3149 347 3198 probo:
375 3150 473 3186 hisce
494 3148 531 3184 &
564 3144 736 3182 similibus
765 3143 1040 3192 repetitionibus
1059 3143 1131 3180 fre·

92 3201 323 3251 quentiffime
347 3201 399 3236 uti
421 3198 509 3236 solet
529 3200 640 3245 po'e'ta
662 3193 793 3231 noster.
821 3195 992 3231 Croni«.

146 3263 204 3299 75.
233 3249 418 3298 paranda]
448 3247 609 3284 parando
628 3247 781 3296 Putean.
801 3244 900 3285 alter.
925 3244 1040 3283 latum
1052 3256 1131 3284 mu-

95 3302 180 3340 tan‘s
198 3300 297 3340 idem
317 3301 354 3338 ὅ(
375 3307 445 3338 tres
461 3298 534 3338 alii.

2025 1287 2220 1344 Nescio

1223 1423 1282 1471 78.
1310 1423 1440 1473 Oppida
1451 1438 1519 1462 non
1531 1423 1654 1473 Asiae,
1677 1437 1744 1461 non
1756 1423 1844 1462 mihi
1859 1424 1937 1470 visa
1953 1425 2063 1475 prius.
2077 1424 2093 1475 ]
2109 1427 2220 1475 Quo-

1172 1475 1291 1513 modo
1311 1483 1434 1513 autem
1449 1504 1459 1521 ,
1488 1488 1572 1514 cum
1598 1475 1725 1514 diserte
1744 1475 1789 1513 ad
1814 1476 1984 1514 Macrum
2007 1477 2068 1515 lib.
2090 1489 2138 1515 ιι.
2174 1475 2221 1515 de

1173 1526 1298 1564 Ponto
1319 1527 1422 1575 Eleg.
1441 1541 1475 1564 x.
1498 1525 1656 1565 dixerit?

1229 1595 1273 1627 Te
1295 1591 1377 1629 duce
1395 1591 1595 1641 magnificas
1616 1589 1719 1640 Aſsae
1733 1589 1960 1641 perspeximus
1979 1590 2088 1628 urbes.

1181 1654 1286 1702 Quid
1307 1654 1461 1704 frigitur
1487 1655 1679 1692 scribamus
1702 1653 1718 1692 ?
1756 1667 1824 1691 non
1856 1651 1991 1702 Aſsae}
2016 1667 2108 1691 nunc
2133 1653 2224 1692 mihi

1181 1706 1260 1753 visa
1273 1705 1381 1753 prius.
1409 1707 1498 1744 Hoc
1523 1705 1594 1743 est:

1235 1773 1307 1804 Nec
1326 1777 1398 1816 peto
1411 1795 1421 1811 ‚
1448 1780 1536 1818 quas
1555 1767 1731 1817 quondam
1747 1766 1829 1815 petii
1842 1765 2010 1813 studiosus
2023 1765 2201 1817 Athenas,

1281 1819 1412 1868 Oppida
1434 1831 1502 1855 non
1530 1817 1633 1869 Afiae
1653 1831 1768 1863 nunc,
1794 1817 1883 1855 mihi
1905 1816 1983 1864 visa
1998 1817 2103 1867 prius.

1178 1885 1276 1923 Nam
1293 1912 1303 1929 ,
1331 1897 1419 1934 quae
1437 1884 1525 1921 mihi
1553 1884 1631 1932 visa
1648 1884 1766 1934 prius,
1795 1892 1835 1922 ut
1863 1882 2058 1931 simplicius
2087 1894 2128 1920 ac
2149 1893 2228 1919 ma-

1177 1936 1230 1984 gis
1251 1947 1316 1984 pro
1346 1935 1515 1979 Ovidio‚
1542 1935 1590 1972 ita
1618 1933 1806 1983 longius-{1
1832 1933 1994 1971 lediione
2015 1933 2101 1970 abit.
2154 1933 2225 1971 Sed

1182 1988 1302 2024 verius
1327 1986 1399 2028 est,
1427 1986 1517 2024 nihil
1537 1986 1759 2032 mutandum
1785 1982 1868 2022 effe.
1898 1985 1950 2022 Ut
1974 1984 2018 2020 τὸ
2038 1997 2131 2028 non,
2159 1983 2226 2029 fit,

1182 2044 1259 2074 non
1280 2037 1493 2085 negativum
1517 2064 1527 2080 ,
1554 2036 1614 2074 sed
1637 2035 1836 2082 ςερητικόν.
1886 2040 1966 2072 Non
1983 2034 2099 2083 ignota
2118 2047 2225 2078 cano,

1184 2101 1253 2124 non
1269 2100 1351 2123 cano
1371 2100 1437 2123 non
1449 2096 1542 2123 nota.
1571 2092 1651 2124 Non
1669 2097 1741 2132 peto
1760 2085 1879 2134 oppida
1901 2083 2022 2129 Aliae,
2053 2099 2121 2122 non
2129 2085 2228 2134 prius

1183 2138 1286 2185 visa,
1312 2139 1386 2175 hoc
1407 2137 1455 2174 est
1477 2165 1487 2182 ,
1516 2150 1583 2173 non
1605 2147 1677 2185 peto
1705 2137 1823 2187 oppida
1857 2134 1961 2185 Afiae
1985 2135 2082 2183 prius
2109 2136 2227 2184 invisa

1185 2188 1284 2225 mihi,
1310 2187 1409 2236 quasi
1432 2199 1473 2225 ea
1500 2197 1605 2225 antea
1633 2199 1710 2225 non
1729 2187 1897 2225 viderim.
1927 2185 2002 2222 Οἰκ
2023 2187 2143 2228 ἐ’πειμι
2163 2186 2230 2222 πά-

1184 2244 1259 2280 λεις
1280 2239 1454 2280 ἀθεάτους
1480 2236 1566 2283 ἐμοὶ·
1594 2237 1630 2274 οὗ
1651 2239 1751 2283 λέγω
1779 2237 1920 2283 ἄρ’ῥητον
1939 2235 2030 2281 ἐμοὶ.
2064 2237 2136 2274 hoc
2155 2235 2227 2278 est,

1184 2288 1275 2339 quod
1289 2299 1374 2326 ante
1393 2288 1480 2326 dixi.
1510 2289 1614 2326 DAN.
1644 2290 1787 2326 l-lzms.
1825 2295 1906 2325 Non
1933 2287 2003 2324 loca
2033 2287 2109 2334 visa
2131 2288 2227 2334 prius

1186 2352 1271 2377 cum
1295 2339 1587 2388 castigatioribus.
1615 2339 1739 2377 Asiam
1764 2340 1864 2377 enim
1889 2338 2028 2377 viderat
2046 2348 2129 2375 cum
2144 2337 2229 2373 Ma·

1188 2391 1291 2429 ximo
1308 2391 1416 2428 Pont.
1434 2390 1494 2428 lib,
1517 2403 1561 2428 xi.
1589 2390 1690 2438 Eleg.
1711 2403 1746 2428 x.

1241 2460 1269 2491 T
1270 2469 1285 2492 e
1303 2455 1386 2491 duce
1404 2453 1603 2505 magnificas
1625 2451 1728 2502 Aſsae
1739 2453 1967 2502 perspeximus
1987 2450 2096 2489 urbes.

1189 2516 1347 2554 Notavit
1368 2517 1462 2553 hanc
1483 2524 1634 2562 quoque
1654 2513 1855 2550 lechonem
1879 2524 1922 2549 ex
1946 2513 2008 2549 suo
2031 2511 2160 2551 codice
2187 2515 2225 2551 in

1190 2565 1512 2603 observationibus
1533 2564 1592 2601 lib.
1612 2575 1656 2600 11.
1680 2575 1756 2612 cap.
1775 2575 1808 2612 3.
1836 2562 2060 2600 doehffimus
2074 2563 2228 2602 Grono-

1190 2616 1282 2654 vius.
1310 2617 1457 2654 Hiems.

1239 2679 1303 2715 79.
1332 2665 1536 2704 Alexandri
1555 2663 1712 2714 urbem]
1743 2662 2000 2702 Alexandriam
2016 2690 2025 2707 ,
2038 2675 2133 2713 quae
2146 2664 2228 2704 urbs

1185 2716 1234 2755 est
1257 2719 1295 2755 in
1316 2717 1495 2767 AEgypto.
1542 2716 1588 2753 de
1608 2729 1678 2765 qua
1698 2716 1743 2752 fic
1762 2715 1915 2763 justinus
1943 2714 2001 2751 lib.
2025 2727 2077 2752 xx.
2101 2715 2147 2752 de
2170 2716 2226 2753 A·

1182 2769 1358 2807 lexandro
1379 2771 1533 2816 loquens
1552 2777 1561 2804 2
1599 2766 1762 2815 Reversus
1790 2765 1832 2801 ab
1853 2771 2046 2802 Hammone
2063 2765 2226 2804 Alexan-

1183 2820 1301 2856 driam
1320 2819 1473 2856 condidit
1496 2845 1506 2861 ‚
1541 2827 1585 2857 ω’
1606 2819 1770 2855 coloniam
1800 2816 2030 2852 Macedonum
2053 2826 2151 2864 caput
2171 2817 2227 2865 effe

1184 2870 1323 2918 AEggypti
1337 2871 1446 2917 jubet.
1472 2868 1584 2905 Cxor.
1615 2867 1800 2904 Pulchram
1822 2866 1940 2903 urbem
1959 2877 2051 2904 unus
2071 2867 2227 2905 Heinfii.

1240 2922 1299 2956 81.
1332 2920 1436 2966 §Mod
1447 2917 1554 2964 facile
1573 2918 1615 2965 est
1635 2929 1706 2967 opto
1727 2916 1883 2966 ventos]
1939 2916 2043 2966 Lege
2065 2945 2075 2961 ,
2104 2918 2229 2964 faciles

1190 2980 1323 3013 ventos,
1341 2970 1399 3006 vel
1412 2969 1486 3006 fine
1499 2966 1632 3005 assensu
1651 2977 1817 3005 veterum
1830 2967 2019 3005 librorum.
2030 2967 2123 3017 poffit
2136 2996 2145 3011 ,
2159 2980 2227 3016 pro

1183 3019 1446 3068 paffeuscripti.
1481 3019 1669 3056 Praeterea
1699 3020 1795 3056 forte
1814 3017 2041 3056 scribendum
2056 3019 2231 3068 ,Qofa-

1188 3071 1277 3106 cites.
1305 3071 1437 3107 Amor.
1456 3069 1517 3108 lib.
1538 3081 1599 3107 111.
1622 3070 1724 3118 Eleg.
1745 3081 1794 3107 Π.

1238 3137 1294 3174 Vis
1309 3147 1427 3174 tamen
1446 3136 1578 3174 interea
1598 3134 1715 3180 faciles
1735 3132 1888 3182 arcessere
1904 3144 2023 3172 ventos
2035 3143 2052 3172 ,Ρ

1186 3188 1332 3225 Heius.

1239 3239 1297 3276 82.
1327 3237 1447 3288 Vota.]
1478 3236 1557 3274 Vela
1579 3247 1710 3274 omnes
1730 3235 1807 3273 fere
1827 3233 1865 3272 &
1887 3236 1975 3276 editi
1992 3233 2169 3274 nonnulli.
2193 3232 2232 3269 δε

1185 3298 1286 3329 certe
1311 3301 1404 3328 mox
1428 3299 1512 3324 vota
1534 3287 1751 3338 sequuntur,

1360 3340 1502 3378 Mmm
1530 3350 1552 3376 2.
2051 3334 2113 3384 83.
2141 3330 2240 3379 obli:
