2495 3675
205 201 304 278 508
666 191 727 248 P.
804 183 1220 246 0V1D11

1292 172 1828 237 NASONIS

502 295 581 352 At
609 295 882 368 (memini)
920 293 1189 362 vitamque
1213 299 1387 339 meam
1419 293 1707 359 moresque
1729 278 1986 347 probabzis

360 386 430 440 90
576 368 701 434 1110,
734 384 898 441 quem
922 364 1174 422 dederaS,
1210 363 1596 428 praetereuntls
1623 366 1783 430 equo,

512 442 715 514 [Quod
742 441 776 494 fi
805 456 913 493 non
938 432 1182 508 prodest,
1219 429 1273 483 &
1300 424 1504 482 honesti
1535 436 1700 495 grana
1728 421 1867 476 nulla

585 512 857 570 Redditur
878 548 892 572 ,
929 520 980 560 at
1006 505 1208 560 nullum
1232 500 1434 555 crimen
1459 496 1684 568 adeptus
1710 497 1896 563 eram]

511 588 628 642 Nec
658 586 791 640 male
816 577 1088 635 commissa
1115 575 1190 630 est
1213 572 1364 628 nobis
1390 570 1604 625 fortuna
1629 583 1876 630 reorum,

587 659 790 728 Lisque
815 654 1009 708 decem
1036 649 1216 704 decies
1241 643 1563 717 inspicienda
1588 640 1731 694 vicis.

372 752 438 805 95
512 731 624 787 Res
649 744 867 800 quoque
891 725 1116 797 privatas
1143 719 1293 774 statui
1319 717 1424 772 fine
1450 713 1672 770 crimine
1691 711 1885 781 judex:

590 802 786 870 Deque
813 801 933 853 meir
959 793 1079 850 fassa
1103 793 1179 849 est
1201 809 1317 861 pars
1344 804 1565 862 quoque
1588 782 1721 839 viFta
1747 783 1873 837 fide.

514 873 616 931 Me
645 872 919 927 miserum!
961 867 1141 942 potui,
1180 865 1218 919 fi
1245 880 1352 917 non
1379 875 1620 916 extrema
1644 869 1935 921 nocerent,

581 945 800 1017 Judicio
822 955 966 997 tutus
987 958 1097 996 non
1122 937 1283 994 semel
1307 933 1409 989 esse
1438 947 1549 986 tuo,

511 1019 716 1075 Ultima
741 1034 828 1072 me
853 1014 1112 1087 perdunt:
1157 1012 1378 1081 imoque
1402 1005 1494 1060 sub
1521 1020 1755 1076 aequore
1781 1001 1978 1075 mergit

369 1085 471 1154 roo

219 1356 458 1407 ‘conjeceram
485 1354 602 1404 lapsa,
629 1365 707 1393 non
729 1354 838 1392 male.
863 1362 903 1393 ut
929 1356 976 1394 ita
1000 1350 1075 1400 sup.
1096 1347 1140 1386 ad
1161 1346 1268 1402 E¹·.¹·

224 1421 279 1447 vx.
302 1421 359 1457 35.
387 1419 454 1454 pro
481 1407 555 1455 ipsis
583 1404 680 1456 lapfis
708 1405 865 1453 reposuit
885 1408 920 1444 in
943 1404 1058 1442 Gratii
1089 1401 1187 1453 loco.
1218 1402 1268 1433 ita

224 1459 323 1509 lapsa
352 1458 469 1495 cadere
492 1485 502 1500 ,
539 1458 576 1494 ὅ(
607 1469 702 1494 ruere
730 1457 834 1504 saepe
864 1454 1093 1504 conjunc‘liin
1137 1450 1269 1505 dieun-

223 1518 293 1548 tur.
323 1509 396 1546 vid.
417 1508 461 1546 ad
484 1508 629 1545 Petron.
648 1518 726 1555 cap.
746 1518 824 1544 xvx.
854 1500 1131 1545 &G1·0nov.ad
1144 1500 1264 1537 Cicer.

223 1572 251 1598 1.
271 1561 317 1600 de
338 1558 420 1614 Off..
440 1571 499 1596 22.
526 1557 634 1607 Prop.
653 1569 707 1595 xv.
730 1569 782 1594 xv.
802 1557 863 1597 62.

275 1638 416 1689 Ipsaque
433 1636 471 1674 in
490 1648 651 1673 oceanum
664 1634 780 1684 Jtdera
799 1633 891 1684 lapsa
915 1634 1060 1671 cadunt.

222 1719 272 1757 ita
300 1730 390 1757 mox
425 1728 504 1755 121.
543 1716 668 1753 corruit
697 1714 789 1761 lapsa
820 1715 951 1750 domus.
986 1713 1056 1762 ipsa
1084 1713 1193 1750 etiam
1229 1712 1268 1750 ὅτ

221 1769 317 1818 lapsa
336 1767 513 1807 confundi
533 1767 637 1804 facile
658 1764 815 1814 poffunt.
846 1766 893 1802 est
923 1775 1013 1801 vero
1035 1764 1173 1800 dietum
1192 1791 1199 1805 ,
1229 1770 1268 1799 ut

222 1819 262 1857 in
277 1821 311 1867 se
330 1832 446 1862 ruere,
475 1817 520 1854 de
540 1829 616 1865 quo
636 1816 709 1854 vid.
733 1814 858 1853 Heius.
881 1814 926 1853 ad
950 1814 1045 1852 Vell.
1059 1813 1266 1851 Paterciib.

222 1879 271 1908 11.
294 1881 373 1919 cap.
394 1881 477 1907 cxx.
502 1867 634 1905 Bmm.

273 1935 334 1980 87.
360 1939 445 1983 Ergo
469 1930 686 1981 hominum]
702 1935 786 1979 Ergo
799 1930 932 1967 homini
949 1929 1140 1981 quaesitum
1151 1929 1268 1965 odium

220 1985 311 2025 mihi
331 1985 506 2022 carmine.-
529 1996 681 2033 quaeque
711 1983 783 2019 Ms.
812 1981 945 2019 Bersm.
973 1981 1144 2018 Heinsius
1164 1980 1267 2016 vole·

219 2038 302 2081 bat,
325 2037 404 2084 jure
424 2048 495 2084 crgo
515 2032 705 2084 quaefitum
724 2032 881 2070 offendit
895 2040 991 2070 certe
1013 2031 1183 2078 repetitio
1199 2043 1266 2066 vo-

218 2100 305 2126 cum
325 2089 361 2124 in
383 2099 443 2122 um
467 2086 696 2123 exeuntium.
723 2082 855 2121 deinde
876 2082 1000 2120 vultus
1014 2084 1095 2132 suos
1113 2082 1265 2119 Putean.

219 2140 258 2177 ὃ(
282 2136 452 2175 Leidens.
475 2149 563 2173 meos
590 2134 696 2171 Bern.

268 2204 329 2251 89.
359 2202 540 2250 Vitamque
566 2213 678 2236 meam
702 2226 711 2242 ,
747 2211 919 2248 moresque
944 2197 1149 2247 probabas.]
1205 2199 1265 2238 De

218 2255 287 2293 suis
306 2253 469 2291 moribus
489 2251 549 2288 lib.
572 2263 602 2289 1.
626 2250 671 2287 de
693 2250 815 2286 Ponto
837 2250 938 2297 Eleg.
959 2262 1010 2286 vr.
1038 2261 1122 2286 cum
1146 2252 1267 2297 po‘e'ti-

218 2316 305 2343 cum
332 2303 511 2347 studium,
540 2300 642 2351 quod
668 2301 746 2350 jam
779 2299 841 2337 fibi
873 2309 1076 2344 nocuerat,
1103 2311 1181 2338 non
1202 2301 1266 2339 de·

216 2356 371 2395 sereret:

269 2419 370 2469 ⁴§Quid
384 2418 496 2468 potius
507 2420 659 2465 facerem
673 2427 688 2456 ?
715 2429 783 2454 non
793 2420 876 2467 sum
901 2418 963 2467 qui
974 2418 1093 2467 segnia
1113 2419 1241 2457 ducam

321 2469 405 2507 Otia
419 2486 429 2505 .·
459 2483 549 2506 mors
569 2469 663 2505 nobis
687 2479 817 2516 tempus
836 2468 983 2506 habetur
1001 2472 1101 2507 iners.

268 2526 340 2560 Nec
358 2522 468 2565 juvat
485 2521 523 2556 in
545 2520 655 2556 lucem
676 2520 783 2556 nimio
806 2521 1003 2568 marcescere
1023 2521 1106 2557 vino
1123 2548 1134 2566 ,

318 2578 391 2608 Nec
411 2581 501 2606 tenet
522 2570 672 2606 incertas
690 2569 767 2606 alea
785 2569 917 2606 blanda
935 2584 1072 2608 manus.

271 2627 364 2659 Cum
395 2621 551 2657 dedimus
571 2622 690 2670 somno
715 2648 725 2664 ‚
763 2634 848 2670 quas
871 2630 983 2670 corpus
1003 2621 1173 2670 postulat,
1205 2622 1267 2660 ho·

398 2685 478 2715 ras,

320 2723 398 2770 §Quo
413 2732 540 2771 ponam
562 2720 714 2770 vigilans
736 2729 886 2770 tempora
905 2721 1005 2770 longa
1029 2722 1138 2761 modo.

222 2794 306 2836 Lib.
325 2806 379 2832 1v.

273 2854 337 2890 Sed
356 2855 441 2904 quid
453 2856 544 2903 solus
566 2870 667 2907 agam
680 2866 695 2895 ?
721 2870 859 2908 quaque
875 2856 1028 2902 infelicia
1040 2858 1187 2908 perdam

323 2909 572 2942 Ona.mater1a
587 2936 595 2952 ,
614 2909 873 2957 surripiamque
890 2908 979 2944 diem
993 2918 1008 2946 ἕ

272 2960 371 2992 Nam
392 2970 497 3006 neque
517 2971 569 2992 me
590 2960 715 2993 vinum
731 2986 740 3001 ,
757 2964 829 2995 ‘nec
849 2973 900 2994 me
919 2969 1008 2995 tenet
1029 2959 1105 2995 alea
1119 2960 1242 3004 fallax
1254 2988 1271 3007 ,,

326 3012 390 3041 l’er
413 3021 498 3054 quae
517 3009 605 3043 clam
630 3012 777 3045 tacitum
797 3019 928 3057 tempus
948 3010 1041 3047 abire
1058 3011 1154 3059 solet.

222 3074 271 3113 Et
291 3072 394 3121 Ezeg.
417 3086 488 3111 iix.

273 3139 352 3175 Sive
374 3139 457 3173 velis
484 3151 589 3173 mores
608 3138 667 3186 qui
687 3137 755 3184 fint
776 3138 951 3187 inquirere
974 3141 1097 3186 vostri,

226 3240 259 3277 C
329 3193 487 3225 Errorem
510 3202 627 3238 mijero
648 3189 810 3234 detrahe,
839 3191 914 3226 labe
936 3203 1065 3230 carent.

266 3251 396 3277 tesan.

278 3301 340 3351 89.
364 3305 418 3340 At
439 3302 583 3341 memini
603 3303 786 3355 vitamque
808 3303 960 3354 meam]
991 3302 1065 3342 Mei
1091 3304 1127 3342 in
1147 3305 1273 3355 pleri&

579 1091 911 1148 Incolumem
937 1087 1097 1143 toties
1122 1101 1225 1142 una
1251 1080 1484 1155 procella
1508 1092 1694 1133 ratem.

2249 1203 2366 1262 Nec

1324 1351 1398 1390 que
1423 1338 1570 1388 scriptis.
1617 1336 1776 1386 Vulgata
1801 1334 1914 1375 leffio
1935 1334 2084 1375 defendi
2102 1335 2219 1384 potest
2240 1349 2286 1376 ex
2304 1338 2370 1380 illis

1324 1403 1418 1442 quae
1437 1399 1609 1429 notamus
1632 1388 1676 1426 ad
1697 1388 1806 1435 Epist.
1827 1398 1866 1425 v.
1889 1387 1942 1430 ybs.
1963 1401 2021 1434 45.
2050 1387 2191 1424 Hms.

1375 1455 1425 1491 90
1454 1440 1537 1485 Illo,
1566 1452 1666 1490 quem
1687 1439 1853 1482 dederas,
1874 1439 2122 1487 praetereuntis
2140 1438 2261 1489 equ0.]
2282 1440 2369 1480 Hoc

1322 1493 1409 1532 ideo
1431 1492 1519 1529 dicit
1533 1519 1543 1536 ,
1570 1490 1673 1539 quod
1690 1501 1802 1539 penes
1821 1489 2026 1536 Augustum
2049 1488 2252 1527 Censorum
2268 1518 2279 1534 ,
2307 1493 2370 1541 qui

1322 1543 1515 1594 Equitibus
1533 1552 1649 1589 equos
1663 1540 1814 1584 dabant,
1826 1539 2021 1578 auetoritas
2039 1539 2227 1578 manserat.
2257 1542 2370 1580 C10F.

1375 1607 1437 1643 91.
1465 1589 1615 1641 Quodsi
1634 1604 1701 1627 non
1719 1590 1889 1640 prodest.]
1947 1590 2022 1628 Hic
2047 1590 2172 1628 denuo
2201 1591 2369 1640 grassatus

1326 1647 1375 1684 est
1396 1643 1637 1692 interpolator
1656 1641 1778 1680 nescio
1796 1642 1888 1690 quis.
1928 1641 2038 1679 Certe
2064 1641 2183 1679 versus
2203 1644 2263 1679 hic
2283 1654 2369 1683 cum

1324 1695 1488 1746 sequenti
1508 1692 1767 1732 semibarbarus
1788 1691 1848 1729 est.
1892 1692 1964 1729 Pro
1982 1692 2094 1739 gloria
2111 1701 2267 1741 quatuor
2286 1693 2369 1732 scri·

1324 1749 1399 1796 pti,
1417 1745 1546 1793 gratia.
1565 1743 1667 1793 quod
1689 1744 1849 1791 praestat.
1879 1743 2024 1780 Herm.
2051 1747 2096 1778 Et
2108 1745 2236 1780 amoris
2264 1756 2368 1784 unus.

1323 1810 1366 1838 (9⁵
1388 1797 1544 1839 honestae
1568 1794 1678 1843 gloria
1704 1793 1801 1831 vitae
1829 1793 2031 1842 Gottorph.
2063 1804 2106 1833 ω’
2131 1793 2251 1831 hanon*
2277 1795 2370 1844 Moq

1322 1851 1388 1887 reti
1411 1850 1447 1885 ὅ(
1471 1847 1578 1883 Polit.

1374 1913 1434 1948 92.
1464 1898 1607 1934 Crimen
1628 1896 1770 1944 adeptus
1790 1893 1930 1944 eram.]
1979 1893 2115 1932 Nescio
2139 1922 2150 1938 ,
2176 1907 2221 1934 an
2242 1900 2372 1936 emen*

1323 1950 1406 1987 date
1422 1979 1431 1993 ‚
1460 1961 1502 1986 an
1524 1960 1568 1984 ex
1591 1955 1718 1983 niente
1737 1946 1898 1990 autoris,
1926 1946 1963 1983 ὅ(
1984 1946 2062 1982 satis
2077 1946 2222 1984 Latine.
2248 1960 2372 1997 neque
2420 1961 2422 1965 ’

1326 2001 1484 2038 multum
1506 1999 1640 2047 juvant
1654 2025 1663 2039 ‚
1691 1997 1754 2045 qui
1776 1996 1970 2044 suggerunt
1985 2024 1995 2040 ,
2022 2007 2060 2032 at
2080 1996 2219 2033 nullum
2238 2011 2371 2036 crimen

1323 2053 1464 2099 adeptus
1483 2063 1545 2086 ero.
1576 2048 1624 2084 D.
1645 2048 1784 2084 Hiems.
1820 2048 1890 2084 Pro
1914 2046 2045 2083 crimen
2073 2046 2237 2094 adeptus,
2266 2050 2369 2097 quod

1323 2103 1497 2140 Latinum
1524 2100 1584 2136 vix
1611 2098 1659 2135 est
1683 2125 1693 2141 ,
1731 2098 1849 2143 forte,
1876 2097 2019 2134 adortus
2040 2097 2089 2135 est
2118 2097 2371 2146 scribendum,

1319 2161 1359 2191 ut
1379 2152 1474 2201 apud
1497 2149 1694 2198 Virgilium
1712 2177 1721 2192 ,

1505 2209 1676 2248 Simulato
1696 2210 1840 2247 numine
1860 2209 1986 2247 Bacchi

1374 2264 1495 2309 Majus
1517 2261 1642 2298 adorta
1661 2262 1770 2307 nefas.

1322 2323 1383 2361 ubi
1404 2333 1530 2363 tamen
1549 2323 1672 2371 adorsa
1692 2323 1729 2359 in
1751 2321 1936 2360 nonnullis
1957 2321 2104 2371 scriptis.
2143 2323 2213 2363 Sed
2234 2325 2371 2367 melio·

1321 2387 1377 2413 res
1399 2388 1464 2423 pro
1488 2375 1632 2423 vulgata
1653 2373 1753 2410 stant.
1783 2374 1891 2410 Pont.
1912 2373 2032 2411 lib.11.
2061 2374 2115 2411 El.
2139 2388 2186 2413 11.

1371 2439 1429 2486 Est
1449 2452 1525 2476 mea
1546 2438 1643 2486 culpa
1663 2436 1808 2485 gravis,
1831 2435 1889 2480 sed
1906 2450 1993 2486 quae
2014 2449 2067 2473 me
2083 2439 2220 2485 perdere
2233 2440 2344 2486 solum

1420 2491 1522 2539 Ausa
1536 2489 1606 2538 sit,
1635 2498 1677 2527 cy·
1696 2487 1836 2523 nullum
1856 2488 1971 2535 majus
1992 2488 2116 2524 adorta
2137 2491 2243 2536 nefas.

1320 2553 1375 2592 Ita
1397 2552 1477 2591 libri
1501 2562 1651 2590 vetereS.
1689 2550 1735 2588 sic
1757 2550 1865 2587 maris
1884 2563 2010 2599 aequor
2029 2550 2144 2588 adorti
2172 2550 2251 2589 Val.
2270 2551 2372 2590 Flac-'

1322 2616 1367 2641 co
1387 2605 1445 2641 lib.
1475 2616 1501 2640 Ι.
1530 2606 1567 2640 ὅ(
1597 2612 1740 2638 tantum
1773 2614 1898 2652 aequor
1923 2601 2039 2637 adorti
2068 2601 2128 2638 lib.
2152 2614 2204 2640 1v.
2233 2602 2302 2639 Sed
2321 2613 2370 2639 ne

1322 2654 1370 2691 sic
1390 2654 1538 2702 quidem
1570 2654 1642 2689 hoc
1664 2653 1841 2689 distichon
1863 2653 2068 2700 genuinum
2091 2650 2162 2690 effe
2184 2652 2296 2691 ausim
2319 2651 2369 2698 ast

1322 2704 1495 2741 severare.
1526 2705 1672 2740 Hiems.
1701 2703 1811 2740 Forte
1831 2702 2027 2750 scripserit,

1375 2765 1479 2814 Qud
1493 2763 1526 2814 fi
1545 2778 1611 2801 non
1627 2763 1756 2813 prodest
1777 2792 1785 2806 ,
1814 2775 1857 2802 o*
1876 2762 2026 2808 honestae
2041 2761 2151 2809 gloria
2179 2763 2275 2800 vitae

1428 2816 1613 2858 Perditur3
1643 2825 1681 2851 at
1703 2815 1841 2850 nulium
1860 2815 1990 2849 crimen
2012 2813 2144 2849 ademit
2165 2827 2302 2862 equum.

1322 2866 1406 2912 vel,
1434 2867 1528 2902 nullo
1549 2866 1691 2903 crimine
1711 2866 1848 2901 demtus
1871 2876 1987 2913 equus.
2016 2863 2148 2900 ssuitm.

1374 2939 1421 2976 93
1463 2926 1650 2976 Remum]
1680 2932 1840 2962 Sororum
1860 2923 1943 2961 cod.
1964 2924 2079 2961 Servii
2100 2926 2135 2962 ὃ(
2163 2925 2295 2963 sscrsm.

1379 2991 1437 3026 94.
1467 2984 1575 3027 Usque
1594 2977 1705 3012 decem
1729 2974 1870 3023 decies]
1926 2976 1978 3010 Tb
2006 2981 2113 3022 Usque
2133 2976 2306 3014 frivolum
2329 2977 2369 3014 &

1325 3029 1484 3066 otiosum
1507 3030 1579 3064 hoc
1601 3027 1700 3063 loco.
1719 3026 1795 3062 duo
1810 3025 1957 3062 Vetere
1973 3031 2116 3073 ,thue
2144 3038 2259 3072 unus,
2289 3026 2369 3073 Vix-

1328 3093 1403 3130 que.
1432 3079 1553 3115 Scribe
1576 3078 1735 3114 omnino
1750 3104 1761 3120 ,

1379 3143 1501 3191 Lisque
1521 3140 1632 3176 decem
1652 3141 1754 3176 decies
1772 3138 1979 3187 inspicienda
2001 3138 2102 3177 viris.

1330 3213 1482 3245 Centum
1501 3206 1592 3241 viros
1614 3205 1733 3241 litibus
1747 3203 1946 3251 judicandis
1969 3201 2142 3250 designat.
2183 3216 2229 3242 ne
2249 3205 2370 3243 dubita

1329 3259 1374 3294 de
1395 3259 1461 3293 hac
1496 3256 1733 3293 restitutione.
1763 3255 1891 3290 eadem
1925 3265 2000 3289 vox
2033 3265 2187 3304 quoque
2209 3256 2373 3294 Phaedro

1329 3306 1513 3348 reddenda
1533 3307 1625 3346 libro
1647 3316 1711 3345 ιιι.
1740 3304 1824 3343 Fab.
1842 3315 1930 3342 xm.

2291 3353 2374 3394 fuci

2481 2351 2486 2586 l

2484 3319 2488 3410 ι
