2495 3675
263 221 366 276 424
532 242 552 261 c
750 191 1303 257 P.0V1D11

1377 166 1910 248 NASouts

555 292 922 366 Temporibus
947 307 1193 348 veterum
1219 287 1450 342 tibicinis
1476 285 1594 341 usus
1620 301 1841 339 avorum

632 365 894 439 MagnuS,
931 366 989 418 &
1016 365 1069 418 in
1095 378 1288 433 magno
1315 360 1521 432 semper
1549 357 1759 413 honore
1783 356 1899 411 fuit.

559 439 820 495 Cantabat
844 439 976 493 fanis
1000 475 1014 498 ,
1049 435 1291 489 cantabat
1316 433 1442 487 tibia
1469 429 1632 487 ludis:

419 519 523 570 660

635 513 899 567 Cantabat
923 507 1133 564 moestis
1159 507 1286 560 tibia
1314 505 1604 561 funeribus,

561 586 747 642 Dulcis
774 597 886 639 erat
912 579 1164 636 mercede
1190 578 1364 632 labor:
1406 591 1725 650 tempusque
1752 576 2021 641 secutum,

633 657 805 729 Quod
834 655 1009 710 subito
1036 651 1230 723 Grajae
1256 649 1526 723 frangeret
1551 651 1675 704 artis
1706 668 1857 721 opus,

565 730 731 787 Adde
756 729 907 803 quod
932 726 1158 789 AEdilis‚
1193 740 1446 796 pompam
1471 723 1564 796 qui
1588 722 1786 778 funeris
1808 724 1979 787 irent,

646 802 904 859 Artifices
928 800 1063 854 solos
1083 798 1295 870 juss'erat
1323 795 1425 851 esse
1448 795 1660 851 decem.

426 883 526 949 665
564 875 763 933 Exfilio
792 871 1248 934 mutantUrbem,
1284 869 1571 942 Tiburque
1598 867 1890 923 recedunt:

647 945 1192 1034 (Exsiliumdquodam
1216 958 1462 1016 tempore
1487 941 1664 998 Tibur
1691 944 1869 1009 eran)

274 1170 326 1209 ita
349 1168 558 1218 frequenter
575 1161 862 1214 praestantissimi
882 1159 1085 1216 scriptores3
1110 1157 1199 1208 quid
1216 1156 1240 1195 fi
1260 1155 1324 1195 de-

278 1220 372 1259 derit
393 1228 517 1257 tamen
540 1217 601 1254 hic
621 1214 726 1253 nobis
756 1213 853 1251 Naso
869 1240 879 1256 ,
909 1213 994 1259 Poſje
1015 1209 1136 1247 vellm.
1180 1209 1324 1246 Heius.

279 1270 369 1308 Vid.
395 1270 441 1308 ad
474 1269 621 1306 Petron.
644 1277 721 1314 cap.
741 1277 787 1302 11.
820 1262 971 1313 placitae
996 1261 1192 1299 Pernbroc.
1218 1258 1326 1306 castae

280 1321 436 1359 Moreti.

327 1384 417 1431 659.
444 1378 627 1418 cantabat
639 1375 782 1426 sanis.]
811 1375 928 1413 Vetus
946 1373 1152 1422 inscriptio:

536 1478 801 1519 TissiCmEs
827 1474 1049 1515 ROMANI

656 1541 753 1589 QVI
783 1538 961 1578 SACRIS

569 1602 805 1643 PVBLICIS
833 1599 1031 1640 PRAEST.
1059 1598 1216 1639 SVNT.

285 1709 510 1761 spondanus
542 1706 711 1753 inteiligit
740 1705 796 1743 M.
817 1703 1031 1742 Vicrorinus
1064 1702 1108 1739 de
1132 1702 1330 1751 Spondeo:

286 1763 413 1800 Dic‘lus
433 1760 458 1797 ιὶ
478 1761 594 1796 ιναὸἰκ
612 1767 738 1793 cantus
752 1783 760 1798 ,
781 1755 841 1804 qui
857 1764 914 1803 per
930 1754 1045 1802 longas
1070 1753 1173 1790 tibias
1189 1754 1225 1790 in
1245 1764 1332 1790 tem-

278 1813 347 1864 plis
368 1811 391 1848 ἒι
412 1806 680 1859 supplicantibus
710 1805 825 1843 editur
844 1820 855 1841 .·
883 1804 975 1842 unde
993 1803 1206 1853 spondaulae
1223 1805 1333 1854 appel-

287 1864 435 1906 lantur,
468 1860 528 1910 qui
551 1857 751 1908 hujusmodi
784 1855 888 1894 tibias
912 1853 1037 1904 inflare
1073 1857 1331 1903 consueverunt.

286 1915 467 1954 NEApor..

341 1979 427 2016 660.
456 1974 590 2023 Moestis
611 1973 698 2011 tibia
713 1970 934 2021 funeribus]
964 1970 1161 2009 Uberrime
1184 1970 1334 2019 &opti-

289 2042 353 2070 me
372 2029 417 2067 de
436 2029 510 2065 hoc
532 2037 637 2063 more
662 2025 741 2074 jam
774 2024 840 2061 viri
868 2022 990 2060 dosti:
1020 2022 1117 2060 addo
1143 2024 1210 2060 hos
1241 2034 1336 2067 τυμ-

291 2083 432 2127 βαύλας
450 2078 521 2116 dici
539 2076 559 2113 a
582 2076 707 2113 Dione
739 2073 1004 2122 Chrysostomo
1024 2074 1208 2111 Oratione
1227 2084 1336 2110 xcix.

285 2131 293 2143 2

292 2132 377 2183 Ἔφη
395 2131 425 2170 δέ
448 2147 495 2171 τις
515 2132 574 2166 τὶΣν
594 2125 695 2176 ὀλίγῳ
715 2127 855 2178 πρότερον
874 2125 1115 2175 φιλοςόφωνῗοό
1138 2121 1272 2172 φκῦλων
1285 2121 1337 2173 ,ἧχ’

283 2185 448 2238 ’‘Io-pabaw
469 2187 566 2222 τοῦτο
585 2180 725 2231 μέλις-οι
755 2181 981 2230 οἷνοινιικτέῖν,
1012 2180 1050 2217 τὲ
1070 2181 1215 2229 καλεῖσὸς
1236 2181 1338 2221 οιῦλη-

293 2241 354 2284 τιὲς
374 2240 446 2283 τούς
465 2234 681 2289 τυμὲιιίλοις.
722 2235 783 2272 Ad
802 2235 953 2272 verbum
975 2234 1141 2283 expreffit
1159 2234 1292 2283 Apulej
1301 2244 1339 2271 us

293 2298 417 2347 primo
437 2293 573 2332 Florid.
600 2302 685 2328 cum
706 2288 858 2327 eosdem
879 2290 1028 2326 vocavit
1047 2288 1342 2326 monumentarios

295 2346 474 2389 ceraulas,
501 2340 630 2381 usitata
652 2338 784 2378 vocula
807 2338 969 2376 auctori:
998 2350 1093 2387 quae
1126 2339 1344 2377 restituenda

295 2400 335 2437 in
359 2397 492 2435 eodem
509 2423 519 2439 ,
547 2394 584 2431 in
602 2391 724 2429 libello
744 2390 789 2427 de
810 2390 895 2427 Deo
915 2390 1083 2427 Socratis.
1110 2389 1202 2427 haec
1221 2390 1279 2426 ille
1300 2389 1346 2426 de

296 2449 400 2488 sacris
429 2444 618 2483 barbaricis
642 2455 650 2479 ε
696 2436 857 2478 Barbara
885 2451 1003 2478 autem
1029 2439 1182 2489 gaudent
1211 2439 1348 2488 strepitu

301 2497 601 2548 Cymbalistarum
625 2520 635 2537 ‚
673 2490 977 2541 Tympanistarum
1005 2502 1049 2530 (φ
1075 2489 1343 2528 choraulomm.

300 2552 405 2599 Lege
435 2547 616 2590 omnino,
644 2542 892 2580 Ceraularum.
918 2542 1043 2580 ΝΕΑΡ.

352 2616 437 2653 661.
464 2607 862 2660 Tempusquesecutum]
876 2608 959 2645 Fuit
971 2618 1085 2645 annus
1098 2606 1191 2644 urbis
1201 2617 1346 2644 cccxtt.

302 2668 360 2704 M.
381 2665 533 2702 Valerio
556 2663 594 2699 δε
626 2661 662 2697 Ρ.
681 2659 804 2696 Decio
828 2656 927 2695 Coff.
958 2657 1026 2694 Per
1045 2658 1079 2694 id
1104 2667 1247 2705 tempus
1270 2658 1346 2694 col-

303 2717 440 2765 legium
459 2713 649 2753 tibicinum
672 2709 901 2758 prohibitum
931 2706 951 2745 a
982 2708 1199 2744 Censoribus
1220 2707 1346 2755 Appio

307 2766 464 2803 Claudio
487 2766 524 2802 ἃ
565 2763 609 2799 C.
625 2761 768 2799 Plautio
800 2761 837 2796 in
866 2757 957 2796 aede
979 2758 1082 2804 Jovis
1109 2757 1215 2794 vesci.
1244 2758 1348 2804 Qod

309 2817 481 2854 traditum
497 2843 507 2859 ,
534 2813 653 2861 inquit
673 2811 802 2848 Livius
816 2837 826 2854 ,
853 2809 1050 2859 antiquitus
1069 2819 1155 2846 erat.
1183 2809 1221 2845 ὃς
1242 2808 1353 2845 Vale-

308 2869 402 2905 rius:
433 2864 621 2913 Qondam
649 2861 754 2898 vetiti
779 2861 818 2898 in
846 2860 927 2897 aede
954 2860 1062 2905 Jovis
1086 2887 1096 2903 ‚
1132 2858 1225 2907 quod
1248 2859 1354 2908 prisco

309 2930 402 2956 more
412 2916 651 2961 saffiram-at,
677 2911 778 2959 vesci.
806 2911 876 2948 Sed
895 2911 991 2948 haud
1005 2911 1097 2948 haec
1119 2911 1236 2959 prima
1258 2910 1356 2947 caus-

309 2968 344 3006 sa
373 2966 485 3004 urbici
505 2962 667 3001 disceisus
688 2977 700 3006 ;
741 2962 809 2999 alia
831 2959 1065 3010 praecesserat
1086 2988 1096 3006 ,
1125 2971 1219 3011 quae
1239 2960 1357 3009 sequi-

311 3027 382 3057 tur.
411 3017 586 3054 Nemor.

366 3083 450 3119 662.
480 3084 609 3115 Gratae
635 3078 809 3123 frangeret
827 3076 915 3113 artis
942 3075 1054 3125 opes.‘]
1109 3076 1238 3125 Grajae
1260 3075 1357 3124 opti·

314 3145 396 3173 mus
426 3132 548 3168 Patav.
579 3128 685 3175 prim.
716 3127 856 3163 Fames.
886 3128 1022 3164 Mazar.
1051 3128 1193 3165 Arond.
1222 3127 1357 3176 aliique

312 3183 495 3224 nonnulli.
523 3180 560 3216 ὃ(
582 3178 690 3215 recte.
718 3176 820 3225 quod
839 3188 883 3212 ex
905 3176 1014 3213 stolae
1037 3176 1099 3214 usu
1118 3186 1257 3224 praeter
1276 3189 1359 3215 mo-

314 3247 391 3274 rem
414 3234 627 3270 Romanum
641 3229 765 3275 liquet.
778 3227 822 3263 de
834 3227 1034 3275 quosupra.
1055 3227 1145 3264 artis
1160 3237 1236 3275 opus
1247 3230 1359 3266 etiam

315 3286 460 3328 Ursini,
487 3283 650 3332 optimus
676 3280 872 3318 Patavmus
895 3280 932 3317 ὅς
953 3285 1113 3328 quatuor
1132 3278 1203 3329 alii,
1230 3278 1279 3318 sic
1301 3277 1360 3320 lib.

314 3352 345 3379 ι.
368 3335 450 3376 268.
494 3356 496 3358 -

2248 1013 2425 1089 Quae-

1431 1154 1498 1206 Ipfi’
1519 1167 1613 1192 meae
1631 1153 1729 1193 movi
1749 1151 1897 1191 callidus
1915 1153 2005 1192 artis
2021 1162 2111 1205 opus.

1379 1233 1441 1272 ubi
1461 1233 1557 1271 male
1577 1242 1669 1283 opem
1687 1231 1902 1270 substituunt
1919 1231 1999 1270 libri
2020 1231 2182 1281 quidam.
2210 1230 2357 1270 Hans.

1433 1305 1518 1354 663.
1546 1305 1652 1342 Adde
1671 1305 1762 1354 quod
1789 1304 1956 1355 AEdilis.]
2003 1306 2103 1343 Huic
2131 1305 2265 1343 scilicet
2294 1305 2430 1345 honori

1383 1355 1521 1394 sublato
1542 1384 1552 1400 ,
1581 1356 1756 1393 eumdem
1791 1356 1956 1404 Appium
1986 1356 2182 1394 Claudium
2215 1355 2255 1393 εδ
2288 1364 2432 1405 tempe-

1386 1407 1495 1451 state,
1516 1405 1588 1455 quai
1608 1405 1839 1444 AEdilitatem
1860 1406 1989 1455 agebat
2017 1406 2196 1452 (exercuit
2215 1408 2309 1444 hanc
2331 1419 2430 1445 anno
2472 1436 2475 1437 γ

1389 1469 1501 1497 coxi.
1531 1469 1614 1495 curn
1637 1458 1674 1495 P.
1698 1457 1875 1495 Cornelio
1897 1455 2061 1504 Arvina)
2086 1457 2251 1495 tibicines
2271 1458 2432 1496 damno-

1386 1508 1425 1546 so
1445 1508 1610 1557 quodam
1628 1508 1752 1546 edicio
1779 1506 1948 1552 irritasse,
1976 1520 2054 1558 quo
2083 1508 2245 1557 sumptus
2263 1509 2433 1547 funebres
2463 1505 2465 1507 ’

1389 1559 1588 1597 coarcravit
1628 1560 1666 1596 ἃ
1698 1560 1734 1597 in
1768 1558 1967 1609 duodecim
2008 1559 2143 1597 tabulas
2172 1558 2432 1608 praescriptum

1388 1609 1552 1648 reduxit:
1580 1610 1774 1660 statuitque
1797 1638 1807 1653 ‚
1836 1622 1883 1647 ne
1906 1612 1987 1660 quis
2017 1611 2133 1658 plures
2160 1621 2272 1659 quam
2303 1610 2436 1648 decem

1390 1672 1436 1698 ex
1463 1662 1505 1698 iis
1525 1662 1561 1698 in
1580 1663 1743 1710 exequiis
1764 1661 1962 1699 adhiberet.
1990 1661 2091 1699 Hinc
2108 1660 2258 1709 scriptor
2280 1660 2326 1698 de
2340 1661 2438 1700 Viris

1389 1711 1582 1750 Illussribus
1594 1739 1605 1756 ‚
1625 1711 1787 1760 epulandi
1805 1712 2078 1761 decantandique
2089 1712 2150 1760 jus
2167 1710 2439 1748 tibicinibusad-

1388 1762 1496 1812 emiffe
1516 1774 1632 1800 unum
1653 1762 1852 1801 Claudium
1867 1790 1879 1806 ,
1907 1763 2015 1800 refert
2038 1774 2116 1811 cap.
2137 1774 2267 1800 xxxxv.
2295 1763 2438 1801 Vinan·

1389 1813 1455 1851 dus
1476 1813 1623 1862 Pighius
1645 1814 1739 1851 inter
1759 1814 1833 1852 hoc
1853 1814 1892 1851 δε
1920 1812 2078 1863 superius
2105 1812 2298 1852 distichum
2321 1813 2439 1852 multa

1389 1864 1583 1902 defiderari
1604 1864 1747 1902 censet:
1774 1864 1902 1914 quibus
1922 1864 2038 1903 Poeta
2058 1865 2192 1902 cecinit
2203 1864 2437 1914 praecipuam

1389 1913 1546 1954 caussam
1562 1943 1572 1960 ,
1601 1926 1713 1965 quare
1723 1916 1924 1954 exsulatum
1942 1915 2107 1953 tibicines
2124 1915 2254 1964 sponte
2272 1914 2439 1955 abierint.

1389 1966 1551 2005 fallitur:
1581 1966 1671 2014 quid
1702 1967 1802 2004 enim
1829 1967 1921 2004 haec
1946 1966 2148 2016 significant
2168 1994 2178 2011 ,
2214 1965 2337 2004 Dulcis
2362 1976 2439 2004 erat

1391 2017 1541 2055 mercede
1561 2016 1685 2056 labor?
1711 2029 1754 2055 ac
1781 2017 1807 2055 fi
1837 2017 1974 2056 diceret
2000 2045 2010 2062 ,
2037 2018 2246 2055 Praemium
2277 2018 2440 2066 antiqui·

1391 2077 1448 2107 tus
1493 2066 1627 2106 levaffe
1663 2068 1842 2106 laborem.
1887 2067 1991 2118 quod
2020 2066 2265 2117 praemium?
2292 2067 2357 2106 nifi
2379 2070 2441 2117 jus

1393 2119 1563 2158 vescendi
1586 2123 1623 2157 in
1644 2119 1734 2157 aede
1755 2120 1879 2166 Jovis‚
1907 2119 2010 2168 quod
2031 2120 2153 2168 postea
2168 2119 2235 2156 illis
2255 2125 2443 2166 ereptum.

1396 2173 1506 2219 Quae
1529 2170 1710 2218 expositio
1741 2170 1767 2208 fi
1805 2170 1936 2218 Pighio
1970 2181 2047 2207 non
2075 2168 2196 2210 sedet;
2227 2168 2266 2205 &
2288 2167 2440 2216 suspica-

1396 2231 1454 2259 tur
1476 2220 1710 2268 intelligenda
1742 2220 1787 2258 de
1813 2231 1971 2257 numero
2002 2219 2196 2256 tibicinum
2228 2217 2438 2264 coarc‘iato3

1397 2271 1576 2320 superflua
1596 2271 1679 2309 sane
1699 2268 1760 2308 ista
1777 2283 1785 2307 ε
1813 2270 1918 2307 Adde
1937 2269 2027 2319 quod
2048 2269 2192 2309 AEditis.
2221 2269 2443 2318 Supponen-

1400 2323 1489 2361 dum
1510 2321 1618 2371 igitur
1643 2349 1653 2366 ,
1690 2332 1733 2358 ac
1766 2320 1792 2358 fi
1823 2320 1899 2359 duo
1934 2320 1995 2358 ista
2024 2321 2186 2357 carmina
2206 2331 2284 2357 non
2306 2318 2440 2358 effent:

1401 2385 1486 2410 nam
1505 2373 1565 2410 hic
1583 2383 1757 2410 numerus
1779 2371 1980 2409 diminutus
1999 2370 2057 2419 jus
2079 2370 2267 2408 ademtum
2283 2371 2444 2418 praeces-

1402 2423 1502 2461 serat.
1540 2423 1644 2471 Quid
1664 2422 1759 2460 aliud
1788 2422 1850 2460 sibi
1881 2421 1959 2459 vult
1985 2422 2028 2459 τὸ
2052 2422 2221 2472 jufferat?
2249 2422 2443 2471 Benejam

1402 2474 1584 2522 sequitur,
1613 2471 1739 2522 Exfilio
1767 2482 1912 2510 mutant
1943 2471 2074 2509 urbem.
2127 2473 2209 2510 Nec
2230 2472 2378 2510 mutilus
2395 2472 2444 2511 est

1402 2525 1477 2562 ullo
1498 2525 1616 2562 modo
1638 2524 1767 2562 sensus.
1801 2524 1980 2561 NEApor..
2016 2523 2146 2571 Magni
2167 2523 2328 2561 nominis
2346 2523 2446 2570 Jctus

1401 2575 1559 2623 Jacobus
1579 2576 1755 2614 Gothofr.
1775 2575 1821 2613 ad
1836 2576 2005 2624 Leg.xrr.
2018 2573 2192 2611 Tabular.
2203 2573 2369 2611 Tabulae
2383 2574 2448 2611 de-

1401 2627 1520 2664 cimae
1552 2626 1699 2664 inseruit
1732 2626 1827 2664 hanc
1863 2626 1951 2674 legis
1980 2624 2246 2662 Decemviralis
2279 2632 2444 2670 partem,

1405 2676 1525 2713 Tribus
1556 2676 1686 2713 Ricinis
1708 2705 1719 2721 ‚
1757 2687 1800 2715 (9¹
1837 2676 1949 2713 decem
1979 2673 2186 2712 Tibicinihus
2217 2673 2308 2720 foris
2334 2674 2448 2723 efferre

1396 2728 1456 2777 jus
1473 2727 1546 2774 esto.
1573 2728 1611 2765 &
1643 2739 1687 2764 ex
1721 2728 1841 2765 Cicer.
1865 2740 1909 2765 11.
1936 2726 1982 2764 de
2013 2727 2103 2772 Leg.
2124 2735 2200 2770 cap.
2225 2736 2284 2772 23.
2317 2725 2450 2773 proba-

1405 2779 1459 2818 vit
1475 2779 1549 2816 hoc
1570 2777 1616 2815 de
1647 2777 1776 2816 decem
1802 2776 2007 2815 tibicinibus
2033 2771 2134 2812 fuiffe
2161 2775 2242 2822 lege
2263 2787 2334 2813 x11.
2371 2776 2450 2813 Ta-

1405 2829 1572 2885 bularum
1591 2828 1782 2868 sancitum.
1795 2828 1956 2877 ideoque
1976 2826 2049 2863 hoc
2059 2824 2237 2864 distichon
2250 2826 2298 2863 ita
2319 2826 2451 2865 consti·

1410 2888 1503 2926 tuit,

1463 2949 1570 2988 Adde
1589 2948 1680 2997 quod
1699 2944 1815 2983 edistis
1829 2972 1839 2988 ‚
1862 2951 1983 2993 pompa
2006 2942 2067 2993 qm·
2076 2941 2215 2989 funeris
2233 2942 2325 2980 irent
2337 2971 2349 2989 ‚

1513 2997 1678 3045 Artifices
1688 2996 1774 3045 fiilos
1786 2996 1844 3044 jus
1863 3004 1938 3031 erat
1960 2993 2015 3042 esse
2033 2993 2157 3031 decem.

1412 3087 1507 3126 quae
1525 3072 1658 3112 deinde
1678 3074 1715 3110 in
1737 3074 1833 3111 notis
1856 3083 2033 3122 paga-53.
2060 3070 2215 3109 adstruit.
2245 3073 2302 3110 cui
2318 3084 2365 3110 ne
2376 3072 2455 3111 sub·

1413 3126 1606 3165 scribamus
1635 3124 1720 3161 facit
1749 3152 1759 3168 ,
1800 3125 1901 3172 quod
1934 3134 2140 3171 numquam
2180 3121 2285 3159 edim
2316 3136 2456 3162 nornen

1413 3177 1549 3226 legibus
1576 3174 1685 3212 tribui
1705 3187 1776 3212 xix.
1803 3175 2028 3212 Tabularum
2055 3173 2231 3221 legerim,
2253 3185 2376 3223 neque
2398 3174 2458 3212 ille

1416 3227 1569 3278 probet,
1596 3225 1660 3263 nili
1685 3226 1788 3274 quod
1810 3225 1965 3262 Plinium
1988 3224 2048 3262 lib.
2074 3236 2118 3261 11.
2148 3235 2206 3272 37.
2233 3223 2460 3262 interdiblum

1416 3291 1486 3317 x11.
1526 3275 1702 3314 Tabular.
1736 3276 1899 3320 dixerit,
1943 3275 2045 3325 quod
2079 3273 2174 3323 apud
2209 3285 2294 3312 eum
2330 3275 2463 3324 reperi-

1415 3340 1455 3370 re
1473 3326 1642 3368 nondum
1661 3327 1780 3376 potui.
1800 3338 1912 3378 quare
1932 3325 1957 3366 si
1971 3326 2052 3376 jam
2070 3324 2182 3366 lectio
2196 3325 2272 3375 ejus
2292 3325 2464 3375 placeret,

2385 3385 2463 3413 non
