2495 3675
242 192 366 244 414

784 165 844 222 P.
916 159 1337 222 OVIDII
1411 155 1940 218 NASONIS

411 277 512 345 565
552 269 742 327 Exitus
772 265 986 323 accessit
1011 265 1212 322 verbis:
1253 261 1568 344 flumenque
1601 257 1881 344 Tolerium

626 346 906 416 Purpureo
933 340 1112 394 mixtis
1135 338 1386 407 sanguine
1414 333 1572 388 fluxit
1597 350 1760 404 aquiS.

555 418 843 473 Proximus
866 430 1032 468 annus
1057 424 1195 466 erat:
1240 407 1535 463 Pallantide
1564 408 1745 473 caesus
1767 406 1961 464 eadem

632 490 825 545 Didius
849 486 1061 541 hossiles
1084 481 1432 554 ingeminavit
1459 496 1610 552 opes.

559 566 688 622 Lux
715 564 936 621 eadem,
972 557 1239 618 Fortuna,
1278 570 1367 609 tua
1393 554 1494 617 est,
1533 552 1849 627 auEiorque,
1896 555 2170 632 locusque,

415 658 516 711 570

628 636 736 692 Sed
761 630 1117 705 superinjectis
1140 630 1258 701 quis
1283 629 1410 684 latet
1437 627 1571 682 aede
1599 630 1770 700 togis?

557 709 771 767 Servius
801 706 903 760 est:
944 706 1049 759 hoc
1074 701 1280 759 constat
1307 701 1467 757 enim.
1491 700 1586 755 sed
1613 700 1783 757 cauffa
1812 702 2010 758 latendi

630 781 940 853 Discrepat;
983 779 1037 833 &
1064 777 1289 834 dubium
1313 792 1399 831 me
1422 790 1643 849 quoque
1669 776 1862 832 mentis
1889 776 2066 832 habet.

266 1003 375 1054 liujus
403 999 488 1039 belli
518 993 624 1047 quod
652 995 762 1032 fuerit
800 993 886 1032 vide
920 992 1027 1031 latius
1068 991 1107 1029 in
1139 989 1314 1048 Appiano

268 1056 361 1095 libro
381 1054 504 1102 primo
524 1047 713 1086 Bellorum
725 1045 931 1084 Civilium:
961 1044 1022 1082 ubi
1046 1042 1215 1081 &scribit
1238 1043 1316 1099 Ru·

268 1107 336 1146 tilii
356 1104 636 1149 multorumque
663 1096 852 1135 illustrium
884 1096 1050 1134 virorum
1081 1094 1258 1153 cadavera
1278 1105 1318 1131 in

268 1170 317 1196 eo
337 1154 514 1194 consuetu
544 1149 643 1189 caesa
671 1149 837 1187 Romam
867 1147 985 1186 delata
1010 1174 1020 1191 ‚
1057 1157 1136 1195 quo
1154 1144 1318 1193 sepulcro

268 1207 544 1248 mandarentur.
581 1199 726 1249 Scripsit
748 1212 793 1237 ex
814 1198 1068 1249 antiquissimis
1087 1196 1162 1233 hoc
1182 1194 1319 1252 bellum

270 1261 318 1298 L.
340 1258 487 1297 Sisenna
501 1283 512 1300 ,
539 1253 593 1290 vir
615 1252 839 1289 Praetorius:
868 1250 976 1299 hujus
998 1246 1259 1296 historiasaepe
1270 1258 1322 1284 ci-

268 1319 365 1349 tatur
387 1321 408 1346 a
423 1305 592 1346 Nonnio.
618 1302 782 1341 hominis
802 1301 970 1340 dod‘trina
990 1299 1133 1354 summe
1155 1296 1322 1336 laudatur

271 1361 293 1400 ἒι
314 1361 470 1398 Tullio:
498 1355 640 1403 Sisenna
663 1383 674 1399 ,
712 1353 772 1391 hic
794 1353 914 1402 inquit
929 1380 939 1397 ,
966 1352 1192 1407 ejusflmtcus
1207 1361 1323 1408 omnes

271 1412 388 1450 adhuc
407 1408 530 1456 nostros
552 1405 724 1453 scriptores
745 1432 757 1449 ,
795 1403 860 1453 nisi
877 1404 972 1451 forte
992 1415 1052 1451 qut
1072 1400 1229 1438 nondum
1252 1400 1324 1456 edt-

271 1465 424 1506 derunt,
451 1461 492 1498 de
524 1455 648 1508 quibus
679 1455 875 1505 existimare
902 1467 971 1491 non
992 1453 1163 1503 possumus
1186 1479 1197 1496 ‚
1221 1450 1327 1508 [aelle

264 1513 461 1565 ficperavit.
509 1511 597 1548 l-ioc
617 1519 711 1556 opus
745 1505 942 1551 amissum,
969 1516 1017 1543 ne
1046 1514 1144 1541 nunc
1171 1501 1328 1553 quidem

269 1566 443 1604 sustinent
464 1563 694 1600 litteratores.
720 1558 847 1596 Nun.

323 1629 406 1677 564.
435 1625 554 1674 Marso
583 1622 699 1673 consul
727 1622 772 1659 ab
804 1621 891 1671 hoste
921 1621 1056 1672 cades]
1111 1622 1234 1660 Miror
1266 1631 1330 1661 cur

271 1681 394 1731 potius
417 1678 563 1720 Mario,
592 1687 669 1712 non
697 1675 876 1719 Lucano,
904 1685 982 1711 non
1006 1673 1200 1711 Venusino
1226 1672 1327 1711 dixe-

270 1734 338 1771 rit:
370 1743 477 1773 cuin,
508 1736 648 1777 praeter
669 1725 808 1763 Marsos
828 1753 838 1770 ,
878 1724 1033 1769 Malini,
1062 1724 1216 1768 Vistini,
1243 1725 1328 1781 Ma—

272 1782 426 1826 ruceni,
455 1780 643 1820 Picentes,
672 1776 889 1820 Ferentani,
920 1776 1101 1832 Hirpini,
1129 1774 1328 1832 Pompeja·

272 1834 337 1879 ni,
366 1829 547 1870 Venusini
573 1857 583 1873 ‚
620 1828 763 1877 Japiges
783 1856 794 1873 ‚
836 1827 978 1865 Lucani
999 1855 1010 1873 ,
1048 1827 1230 1865 Samnites
1250 1856 1261 1872 ‚
1289 1828 1328 1866 ὅτ

271 1886 364 1923 aliae
383 1884 612 1932 propinquae
633 1889 758 1928 gentes
779 1887 906 1918 contra
918 1877 1045 1916 urbem
1058 1879 1222 1916 Romam
1238 1890 1330 1917 con-

271 1936 502 1975 surrexerint.
557 1932 675 1980 Magis
697 1931 832 1969 bellum
853 1929 970 1980 ipsum
994 1927 1186 1980 Marficum
1207 1928 1227 1967 a
1246 1930 1329 1969 scri-

273 1987 437 2035 ptoribus
457 1984 710 2023 nominatum.
744 1983 791 2019 ita
820 1985 889 2020 hac
911 1981 957 2019 de
986 1993 1025 2021 re
1047 1981 1174 2020 Strabo
1200 1982 1263 2021 lib.
1291 1994 1327 2020 v.

273 2039 452 2084 Μαρσικὸν
474 2036 514 2072 δὲ
543 2033 726 2078 ὠνόμασαν
759 2033 821 2070 τὸν
851 2032 1033 2079 πόλεμον,
1059 2032 1136 2070 ἀπὸ
1166 2034 1236 2070 ’τῶν
1263 2032 1327 2079 ἆρ-

276 2091 418 2136 ξτὶντων
438 2089 502 2129 τῆς
525 2086 736 2127 excedam
751 2113 760 2128 ‚
774 2087 836 2121 καῖ
848 2086 997 2128 adme-ec
1018 2084 1094 2121 ἀπὸ
1110 2083 1326 2130 Horati-edim).

276 2142 354 2179 Hic
375 2154 419 2178 ex
435 2140 499 2176 illis
520 2149 611 2175 unus
626 2165 636 2181 ‚
655 2138 717 2186 qui
732 2135 886 2184 praefuit
901 2136 1028 2174 Italico
1050 2136 1325 2175 exercituicurn

274 2193 330 2231 T.
350 2192 507 2229 Afranio
522 2218 532 2234 ,
559 2189 674 2226 Vctio
699 2189 846 2225 Catone
878 2188 914 2224 ὃς
936 2187 1012 2225 aliis
1035 2200 1044 2224 :
1083 2199 1178 2236 quos
1201 2186 1226 2224 fi
1248 2189 1324 2232 vis,

274 2243 335 2282 adi
360 2241 573 2291 Appianum
595 2240 761 2288 praefato
780 2239 886 2276 libro.
913 2237 978 2275 Ait
998 2239 1130 2286 igitur,
1157 2251 1178 2276 i
1199 2239 1328 2278 Marsis

275 2295 359 2333 belli
379 2292 588 2332 auetoribus
610 2290 909 2328 denominatum.
952 2289 1235 2337 Aequiescerein
1252 2319 1262 2336 ‚
1290 2291 1329 2328 ni

271 2347 376 2385 aliter
395 2345 573 2394 Epitome
587 2341 742 2379 Liviana
756 2368 766 2384 ‚
794 2352 889 2391 quae
908 2340 1052 2377 initium
1072 2340 1329 2389 liujustumul-

274 2407 332 2435 tus
351 2396 560 2434 Picentibus
592 2391 786 2440 adscripsit.
839 2392 921 2430 Nec
952 2391 1117 2440 ejusdem
1141 2393 1329 2438 opinionis

275 2449 442 2497 Vellejus
456 2475 465 2491 ‚
492 2447 555 2496 qui
576 2445 612 2481 in
634 2445 726 2481 haec
747 2443 857 2481 verba
880 2443 997 2480 lib.1r.
1026 2448 1116 2480 Cum
1134 2442 1170 2479 id
1192 2442 1330 2479 malum

276 2501 314 2538 in
336 2497 504 2547 universd
528 2495 636 2533 Italiei
653 2493 698 2531 ab
716 2493 906 2542 Asculanis
925 2493 1000 2542 esset
1021 2493 1156 2544 (quippe
1168 2494 1330 2531 Servium

277 2559 478 2589 Praetorem
523 2546 772 2596 Fontejumque
823 2546 976 2594 legatum
1017 2544 1235 2593 occiderant)
1290 2558 1332 2582 ac

279 2601 398 2640 deinde
421 2601 445 2637 21
459 2597 585 2648 Marsis
606 2606 784 2646 exceptum
798 2623 808 2640 ,
837 2597 874 2633 in
894 2609 1008 2632 omnes
1021 2595 1206 2645 penetrasse
1224 2598 1330 2645 regio·

279 2668 347 2690 nes.
376 2653 489 2690 Unde
509 2652 617 2700 igitur
637 2646 853 2696 impositum
875 2658 1016 2684 nornen
1039 2647 1114 2684 hoc
1134 2646 1330 2695 Marficum

280 2705 368 2741 huic
393 2701 521 2741 bello?
550 2703 599 2739 ita
630 2698 831 2737 inscribitur
855 2725 866 2742 ‚
894 2696 999 2745 quod
1028 2709 1104 2733 non
1128 2698 1330 2735 minimum

281 2758 317 2792 iii
341 2754 446 2791 Fastis
463 2751 695 2802 Capitolinis.
721 2748 863 2786 Verum
889 2757 988 2785 certe
1007 2747 1162 2795 suspicor
1179 2748 1331 2803 *Strabo-

283 2816 368 2842 nem
385 2818 394 2847 ;
420 2806 457 2841 &
471 2804 615 2842 credam
629 2803 697 2839 hac
715 2800 797 2838 vice
816 2799 935 2848 potius
955 2799 1111 2836 exoticis
1123 2810 1239 2847 quain
1254 2800 1328 2836 La-

281 2855 379 2893 tinis.
418 2856 606 2892 Diodorus
629 2851 768 2890 Siculus
792 2864 800 2888 :
838 2849 882 2885 ‘O
903 2849 1082 2894 Mtcpoixbg
1107 2851 1263 2894 πόλεμος
1286 2850 1328 2886 ἐκ

282 2908 345 2945 τοῦ
368 2904 553 2950 ἀρξάντων
577 2907 638 2945 τῆς
659 2901 871 2945 ἀποςεὲςεως
891 2901 1060 2947 ὀνομάςη.
1089 2902 1214 2940 ΝΕΑΡ.

336 2973 419 3021 565.
448 2970 657 3019 flumenque
678 2968 833 3017 Toleni]
884 2969 941 3006 Sic
962 2968 1110 3016 scriptus
1128 2969 1188 3006 liic
1210 2968 1328 3006 amnis

282 3024 377 3074 apud
401 3020 522 3060 Orosii
546 3021 728 3068 quaedam
751 3021 789 3057 ὃς
819 3019 974 3057 Freciilfi
997 3021 1239 3066 exemplaria,
1268 3019 1330 3058 ubi

283 3078 329 3114 de
349 3076 417 3112 hac
441 3071 562 3109 clade:
578 3072 612 3107 in
633 3071 708 3107 aliis
724 3097 733 3111 ‚
755 3069 883 3106 Teloni.
911 3073 1034 3107 ΝεΑι».
1063 3071 1330 3109 ToleniZulicli.

283 3130 321 3166 ὃῑ
341 3124 452 3164 ceteri
472 3122 637 3170 plerique
656 3119 882 3156 vetustiores.
911 3121 992 3163 alii,
1024 3121 1138 3158 Toloni
1170 3121 1272 3160 Voss'.
1290 3125 1329 3160 ¹6<

282 3180 359 3217 duo
381 3175 461 3216 alii,
493 3171 668 3209 Telonnm.
696 3181 788 3207 unus
813 3197 822 3213 ,
854 3169 1031 3207 telenum.
1069 3173 1164 3220 apud
1189 3174 1330 3222 Appia-

282 3241 400 3271 num,
430 3222 607 3262 Orosium
634 3250 644 3265 ,
680 3221 834 3258 Paulum
870 3221 1081 3259 Diaconum
1121 3225 1157 3260 ὃ(
1182 3224 1330 3262 Frecul-

280 3284 362 3321 fum
376 3278 485 3316 etiam
501 3274 657 3311 variatur
679 3273 715 3310 in
734 3273 808 3310 hoc
827 3274 995 3311 nomine.
1024 3279 1194 3322 Purpureo
1217 3277 1328 3313 etiam

278 3333 367 3371 alter
389 3324 654 3372 Bononiensis,
682 3332 721 3364 ut
749 3323 980 3377 scribendum
997 3333 1154 3374 putem,
1172 3325 1331 3377 flumen:

2279 851 2429 915 Dum

1372 999 1436 1036 que
1457 985 1621 1024 Tolenum
1648 992 1820 1038 Purpureo
1850 987 1956 1037 millis
1977 989 2152 1040 fimguine
2181 989 2288 1039 fluxit
2311 994 2431 1044 aquis:

1373 1037 1434 1076 Est
1461 1046 1586 1076 autem
1607 1038 1669 1076 hic
1696 1038 1815 1076 amnis
1843 1046 1921 1078 tam
1952 1041 2096 1079 Tolenus
2123 1044 2240 1092 quain
2271 1045 2429 1085 Tolenius

1374 1088 1504 1127 dietus.
1525 1088 1663 1137 flumen
1681 1089 1866 1134 Tolenum;
1885 1100 1925 1130 ut
1946 1093 2043 1141 apud
2067 1094 2266 1132 Horatium
2282 1109 2336 1134 1v.
2354 1097 2432 1138 Od.

1375 1152 1431 1178 1v.
1460 1141 1561 1188 Testis
1582 1147 1788 1179 Metaurum
1806 1139 1954 1190 flumen.
1975 1146 2013 1182 ὃς
2026 1142 2165 1193 flumen
2188 1146 2344 1185 Rhenum
2365 1148 2433 1187 ali-

1376 1191 1424 1229 bi.
1454 1191 1599 1230 Ι-ΙειΝς.
1638 1192 1726 1230 Vid.
1746 1192 1894 1232 Cluver.
1917 1195 1993 1232 ltal.
2014 1198 2166 1236 Annii,
2185 1209 2219 1235 x.
2245 1209 2328 1249 pag.
2347 1200 2433 1248 706.

1377 1254 1423 1280 ex
1443 1253 1521 1291 quo
1544 1243 1603 1280 sua
1626 1244 1805 1292 Neapolis
1831 1244 2045 1293 depromsit.

1412 1322 1413 1325 ,
1432 1294 1514 1345 ςρη.
1544 1294 1729 1331 Proximus
1745 1307 1862 1332 annus
1881 1296 1994 1346 erat.]
2033 1296 2074 1336 id
2095 1298 2144 1336 est
2165 1311 2328 1339 Dctxw.
2354 1299 2430 1348 Ti-j

1380 1355 1470 1388 meo
1491 1345 1698 1382 immanem
1721 1346 2058 1393 prochronisinum.
2086 1350 2212 1387 Nizan.

1434 1395 1518 1444 567.
1548 1395 1752 1433 Pallantide
1775 1397 1918 1449 caesus]
1949 1398 2007 1435 Sic
2027 1399 2227 1447 legendum
2249 1400 2269 1439 ὲ
2290 1401 2431 1451 septem

1381 1456 1551 1486 veterum
1599 1448 1868 1497 exemplarium
1899 1449 2126 1493 ,auftoritate
2174 1454 2213 1490 ὅ(
2247 1453 2437 1495 consensu.

1383 1499 1554 1588 ἓιοεΑΝ.
1593 1498 1708 1537 Victus
1728 1499 1912 1550 Excerpta
1936 1500 2094 1541 Douzae
2117 1503 2157 1540 &
2186 1511 2346 1553 quatuor
2367 1517 2440 1553 co-,

1410 1561 1493 1588 ices.

1439 1600 1523 1648 568.
1551 1600 1681 1638 Didius
1710 1600 1878 1653 hostiles.]
1934 1602 1995 1640 De
2023 1602 2121 1642 Tito
2152 1604 2268 1644 Didio
2289 1608 2436 1647 mentio

1384 1651 1507 1690 crebra
1529 1652 1567 1689 in
1589 1652 1685 1689 bello
1708 1653 1881 1692 Martico.
1917 1653 2001 1692 Fuit
2021 1667 2112 1694 unus
2134 1667 2181 1693 ex
2205 1657 2436 1699 Praetoribus

1385 1704 1432 1740 L.
1454 1702 1566 1740 Sexto
1591 1702 1733 1740 Caesari
1752 1706 1917 1743 annexis.
1945 1705 2136 1754 Appianus
2162 1707 2257 1745 libro
2284 1710 2433 1757 primo:

1385 1751 1637 1806 ’Υπος-ζρστῆγες
1657 1758 1724 1796 τοῖς
1754 1752 1905 1798 ’ὁτι-σίτοις
1929 1756 2146 1807 συνέπεμψαν
2176 1756 2235 1801 τὲς
2253 1760 2328 1798 τότε
2349 1759 2436 1808 οἶμ’-

1386 1826 1466 1862 583,
1495 1810 1570 1849 {zato
1591 1806 1646 1860 (ἂι)
1675 1812 1822 1860 Ῥετιλίῳ
1842 1812 1949 1850 Γναῖόν
1968 1829 2002 1851 τε
2024 1813 2194 1864 Πομπήϊον
2207 1845 2220 1866 ‚
2250 1814 2281 1854 “t“
2299 1817 2434 1869 aare&

1386 1864 1547 1917 naumis
1574 1865 1600 1908 ξ
1630 1863 1761 1909 Μοίγνε
1781 1869 2130 1920 παρονομασθέντῶυ,
2161 1874 2195 1924 ²53
2223 1869 2349 1911 Κόϊντον
2375 1879 2437 1913 Κε.

1385 1923 1510 1970 πίωναι,
1540 1921 1598 1968 ’Cyri
1619 1918 1712 1959 Γάϊον
1742 1923 1914 1974 Πεξπέννοιν
1940 1949 1951 1966 ‚
1989 1926 2047 1972 &i
2066 1933 2162 1964 Γαΐαν
2182 1924 2344 1977 Μάριον,
2375 1930 2434 1978 ιφιὶ
2494 1923 2495 1944 ³

1385 1976 1576 2022 ov’ocae'fflov
1602 1975 1803 2015 Μεσ-ωίλιιν·
1826 1979 1900 2019 ’ὑπὸ
1928 1977 1949 2029 3
1973 1981 2083 2031 Σέξτῳ
2108 1981 2267 2028 Kale-x&
2293 1983 2435 2023 Πόπλιον

1383 2032 1542 2082 Λέντλον,
1572 2029 1709 2082 divion
1727 2033 1817 2071 ociis-{s
1834 2041 2042 2088 Kairxp&,
2073 2039 2105 2088 ις
2134 2035 2229 2075 Tim
2249 2036 2372 2081 Δίδιον,
2401 2043 2437 2090 23}

1384 2092 1518 2126 Λικίνιον
1548 2084 1702 2139 ΚςεῖσὋ-ον
1725 2120 1736 2139 7
1775 2093 1808 2142 eg}
1829 2087 1994 2144 Κοςνῆλιον
2006 2087 2162 2141 Σύλλαν,
2191 2096 2225 2145 κδ
2242 2089 2434 2144 Μσῖςκεὸλον

1382 2145 1433 2182 ἐπὶ
1456 2140 1566 2184 tows.
1598 2142 1761 2190 Vellejus
1785 2144 1845 2182 lib.
1866 2159 1910 2182 rr.
1938 2147 1976 2183 in
2003 2146 2118 2182 Atavi
2148 2144 2200 2182 sui
2222 2145 2437 2193 digreffiun-

1384 2196 1487 2235 cula:
1516 2202 1673 2234 Tantam
1693 2197 1754 2234 hoe
1776 2198 1860 2234 bello
1871 2197 2035 2236 Romanis
2049 2197 2159 2245 fidem
2172 2200 2346 2249 praestitit
2361 2229 2371 2246 ,
2393 2210 2435 2240 ut

1384 2247 1509 2295 legione
1524 2274 1534 2290 ,
1546 2261 1654 2297 quam
1674 2248 1740 2297 ipſse
1758 2249 1796 2285 in
1816 2249 1969 2294 Hirpinis
1990 2249 2228 2299 conscripserat
2241 2279 2251 2296 ,
2265 2252 2437 2291 Hercula-

1384 2313 1487 2336 neum
1500 2298 1610 2346 Jt'tnul
1631 2311 1709 2336 cum
1741 2304 1778 2337 T.
1801 2300 1907 2336 Didio
1926 2308 2055 2350 caperet
2068 2328 2078 2345 ,
2106 2303 2276 2351 Pompejos
2295 2317 2374 2342 cum
2395 2310 2437 2346 L.

1383 2349 1486 2388 Sulld
1504 2359 1732 2400 oppugnaret,
1760 2351 1954 2402 Cosamque
1975 2361 2160 2401 occuparet.
2189 2354 2292 2392 Felix
2304 2356 2438 2395 hucus-

1384 2413 1458 2451 que
1480 2402 1530 2440 T.
1552 2399 1706 2444 Didius,
1734 2402 1774 2439 ni
1804 2401 1920 2440 vietus
1947 2403 1985 2440 iri
2014 2404 2137 2451 primis
2163 2404 2275 2443 tribus
2307 2406 2440 2446 confli-

1384 2452 1500 2490 ‹stibus
1523 2451 1608 2490 belli
1641 2452 1780 2496 italici3
1809 2453 1845 2490 in
1870 2453 2002 2502 quibus
2020 2454 2175 2503 superati
2194 2455 2337 2505 semper
2356 2459 2438 2497 Ro-

1384 2506 1485 2541 mani
1504 2504 1706 2541 exercitus:
1736 2503 1796 2542 sed
1824 2503 1861 2541 id
1881 2514 1961 2542 tuin
1982 2517 2027 2542 ex
2055 2517 2102 2543 eo
2122 2518 2251 2554 parum
2274 2509 2438 2555 constat,

1382 2555 1487 2604 quod
1507 2554 1546 2592 hi
1567 2553 1774 2603 congressus
1795 2563 1880 2593 ante
1901 2556 2031 2594 Rutilii
2053 2566 2216 2596 mortem
2239 2559 2337 2597 initi:
2361 2560 2437 2609 ipse

1389 2618 1477 2644 vero
1492 2634 1503 2649 ,
1533 2614 1572 2644 ut
1591 2606 1642 2643 ait
1656 2605 1813 2650 Noster,
1840 2609 2014 2656 proximo
2032 2619 2132 2647 anno
2150 2608 2230 2657 post
2249 2609 2435 2650 Rutilium

1383 2657 1427 2693 ab
1455 2656 1616 2694 hostibus
1638 2657 1850 2706 profligatus
1870 2673 1882 2702 3
1920 2671 2043 2708 neque
2065 2660 2093 2697 is
2120 2667 2197 2696 tam
2220 2660 2438 2700 homuncu-

1381 2707 1455 2750 lus,
1486 2717 1525 2744 ut
1546 2707 1623 2756 ejus
1644 2720 1743 2746 mors
1764 2709 1909 2747 reticeri
1928 2709 2113 2752 debuerit;
2144 2709 2223 2747 imo
2245 2710 2360 2749 fatalis
2371 2713 2435 2751 hic

1383 2758 1546 2795 Romani
1575 2759 1722 2807 imperii
1765 2758 1952 2798 succeffus.
1998 2759 2110 2797 Unde
2141 2759 2298 2809 suspicor
2329 2763 2436 2814 loqui

1384 2808 1574 2846 Nasonem
1595 2809 1641 2846 de
1661 2809 1775 2859 strage
1790 2839 1799 2855 ‚
1828 2823 1939 2858 quam
1964 2809 2094 2847 Didius
2114 2813 2254 2860 accepit
2272 2812 2434 2853 &Serto-

1382 2860 1438 2897 rio
1454 2861 1561 2908 juxta
1580 2860 1723 2898 Baetim
1744 2863 1780 2898 in
1804 2859 1976 2908 Hispania
1990 2889 2000 2902 ‚
2030 2861 2132 2909 cujus
2154 2863 2328 2902 meminit
2349 2865 2434 2912 Plu-q

1383 2912 1526 2948 tarchiis
1546 2911 1582 2948 in
1604 2912 1765 2949 eodem:
1794 2911 1896 2949 Δίδιον
1917 2912 1959 2962 5,
1989 2911 2018 2951 ’ἳ-
2039 2910 2192 2965 οἷξχοντοι
2213 2916 2430 2969 &Bactris-Ze,

1385 2963 1458 3006 ω’ὲὶ
1481 2964 1510 3003 ’ἳ-
1531 2969 1643 3003 Βοιῒτιν
1657 2963 1848 3016 ἐτρέψατο,
1870 2965 2035 3017 dio-zizi&
2053 2968 2432 3023 ὶύηκτείνοιςῬωμωίων.

1386 3020 1456 3056 Sed
1478 3020 1568 3056 liaec
1589 3020 1658 3055 fuit
1685 3031 1784 3056 anno
1817 3033 2015 3061 Dctxxtn.
2041 3032 2202 3072 totoque
2222 3026 2432 3072 decennio,

1386 3070 1422 3107 ni
1445 3069 1548 3107 fallor
1571 3096 1582 3114 ,
1619 3069 1799 3119 decipitur
1822 3072 1993 3111 Ovidius.
2034 3073 2208 3113 Fatemur
2229 3105 2239 3119 ‚
2279 3078 2317 3115 ni
2350 3078 2432 3122 illa,

1385 3121 1570 3166 Proximus
1588 3133 1703 3158 annus
1724 3133 1799 3159 erat
1813 3151 1823 3166 ,
1851 3125 1894 3161 ab
1914 3124 2029 3161 aliena
2060 3135 2174 3163 manu
2196 3126 2265 3166 esse
2287 3127 2434 3173 arbitrez

1386 3184 1486 3214 mur;
1518 3180 1552 3209 at
1577 3170 1595 3208 Ξι
1621 3171 1727 3218 vera,
1756 3179 1891 3211 Annus
1908 3184 1984 3210 erat
2006 3174 2168 3214 decimus.
2203 3180 2328 3218 ΝΕΑΡ.

1438 3222 1520 3272 568.
1551 3223 1719 3272 Didius.]
1777 3226 1866 3262 Non
1897 3225 1958 3262 liic
1986 3225 2058 3263 sese
2078 3228 2228 3276 expedit
2249 3229 2437 3280 Neapolis:

1386 3274 1424 3312 ὅτ.
1449 3273 1594 3311 merito.
1613 3275 1640 3311 is
1672 3274 1850 3313 videatur.
1880 3276 1998 3314 Voiiii
2027 3279 2065 3316 &
2085 3279 2265 3320 Mazari'ni
2288 3281 2430 3325 codex,

1385 3324 1520 3379 *Isidius²
1542 3325 1589 3364 inc
1609 3325 1724 3378 altero
1754 3325 2007 3371 Ambroiiano
2038 3340 2107 3381 pro
2138 3331 2277 3372 diversa
2299 3330 2432 3371 lecito-
