2495 3675
184 160 291 229 830
691 151 1250 214 P.OV1D11

1324 152 1865 225 NASONIS

478 257 792 332 Magnaque
817 275 934 331 pars
963 256 1172 312 animae
1198 270 1417 309 mecum
1446 253 1677 324 vixistiS,
1711 260 1904 316 amici:

339 350 407 402 70
557 333 682 387 l-iac
708 349 812 404 ego
837 349 948 386 non
974 329 1156 383 absens
1181 344 1278 382 vos
1303 344 1525 402 quoque
1552 349 1702 404 parte
1727 335 1873 390 colo,

479 405 595 460 Sint
621 406 784 478 igitur
810 404 985 459 vestro
1020 418 1139 455 mea
1160 403 1592 460 commendanda
1624 406 1801 463 favori

558 479 840 537 Carmina,
881 491 991 528 non
1020 472 1230 545 possum
1255 492 1357 547 pro
1382 478 1574 548 quibus
1602 480 1712 553 ipse
1737 479 1908 552 loqui.

488 553 695 624 Scripta
722 551 927 620 placent
954 547 981 599 a
1007 562 1186 603 morte
1215 547 1354 603 fere:
1391 551 1517 622 quia
1540 554 1755 609 laedere
1782 555 1936 610 vivos

560 626 757 685 Livor,
797 620 852 673 &
879 619 1071 691 injusto
1096 638 1317 694 carpere
1342 622 1509 680 dente
1536 626 1687 682 solet.

339 718 404 770 75
480 699 534 754 Si
560 711 723 768 genus
748 692 824 748 est
850 694 1038 748 mortis
1072 697 1207 750 male
1232 695 1447 758 vivere3
1491 712 1634 755 terra
1653 711 1931 765 moratur,

553 769 622 822 Et
653 766 841 821 desunt
866 765 985 821 fatis
1014 767 1118 821 sola
1145 769 1382 840 sepulcra
1409 772 1558 828 meis.

486 841 741 912 Denique
769 857 903 912 opus
926 839 1134 894 nostrae
1160 843 1409 914 culpetur
1437 859 1498 900 ut
1522 847 1764 920 undique
1791 862 1981 911 curae,

562 913 827 970 Officium
854 931 1016 968 nemo
1039 914 1132 986 qui
1161 916 1523 986 reprehendat
1547 921 1666 975 erit.

487 988 564 1044 Ut
602 987 768 1042 desint
795 987 964 1050 vireS,
1002 999 1182 1042 tamen
1207 989 1283 1043 est
1307 990 1570 1047 laudanda
1594 993 1869 1048 voluntas:

341 1061 413 1119 80

561 1060 685 1116 Hac
713 1077 818 1131 ego
843 1072 1132 1115 contentos
1156 1078 1389 1133 auguror
1414 1063 1518 1120 esse
1542 1066 1708 1120 Deos.

493 1135 653 1192 Haec
681 1133 833 1196 facit,
871 1146 930 1189 ut
955 1134 1132 1188 veniat
1152 1151 1352 1207 pauper
1379 1155 1600 1211 quoque
1626 1151 1808 1212 gratus
1831 1137 1898 1193 ad
1923 1155 2036 1197 aras
2054 1161 2077 1205 ς

568 1207 640 1262 Et
667 1207 869 1279 placeat
897 1207 1050 1262 caeso
1074 1225 1186 1262 non
1213 1209 1386 1264 minus
1411 1229 1542 1283 agna
1570 1212 1726 1267 bove.

493 1282 609 1339 Res
634 1297 854 1353 quoque
878 1293 1022 1335 tanta
1049 1279 1182 1345 fuit,
1220 1296 1450 1353 quantae
1474 1284 1744 1341 subsistere
1772 1285 1984 1343 summo

570 1353 842 1409 AEne'i'dos
870 1354 975 1409 vati
1001 1354 1205 1425 grande
1227 1355 1402 1411 fuiffet
1431 1374 1583 1414 onus.

350 1432 417 1504 85
492 1427 658 1483 Ferre
686 1427 848 1481 etiam
876 1427 1062 1481 molles
1089 1427 1227 1499 elegi
1253 1441 1361 1485 tam
1390 1430 1526 1485 vasta
1553 1433 1814 1505 triumphi

567 1499 818 1555 Pondera
843 1499 1131 1573 disparibus
1156 1518 1268 1557 non
1291 1517 1519 1575 potuere
1544 1506 1692 1561 rotis.

501 1575 632 1648 Quo
657 1573 798 1645 pede
822 1590 966 1628 nunc
994 1588 1140 1640 utar,
1180 1576 1341 1632 dubia
1367 1578 1441 1632 est
1465 1578 1726 1634 sententia
1754 1580 1927 1637 nobis„

574 1647 731 1702 Alter
757 1646 904 1701 enirn
929 1647 999 1703 de
1026 1660 1109 1713 te,
1148 1647 1372 1717 Rhene,
1410 1650 1715 1725 triumphus
1746 1653 1916 1709 adest,.

267 1922 344 1962 Ne,
368 1921 504 1970 precqr,
532 1909 614 1948 haec
640 1918 771 1947 vatum
800 1919 922 1948 contra
942 1909 1013 1961 sua
1033 1909 1202 1949 carmina
1220 1924 1262 1950 ne

395 1978 473 2015 qun

321 2016 428 2054 Dina
443 2023 556 2063 putet.

218 2084 264 2123 de
287 2092 359 2132 qua
391 2077 542 2117 venusta
574 2077 795 2126 repetitione
819 2076 881 2113 τοῦ
908 2089 950 2113 ne
980 2075 1056 2114 dixi
1085 2076 1197 2114 Notis
1219 2075 1266 2115 ad

220 2132 485 2173 Claudianum.
511 2129 654 2166 Hnms.
689 2128 777 2166 Vid.
800 2127 847 2165 ad
868 2126 977 2175 Epist.
999 2139 1080 2165 xvi.
1096 2138 1178 2172 ¹70·
1206 2126 1265 2164 de-

214 2196 331 2236 precor
352 2182 411 2218 hoc
438 2191 539 2218 vates
569 2180 675 2218 Polit.
704 2181 742 2217 ὅ(
765 2179 893 2216 Fesch.
918 2177 977 2215 hoc
1003 2187 1129 2215 votum
1159 2190 1267 2217 unus.

221 2252 239 2274 o
260 2245 390 2272 vatum
415 2232 515 2270 alius·
543 2244 559 2266 0
581 2240 680 2267 vates
694 2231 733 2268 P.
754 2231 851 2267 Dan.

277 2286 340 2325 66.
368 2289 451 2321 Mea
473 2280 554 2330 esp]
583 2287 651 2318 Sua
675 2281 717 2329 est
742 2281 815 2319 MS.
836 2279 972 2318 Bersm.

274 2339 337 2384 69.
365 2341 451 2372 Pars
490 2331 645 2383 animi,]
704 2333 815 2369 Liber
844 2331 1047 2369 Vaticanus
1068 2359 1078 2377 ,
1116 2331 1270 2371 animae.

223 2389 380 2438 optime.
420 2384 591 2422 ClOFAN.
645 2383 802 2421 Animae
834 2381 1066 2420 scribendum
1094 2394 1180 2420 cum
1210 2384 1270 2421 sex

223 2440 374 2488 scriptis.
401 2436 520 2472 animo
546 2438 698 2482 Argent.
719 2436 756 2472 δε
776 2434 942 2484 quinque
965 2433 1034 2471 alii
1075 2433 1268 2474 Adeantur

226 2493 352 2530 Notae
373 2488 617 2527 Ponticorum
639 2485 731 2524 libro
752 2498 779 2522 1.
797 2485 898 2533 Eleg.
915 2496 968 2521 v1.
998 2485 1141 2522 Heius.

277 2553 336 2587 70.
365 2547 441 2577 Hac
461 2551 514 2586 ego
539 2551 597 2574 vos
617 2536 774 2587 absum]
805 2536 1017 2584 Elegantior
1037 2537 1159 2575 multo
1178 2536 1270 2574 mihi

225 2592 371 2631 videtur
391 2587 704 2628 Francofurtensis
725 2588 804 2626 libri
825 2588 936 2625 letitio
950 2615 960 2632 ,

279 2662 351 2691 Hac
371 2667 503 2704 quoque
519 2666 586 2689 non
605 2651 722 2699 absens
743 2665 803 2687 vos
822 2664 875 2698 ego
894 2659 995 2699 parte
1007 2650 1086 2690 colo.

228 2704 295 2744 nisi
316 2705 419 2754 quod
439 2703 661 2752 transpositis
682 2702 834 2740 vocibus
857 2702 983 2739 malim
998 2729 1010 2745 ‚

288 2782 364 2812 Hac
385 2789 436 2825 ego
457 2789 524 2813 non
541 2775 659 2824 absens
677 2787 738 2811 vos
766 2786 895 2824 quoqne
912 2781 1013 2822 parte
1037 2772 1115 2810 colo.

232 2839 356 2878 anima
388 2853 464 2878 non
497 2840 619 2878 absens
643 2869 653 2883 ‚
690 2838 750 2876 sed
783 2838 944 2887 praesens
966 2864 977 2882 ‚
1004 2838 1089 2876 licet
1117 2847 1274 2886 corpore

234 2891 345 2928 absim
367 2919 376 2935 ‚
407 2903 474 2928 vos
496 2892 593 2929 colo.
622 2891 755 2928 Euam.

289 2953 347 2985 71.
377 2942 481 2989 Vestro
518 2955 594 2979 mea
628 2940 869 2978 commendata
893 2938 1061 2990 favam]
1117 2938 1274 2984 Malim,

228 2992 382 3038 favori,
430 2994 468 3029 Sc
506 2993 552 3030 sic
593 3005 610 3029 a
646 3004 758 3029 manu
798 2992 955 3029 secunda
993 2990 1278 3028 Arondelianus.

238 3043 384 3080 Herm.
412 3043 699 3080 Commendanda
712 3043 824 3081 Servii
836 3043 979 3092 Fragm.
993 3043 1138 3079 Lovan.
1151 3041 1188 3078 ὅ(
1201 3040 1277 3080 duo

240 3094 313 3131 alii.

293 3155 352 3189 74.
384 3142 496 3187 Invifh
516 3154 646 3192 carpere
667 3142 803 3192 dentem]
847 3143 889 3180 In
918 3142 1050 3181 iisdem
1082 3144 1280 3182 manuscri-

242 3196 333 3244 ptis,
361 3194 481 3241 injusto
496 3210 506 3229 .-
536 3207 655 3243 neque
678 3196 779 3232 aliter
797 3196 909 3231 cit-ant
929 3195 1027 3231 hunc
1047 3194 1172 3232 locum
1186 3207 1280 3244 gno-

245 3245 402 3294 mologi.
430 3244 594 3283 Fame.
622 3246 754 3281 i'nviffsso
778 3247 900 3282 Vane.
921 3249 959 3282 &
981 3248 1133 3293 Argent.

299 3296 360 3339 δε.
387 3295 592 3345 Augurem}
620 3296 768 3346 suspicor
787 3295 937 3334 Putean.
961 3296 1182 3345 &quatuon

2258 1779 2379 1837 Irri.

1372 1911 1435 1954 82.
1462 1912 1579 1962 Caesb.
1592 1913 1610 1965 ]

1318 1964 1369 2002 ad
1394 1977 1498 2003 aram
1520 1966 1581 2004 sex
1616 1965 1711 2006 libri.
1744 1967 1861 2017 placet
1884 1970 1996 2008 etiam
2028 1968 2214 2010 Barberin.
2244 1985 2264 2012 a
2293 1973 2379 2025 pla·

1321 2027 1409 2053 care·

1373 2066 1433 2114 84.
1459 2068 1622 2106 AEne‘idos
1650 2068 1774 2120 ναίὴ]
1837 2071 2012 2109 AEneados
2042 2084 2135 2112 unus
2167 2075 2380 2118 Voffianus:

1321 2118 1418 2156 Puto
1438 2146 1449 2163 ,
1490 2118 1618 2157 Iliados
1650 2121 1741 2159 vati.
1795 2123 1948 2172 Quippe
1970 2131 2009 2162 ut
2036 2123 2225 2165 summum
2248 2136 2376 2167 vatem

1321 2168 1522 2219 Virgilium
1562 2171 1783 2220 appellarit,
1828 2182 1940 2224 atque
1970 2174 2064 2213 adeo
2101 2177 2165 2225 ipfi
2196 2178 2374 2217 Homero

1323 2220 1534 2269 praetulerit
1548 2249 1558 2264 ‚
1587 2223 1649 2260 vix
1668 2222 1708 2261 fit
1728 2224 1938 2264 verisimile.
1967 2226 2065 2264 Nam
2089 2227 2375 2277 Propertianum

1323 2270 1412 2309 illud
1427 2298 1438 2316 ‚
1469 2272 1586 2319 Neftio
1609 2274 1696 2322 quid
1714 2276 1830 2325 majus
1854 2276 2012 2324 nascitur
2037 2277 2147 2315 Iliade
2170 2306 2180 2323 ,
2211 2279 2372 2318 viventis

1324 2321 1446 2361 adhuc
1456 2322 1599 2372 Virgilii
1611 2325 1753 2363 auribus
1769 2325 1896 2364 datum
1910 2327 1969 2364 est.
1989 2329 2155 2375 summus
2172 2339 2275 2366 vates
2287 2342 2376 2370 curn

1325 2373 1406 2421 ipfis
1430 2372 1562 2412 dicitur
1581 2376 1763 2415 Romanis
1778 2405 1787 2421 ,
1816 2378 2010 2416 Homerus
2022 2377 2374 2427 defignatur.Dein-

1326 2425 1372 2463 de
1404 2423 1448 2461 τὸ
1477 2426 1641 2463 AEne'z'dos
1669 2426 1827 2466 secunda
1854 2428 1986 2478 syllaba
2016 2439 2184 2478 correpta
2214 2433 2275 2469 vix
2304 2432 2379 2482 legi

1326 2475 1423 2524 apud
1444 2476 1545 2514 alios.
1573 2476 1639 2515 nisi
1660 2479 1763 2526 quod
1786 2482 1823 2516 in
1855 2482 1972 2518 veteri
1992 2480 2269 2529 Epigrammate
2290 2483 2378 2522 Ma-

1326 2528 1426 2564 ronis
1457 2526 1621 2567 laudibus
1652 2529 1740 2568 dato
1775 2530 1895 2569 codex
1929 2531 2197 2582 antiquiffimus
2226 2534 2377 2576 exhibet

1326 2577 1496 2626 scriptum
1514 2593 1522 2616 ι
2220 2598 2223 2599 ’

1379 2630 1629 2679 AEne'z'demque
1642 2633 1745 2678 suam
1764 2634 1822 2676 fac
1843 2633 1955 2683 major
1976 2634 2124 2673 nuncius
2144 2645 2254 2675 ornet.

1432 2687 1498 2717 Fac
1519 2682 1637 2718 laudes
1658 2681 1790 2718 Italdm
1807 2712 1815 2726 ‚
1844 2686 1903 2727 fac
1923 2697 1985 2722 tua
1999 2687 2102 2731 faffa
2123 2685 2198 2735 legi.

1329 2743 1414 2770 cum
1436 2737 1656 2782 AEneamque
1670 2736 1771 2777 suum
1795 2735 1832 2773 in
1857 2735 2012 2784 vulgatis
2035 2738 2302 2786 exemplaribus
2322 2738 2381 2777 le·

1329 2793 1454 2831 gatur‚
1484 2784 1521 2820 &
1544 2784 1696 2832 quidem
1718 2784 1861 2824 reulus.
1898 2786 1970 2824 Sed
1992 2787 2093 2836 quod
2115 2800 2271 2827 monere
2290 2802 2380 2839 pro-

1333 2834 1538 2882 pemodum
1571 2835 1840 2884 neglexeram,
1887 2837 2020 2875 iisdem
2052 2838 2210 2878 verfibus
2237 2852 2386 2879 naevus»

1333 2885 1562 2924 foedissimus
1595 2887 1760 2924 inhaeret
1782 2915 1792 2932 ‚
1830 2900 1914 2926 cum
1939 2900 2005 2937 pro
2025 2890 2136 2938 major
2156 2892 2304 2928 nuncius
2322 2904 2377 2928 or-

1333 2948 1390 2973 net
1410 2937 1666 2985 reponendum
1681 2938 1722 2975 fit
1736 2967 1744 2982 ‚
1766 2940 1878 2988 major
1892 2940 2057 2978 Mincius.
2070 2949 2110 2979 ut
2132 2941 2286 2979 fluvium
2300 2940 2376 2989 agri

1336 2990 1532 3026 Mantuani
1556 2988 1716 3035 posuerit
1737 3001 1803 3036 pro
1826 2991 1897 3038 ipsa
1911 2991 2092 3035 Mantua,
2118 2991 2285 3028 Maronis
2313 3002 2375 3038 pa-

1334 3040 1413 3077 tria.
1459 3039 1596 3076 Metuo
1625 3041 1891 3085 vehementer,
1920 3054 1967 3079 ne
1993 3042 2124 3080 Iliados
2144 3041 2374 3080 Homericae

1335 3102 1475 3128 nomen
1501 3091 1613 3128 etiam
1635 3091 1670 3128 in
1701 3092 1864 3129 Plautina
1894 3092 2128 3130 Truculento
2154 3101 2379 3140 corruptum.

1335 3141 1484 3179 deliteat
1504 3141 1620 3179 Actus
1641 3153 1684 3180 11.
1707 3142 1820 3180 Scena
1834 3155 1887 3180 vr.
1905 3143 1966 3179 illo
1987 3141 2109 3178 versu:

1387 3197 1432 3227 Et
1455 3193 1700 3230 Homeronidae
1713 3193 1872 3243 poetillae
1891 3190 1988 3226 mille
2007 3194 2193 3231 memorari
2207 3195 2324 3243 potest.

1340 3243 1647 3295 scribendumque
1667 3244 1710 3283 fit
1740 3241 1961 3291 exivestigiis
1994 3251 2164 3284 veterum
2194 3246 2383 3286 membra-⁴

1341 3306 1506 3342 namuh,

2333 3351 2385 3393 EI?

1656 1915 1768 1965 Caefh
1786 1915 1961 1956 Francos.
1982 1915 2022 1956 &
2043 1915 2220 1967 superiori
2242 1921 2350 1962 versu
2363 1928 2387 1970 ,i

2445 27 2465 83 ἡ)
2431 0 2459 14 -ἑ

2475 119 2486 131 ,Ὗ
2458 0 2494 90 »ἢ

2480 724 2495 744 -;
2484 707 2487 710 -
2482 674 2495 694 2
2474 536 2495 664 moe-in-
