2495 3675
743 166 806 223 P.
879 157 1290 222 OVIDII

396 358 466 412 40

1364 152 1899 214 NASONIS

541 266 699 341 Quae
725 267 876 323 ducis
903 265 1143 322 Emathii
1165 258 1679 322 fuerit‚clementia,
1716 258 1923 325 Por03‚¹

613 342 982 413 praeclarique
1007 339 1207 393 docent
1234 333 1433 388 funeris
1459 332 1754 403 exsequiae.

542 415 696 470 Neve
723 415 1003 470 hominurn
1027 409 1253 464 referam
1281 405 1446 460 flexas
1472 404 1538 458 ad
1566 405 1747 474 mitius
1772 405 1904 469 iras;

615 487 842 558 Junonis
869 502 1031 556 gener
1058 480 1159 545 est,
1197 479 1289 553 qui
1324 479 1466 552 prius
1493 477 1656 534 hostis
1681 491 1810 532 erat.

543 562 794 632 Denique
820 575 928 611 non
953 554 1163 627 polium
1188 553 1384 607 nullam
1420 554 1626 624 sperare
1658 550 1904 615 salutem,

617 634 759 687 Cum
791 647 997 701 poenae
1022 645 1133 682 non
1162 625 1221 681 sit
1248 622 1417 680 caussa
1444 637 1665 680 cruenta
1691 642 1858 680 meae.

399 724 461 778 45
542 708 670 762 Non
697 703 825 758 mihi
852 701 1132 775 quaerenti
1158 698 1360 773 pelium
1385 697 1512 753 dare
1537 697 1753 760 cunfflr,
1790 695 2022 770 petitum

618 776 937 832 Caesareum
964 788 1124 845 caput
1153 774 1256 836 est,
1293 771 1442 844 quod
1470 784 1628 844 caput
1654 771 1797 826 orbis
1826 784 1956 825 erat.

545 851 674 905 Non
698 848 898 920 aliquid
923 847 1072 910 dixi,
1111 847 1451 916 violentaque
1476 845 1655 916 lingua
1680 844 1857 907 locuta
1883 842 1991 905 est3

622 923 932 995 Lapsaquae
957 920 1076 975 sunt
1102 919 1270 976 nimio
1299 917 1458 973 verba
1480 917 1705 991 ‚profana
1730 934 1900 972 mero.

304 1200 363 1239 39.
391 1190 493 1238 Quas
514 1188 609 1226 ducis
630 1185 794 1224 Emathii
808 1184 918 1233 fuerit
935 1183 1115 1224 clementia
1141 1182 1301 1233 Pharos]

250 1240 300 1279 Et
324 1242 439 1289 prima
456 1240 574 1277 brevis
597 1239 644 1276 est
675 1239 711 1276 in
744 1238 897 1281 Pharos,
924 1249 995 1275 nec
1021 1235 1111 1285 quid
1136 1236 1196 1273 hic
1215 1234 1304 1273 velit

250 1293 336 1330 scio.
360 1292 491 1329 reeiius
515 1291 551 1328 in
572 1289 780 1334 nonnullis,
810 1296 940 1331 Porus,
969 1300 1012 1325 ac
1030 1287 1075 1324 de
1088 1286 1302 1324 Alexandro

250 1343 465 1381 Macedone
485 1341 780 1389 intelligendum.
809 1340 936 1389 Qui&
949 1338 1211 1376 devieioPoro
1224 1349 1300 1375 non

249 1394 431 1442 perpercit
452 1392 593 1436 solum,
622 1391 680 1429 sed
705 1392 742 1428 δε
775 1402 929 1440 regnum
963 1389 1138 1433 restituit.⁵³
1168 1388 1207 1426 ὃ(
1237 1388 1302 1426 de-

250 1444 382 1482 funeto
413 1444 529 1481 Dario
563 1441 853 1490 praeclariffimas
881 1440 1066 1490 exsequias
1097 1439 1304 1478 celebravit.

250 1496 442 1532 Nausea.
472 1494 616 1531 Merula
637 1494 736 1531 hunc
753 1493 881 1531 locum
902 1491 947 1529 de
960 1490 1159 1529 Alexandri
1172 1490 1303 1539 Magni

248 1546 430 1594 sepultura
454 1546 491 1582 in
514 1544 680 1594 AEgypto
703 1545 879 1594 exponit:
908 1555 1032 1592 eoque
1053 1543 1089 1580 δε
1111 1542 1157 1580 de
1178 1542 1303 1580 hono-

248 1598 344 1635 ribus
366 1596 544 1634 defuneto
573 1595 740 1634 exhibitis
766 1594 879 1633 multa
910 1593 1130 1632 accumulat.
1191 1593 1300 1630 Cete-

250 1659 332 1685 rum
357 1648 506 1696 quando
529 1646 592 1684 hic
616 1647 661 1684 de
691 1645 792 1683 ducis
814 1646 1008 1683 clementia
1023 1673 1034 1690 ,
1061 1656 1132 1694 qua
1153 1643 1225 1693 ipse
1248 1656 1302 1681 ei·-

252 1710 296 1747 ga
319 1698 408 1736 alios
430 1699 508 1735 usus
528 1698 654 1741 fuerit,
686 1708 763 1734 non
784 1708 857 1746 qua
869 1697 927 1734 alii
948 1707 1030 1744 erga
1049 1695 1164 1745 ipsum
1178 1706 1307 1739 ‚men-

254 1751 309 1786 tio
329 1748 390 1787 fit:
421 1749 554 1787 deinde
575 1747 787 1785 Alexander
810 1749 902 1785 circa
921 1747 1078 1784 Pharum
1094 1774 1105 1790 ‚
1132 1754 1195 1783 aut
1220 1745 1307 1782 Ale-

254 1801 461 1843 xandriam,
473 1811 597 1848 neque
609 1798 681 1846 ipse
696 1797 740 1834 ab
752 1798 858 1835 initio
878 1797 1033 1845 sepultus
1048 1798 1170 1840 fuerit,
1184 1807 1307 1845 neque

256 1851 400 1888 alterius
420 1851 526 1887 funus
551 1858 613 1887 aut
637 1849 808 1897 exequias
831 1846 1003 1897 peregisse
1022 1847 1200 1890 tradatur,
1225 1859 1309 1894 pro·

254 1900 371 1938 bat-ile
383 1901 445 1944 est,
459 1901 584 1938 locum
599 1902 697 1937 hunc
712 1899 769 1937 vel
785 1899 829 1936 de
843 1899 914 1937 alio
928 1899 1035 1942 duce,
1046 1897 1104 1935 vel
1115 1898 1159 1935 de
1173 1898 1243 1934 alio
1257 1899 1311 1934 fu-

260 1963 350 1989 nere
368 1950 650 2000 intelligendum
664 1949 747 1987 effe.
764 1950 821 1987 Ac
834 1951 936 2000 quod
959 1949 1001 1986 :id
1017 1949 1150 1986 ducem
1165 1948 1311 1992 attinet,

258 2014 335 2041 non
352 2002 463 2040 video
479 2030 488 2046 ,
518 2003 669 2050 quinam
684 2002 771 2039 alius
789 2001 937 2050 intelligi
951 1999 1069 2048 possit.
1096 1998 1174 2036 Nisi
1189 1998 1212 2036 fi
1231 2000 1313 2047 quis

259 2054 451 2091 Caesarem
475 2054 694 2091 dietatorem
710 2053 965 2100 accipiendum
992 2058 1117 2099 putet,
1146 2050 1311 2097 quicum

259 2106 357 2153 apud
378 2105 533 2142 Pharum
559 2103 734 2152 ngypfi,
762 2104 983 2151 Pompejum
999 2129 1009 2144 ,
1034 2101 1176 2138 hostem
1189 2100 1310 2145 suum,

262 2157 299 2192 δε
324 2155 343 2192 Ξι
373 2156 407 2193 se
429 2155 616 2193 devieinm
644 2182 656 2199 ‚
693 2153 713 2190 a
742 2153 946 2192 satellitibus
975 2152 1180 2190 Ptolemaei
1200 2151 1311 2189 inter-

258 2206 400 2244 sedtum
425 2205 681 2255 comperisset,
712 2205 786 2242 viso
808 2204 900 2241 illius
919 2204 1079 2246 annulo,
1107 2203 1312 2251 illacryma-

260 2264 319 2295 tus
345 2257 477 2296 dicitur
497 2285 507 2302 ,
539 2255 748 2306 jusiisseque
776 2255 944 2303 reliquias
975 2266 1017 2291 ac
1050 2256 1189 2291 cineres
1217 2253 1311 2291 illius

263 2309 433 2357 conquiri
457 2337 468 2353 ‚
505 2319 548 2345 ac
568 2307 770 2355 sepulturae
791 2307 899 2345 tradi.
949 2307 1062 2343 Hunc
1092 2316 1180 2353 ergo
1204 2309 1312 2340 Ema-

263 2359 381 2396 thium
405 2359 498 2403 dici,
529 2370 550 2395 a
575 2359 713 2406 campis
741 2357 960 2401 Emathiae,
1001 2356 1131 2392 dixerit
1161 2355 1313 2404 aliquis,

262 2410 300 2447 in
323 2410 453 2457 quibus
471 2407 929 2458 pugnainterPompejum
951 2418 992 2445 ac
1006 2405 1196 2444 Caesarem
1210 2418 1315 2443 com-

266 2459 371 2498 mifl'a
400 2461 483 2498 fuit.
506 2460 711 2508 praesertim
743 2459 894 2509 quando
922 2459 959 2496 δε
987 2457 1159 2495 Lucanus·
1179 2456 1316 2494 eodem

266 2512 424 2549 nomine
442 2512 523 2549 illos
545 2519 680 2555 vocet,
708 2511 746 2548 in
767 2509 923 2548 exordio
947 2509 1081 2557 Operis
1099 2508 1175 2552 sui,
1202 2508 1252 2546 ita
1265 2507 1320 2546 di·

269 2574 354 2600 cetis
369 2591 378 2607 ,
406 2562 502 2599 Bella
528 2572 586 2611 per
616 2560 796 2598 Emathios
809 2560 996 2611 plusquam
1017 2558 1141 2598 civilia
1159 2567 1292 2607 campos
1306 2586 1316 2604 ,

271 2612 409 2661 Jusque
427 2615 552 2650 datum
569 2612 688 2661 fteleri
717 2611 896 2657 canimus,
925 2612 998 2649 &c.
1025 2609 1096 2648 Sed
1114 2610 1189 2647 hoc
1208 2610 1317 2648 nimis

273 2665 444 2701 coaetum
467 2666 504 2702 &
525 2664 671 2702 durum.
719 2665 766 2701 At
792 2662 838 2700 de
862 2660 1076 2699 Alexandro
1097 2658 1192 2698 duce
1207 2688 1217 2705 ,
1244 2661 1318 2698 alio

273 2723 397 2751 autem
431 2727 542 2763 quam
568 2715 675 2763 ipsius
696 2715 824 2751 funere
839 2740 849 2756 ‚
871 2712 1073 2761 intelligere
1094 2711 1222 2758 placet.
1253 2711 1319 2749 Li-

276 2772 333 2800 cet
355 2765 399 2802 ad
421 2766 526 2803 funus
559 2767 597 2803 &
631 2765 850 2813 sepulturam
876 2763 977 2800 hunc
1004 2762 1129 2799 locum
1162 2761 1321 2806 referre,

277 2824 388 2861 quam
411 2816 470 2852 ille
492 2817 631 2860 Dario,
659 2815 680 2852 ἐι
711 2815 744 2852 se
774 2814 926 2864 quidem
950 2812 1049 2850 vieto
1065 2840 1074 2856 ‚
1103 2810 1237 2849 insidiis
1258 2823 1320 2850 au-

278 2872 356 2902 tem
382 2866 418 2901 &
442 2867 565 2903 fraude
583 2867 730 2904 suorum
756 2865 903 2910 occiso,
932 2864 1032 2913 regio
1047 2862 1229 2900 Persarum
1242 2874 1326 2900 mo-

282 2926 321 2951 re
341 2915 508 2952 celebrari
535 2917 719 2954 concesfit.
779 2917 839 2953 De
860 2927 932 2965 qua
962 2926 1000 2953 re
1023 2915 1167 2951 Arrian.
1184 2913 1243 2951 lib.
1263 2926 1327 2951 111.
1372 2942 1378 2944 -

283 2966 476 3003 Diodorus
509 2968 546 3003 ὃς
580 2966 788 3004 Plutarchus
814 2967 852 3003 in
887 2968 958 3004 vita
990 2965 1083 3003 illius
1110 2965 1329 3002 meminere.

287 3016 358 3053 Sed
385 3016 584 3053 secundum
620 3018 715 3054 hanc
743 3016 1012 3063 expositionem
1037 3044 1047 3061 ,
1079 3027 1146 3065 pro
1174 3014 1330 3060 Pharos,

287 3079 383 3115 quae
410 3078 486 3103 vox
507 3067 540 3102 in
564 3067 636 3103 fine
664 3068 790 3114 prioris
821 3067 939 3103 versus
966 3067 1013 3104 est
1036 3094 1046 3111 ‚
1081 3073 1187 3103 Porus
1206 3066 1330 3115 legen-

289 3120 378 3155 dum
400 3117 544 3154 fortalle
574 3118 692 3153 suerit.
733 3125 772 3153 ut
802 3116 842 3152 sit
862 3116 994 3163 duplex
1027 3117 1238 3165 exemplum
1261 3117 1333 3154 cle-

2324 1043 2404 1103 1n·‘
2414 1133 2415 1137 Ἰ
2487 1081 2489 1083 -

1359 1182 1489 1221 iisdem
1510 1180 1699 1221 autoribus
1711 1180 1878 1220 traditur.
1905 1180 2038 1219 Pharos
2055 1188 2180 1220 autem
2196 1210 2206 1227 ‚
2236 1181 2406 1232 fivehocss

1359 1233 1434 1272 five
1453 1234 1515 1272 illo
1545 1232 1663 1271 rnodo
1695 1231 1879 1281 expositio
1910 1231 1971 1270 fiat
1990 1260 2001 1278 ,
2037 1233 2234 1282 utrobique
2265 1235 2406 1275 incom-

1359 1285 1475 1323 mode
1494 1284 1625 1332 legitur
1649 1297 1658 1321 ι
1697 1291 1890 1334 propterea
1911 1284 2015 1334 quod
2043 1284 2113 1332 ipsa
2134 1284 2248 1322 dietio
2264 1312 2274 1329 ,
2300 1285 2420 1336 longav

1358 1337 1505 1386 priore,
1532 1335 1713 1373 hocloco
1748 1335 1918 1383 ponitur:
1949 1346 2033 1372 cum
2064 1335 2147 1373 alias
2168 1343 2242 1374 tam
2264 1336 2407 1378 Graecis
2482 1376 2495 1393 Γ

1359 1398 1474 1437 quain
1502 1387 1666 1430 Latinis,
1695 1387 1827 1424 eadem
1851 1385 1982 1435 syllaba
2004 1387 2219 1435 corripiatur
2235 1415 2245 1432 ‚
2272 1387 2408 1428 Graece

1359 1447 1482 1476 autem
1506 1438 1616 1475 etiarn
1642 1446 1754 1476 acuto
1781 1445 1876 1475 tono
1895 1444 2066 1475 notetur:
2097 1446 2136 1475 ut
2155 1438 2250 1487 apud
2264 1437 2409 1488 Stepha-
2477 1419 2495 1487 :t

1359 1501 1451 1528 num
1473 1490 1511 1527 ὃ(
1531 1488 1693 1527 Suidam.
1722 1487 1801 1526 Nisi
1823 1488 1849 1526 fi
1868 1489 1927 1526 cui
1949 1488 2088 1537 placeat
2107 1488 2238 1526 ectasin
2263 1488 2407 1535 fieri,ut

1357 1541 1394 1578 in
1417 1540 1497 1586 ἀἰρες
1511 1568 1521 1584 ,
1541 1540 1620 1584 ἄρες
1641 1540 1873 1585 moenem,
1903 1540 1940 1577 ὃ(
1963 1538 2148 1578 similibus.
2171 1546 2274 1577 Porus
2288 1549 2407 1582 autem

1359 1592 1450 1629 nihil
1475 1591 1711 1630 incommodi
1734 1590 1904 1633 habebit,
1933 1601 2018 1628 cum
2040 1591 2077 1628 ὅ(
2099 1591 2194 1639 apud
2213 1591 2407 1632 Attianum

1362 1643 1400 1680 ὅς
1432 1643 1580 1681 Suidam
1615 1655 1639 1679 ω
1681 1653 1819 1691 magno
1853 1645 1973 1687 Πῶρος
2002 1641 2184 1680 scribatur.
2234 1643 2407 1684 Micru..

1362 1693 1511 1743 Reliqui
1543 1692 1624 1731 libri
1647 1720 1659 1737 ,
1696 1693 1849 1736 Pharos,
1878 1693 2100 1730 reclamante
2123 1700 2255 1731 metro.
2284 1694 2408 1744 Itaque

1363 1755 1432 1781 nos
1465 1756 1550 1782 cuni
1582 1743 1729 1782 eruditis
1751 1744 1893 1792 aliquot
1922 1744 2145 1791 &inprimis
2177 1752 2409 1794 praeceptore

1364 1794 1487 1832 nostro
1508 1794 1825 1843 Georg.Fabricio
1839 1794 2038 1831 maluimus
2052 1822 2063 1838 ,
2076 1801 2190 1832 Porus.
2221 1796 2336 1842 Πῶρος
2346 1806 2410 1834 au·

1359 1853 1442 1882 tem
1466 1857 1528 1882 rex
1554 1845 1678 1883 Indiae
1700 1845 1793 1889 fuit,
1821 1856 1863 1881 ac
1891 1843 2058 1893 singulari
2079 1846 2279 1883 certamine
2296 1847 2340 1885 ab
2358 1846 2411 1885 A·

1365 1894 1543 1934 lexandro
1566 1895 1682 1933 vietus
1702 1896 1741 1934 ὃ(
1760 1896 1874 1933 vitam
1889 1923 1899 1939 ,
1930 1896 1967 1932 ὅ(
2000 1907 2154 1944 regnum
2171 1924 2181 1940 ,
2197 1896 2234 1935 ὃ(
2254 1897 2320 1935 alia
2342 1897 2411 1937 virs-

1368 1947 1453 1983 tutis
1474 1948 1635 1994 praemia
1666 1946 1709 1984 ab
1741 1946 1878 1984 eodem
1909 1946 2082 1984 obtinuit.
2119 1947 2213 1985 testis
2236 1947 2412 1988 Plutarch.

1370 1997 1406 2034 in
1430 1997 1659 2035 Alexandro.
1679 1996 1805 2044 Justin.
1826 1997 1887 2034 lib.
1909 2009 1981 2034 xit.
2000 1998 2037 2034 ὃ(
2060 1997 2205 2035 Arrian.
2231 1998 2293 2037 lib.
2314 2011 2348 2038 v.
2368 1997 2425 2048 (19

1369 2047 1518 2095 expedit
1530 2048 1639 2085 Alex.
1660 2047 1810 2086 Bssnsm.
1839 2048 1975 2085 Melius
1991 2048 2065 2092 alii,
2081 2049 2270 2098 Porus.qui
2290 2061 2414 2099 regem

1369 2098 1495 2136 Indiae
1510 2099 1728 2147 intelligunt.
1759 2100 1864 2136 DAN.
1895 2098 2037 2136 Hams.
2067 2099 2417 2143 Leidenfis‚P0rus.

1368 2150 1471 2198 quod
1504 2150 1694 2198 Naugerio
1725 2149 1921 2198 probatum
1945 2177 1956 2194 ,
1994 2151 2031 2187 ὃ(
2061 2149 2225 2186 Fabricio
2257 2151 2294 2186 δε
2318 2150 2419 2194 Berss
2488 2150 2495 2177 ⁴

1368 2212 1523 2238 manno.
1558 2201 1666 2238 Unus
1688 2200 1847 2238 Gallicus
1868 2228 1878 2245 ,
1907 2202 1995 2246 foros
2024 2199 2096 2236 hoc
2116 2199 2164 2236 est
2184 2226 2194 2242 ‚
2223 2205 2334 2237 Poros.
2363 2212 2420 2239 re·
2488 2202 2495 2241 l!

1369 2250 1438 2289 eie.
1459 2262 1525 2298 pro
1553 2249 1797 2300 praeclarique
1816 2250 1914 2292 duo,
1944 2250 2155 2297 Pompeique.
2178 2261 2269 2288 unus
2285 2277 2294 2293 ,
2323 2247 2431 2288 Dar?
2488 2258 2489 2261 ’

1369 2302 1549 2351 dumique.
1581 2301 1700 2339 codex
1724 2301 1821 2339 Petri
1851 2300 1998 2344 Servii,
2037 2300 2241 2350 martique.
2291 2302 2414 2342 Locus
2490 2291 2495 2344 ζ

1369 2352 1516 2391 videtur
1535 2361 1737 2401 corruptus.
1785 2353 1983 2401 Quaenam
2013 2352 2115 2388 enim
2147 2351 2215 2388 hae
2244 2351 2311 2390 sint
2333 2364 2417 2398 exe·¹

1371 2404 1479 2453 quiae
1503 2415 1579 2441 non
1601 2403 1777 2452 exprimit
1797 2417 1808 2446 ;
1846 2413 1916 2440 nec
1935 2403 2021 2439 Pori
2039 2401 2144 2447 sunt,
2171 2403 2235 2452 qui
2255 2403 2416 2444 Alexan·
2492 2426 2495 2455 7

1373 2455 1441 2494 dro
1463 2454 1673 2503 supervixit.
1703 2453 1847 2498 Scribe,

1427 2516 1603 2567 Dariique
1622 2515 1740 2553 docent
1755 2514 1894 2563 funeris
1919 2514 2092 2565 exequiae.

1373 2581 1533 2619 Primam
1568 2582 1668 2619 enim
1702 2581 1742 2618 &
1770 2579 1966 2618 secundam
1990 2581 2027 2618 in
2049 2581 2124 2617 hoc
2145 2580 2302 2618 nomine
2321 2577 2419 2631 sylla-2

1373 2632 1456 2671 bam
1479 2631 1654 2680 produxit
1678 2632 1790 2669 etiam
1811 2631 1850 2669 in
1868 2631 1975 2670 Ibide
1998 2631 2154 2676 Noster,

1426 2707 1538 2750 thue
1557 2710 1757 2738 necatorum
1782 2699 1888 2738 Darii
1900 2698 2033 2747 fraude
2045 2699 2201 2748 secundi.

1376 2764 1414 2802 &
1436 2762 1658 2801 Claudianus
1678 2763 1839 2812 Epistola
1859 2763 1905 2802 ad
1928 2762 2180 2801 Hadrianum:

1428 2826 1584 2864 Darium
1604 2826 1755 2869 famulis
1773 2827 1936 2866 manibus
1957 2825 2093 2874 doluiffe
2108 2835 2321 2877 peremptum

1432 2884 1556 2914 Fertur
1577 2887 1620 2917 ω’
1643 2877 1775 2927 ingenti
1787 2878 2014 2926 fhlatusfata
2034 2877 2216 2925 sepulchre.

1434 2927 1581 2965 Tradita
1603 2931 1742 2978 captivo
1755 2928 1921 2978 spatiofhr
1944 2927 2048 2964 India
2070 2934 2166 2966 Poro.

1385 3011 1486 3050 vides
1506 3010 1644 3048 Porum
1666 3010 1705 3047 &
1731 3009 1886 3048 Darium
1908 3010 2019 3048 etiarn
2040 3009 2099 3045 liic
2119 3009 2306 3060 conjungi.
2350 3009 2425 3048 Da:

1387 3064 1458 3100 rius
1492 3061 1641 3099 Graecis
1668 3063 1821 3105 Δαρεῖος.
1848 3067 1986 3097 Dareus
2015 3059 2052 3096 in
2084 3062 2286 3099 veterrimis
2314 3059 2426 3099 Curtii

1388 3113 1507 3154 libris;
1538 3121 1647 3160 atque
1675 3112 1812 3160 ubique
1837 3109 2062 3149 scribendum
2079 3137 2088 3151 ‚
2118 3122 2200 3147 curn
2227 3112 2354 3161 syllaba
2375 3111 2426 3150 se-

290 3170 454 3206 nientiae
477 3167 673 3204 Alexandri
691 3195 700 3209 ,
727 3168 878 3204 alterum
900 3167 1020 3210 Poro,
1050 3168 1202 3205 alterum
1219 3168 1335 3206 Dario
1391 3163 1510 3202 cunda
1538 3161 1770 3210 producatur.
1823 3162 1882 3199 Sic
1913 3160 2140 3198 Alexandrea
2172 3163 2345 3210 produeia
2367 3165 2429 3211 pei

290 3219 508 3256 exhibitum.
539 3219 635 3255 Nam
649 3218 783 3254 Porum
801 3245 811 3260 ,
840 3228 924 3255 cum
943 3218 979 3254 ὅ(
992 3217 1104 3265 ipsum
1116 3220 1217 3266 gravi
1236 3230 1338 3266 prae-

1392 3214 1548 3253 nultima
1567 3212 1664 3261 apud
1694 3213 1895 3250 Horatium
1917 3213 1955 3249 &
1981 3212 2224 3260 Propertium.
2243 3204 2437 3262 vulgatum¹

291 3270 344 3308 iio
362 3270 563 3318 superatum
590 3296 599 3313 ‚
638 3270 823 3316 captivum
851 3267 1049 3306 abduxisset
1071 3296 1081 3313 ‚
1110 3269 1231 3316 postea
1262 3282 1338 3308 non
1395 3265 1420 3303 sl
1440 3265 1521 3314 quis
1538 3264 1632 3301 tueri
1654 3263 1816 3307 mavult,
1843 3263 1935 3303 illius
1954 3262 2110 3303 Perfiani
2130 3262 2431 3308 austoritatesenq

291 3322 414 3362 iulum
435 3320 592 3366 dimiiit,
619 3319 680 3359 sed
701 3321 739 3358 δε
764 3319 942 3370 ampliore
962 3330 1079 3371 regno
1102 3319 1281 3367 donavit,
1300 3328 1341 3361 ut
1396 3316 1551 3369 tentiam
1576 3314 1694 3368 POtCst
1712 3313 1862 3369 {ulcirtb

2281 3362 2434 3415 :····0ss.
