2495 3675
487 170 1436 238 F‘ASTORUM
1546 176 1739 232 L1n.

360 272 600 330 Venerat
626 274 682 328 in
706 292 913 330 morem
940 271 1123 346 populi
1148 270 1433 342 depascere
1462 273 1646 356 saltus:

432 345 601 417 quue
628 347 723 403 diu
750 347 925 410 licuit,
960 360 1241 417 poenaque
1265 345 1404 425 nulla
1432 346 1549 402 fu1t.

217 418 317 487 285
355 415 593 474 Vindice
617 419 888 474 servabant
912 418 1057 472 nullo
1079 415 1165 470 sua
1189 416 1400 498 publica
1423 421 1636 491 vulgus:

413 490 640 564 Jamque
667 493 722 545 in
745 492 950 562 privato
978 488 1191 560 pascere
1217 503 1400 544 inertls
1426 506 1554 548 erat.

354 562 528 618 Plebis
555 563 621 618 ad
645 561 853 617 AEdiles
880 561 1053 615 delata
1076 559 1287 614 licentia
1316 563 1427 616 talis

422 635 715 693 Publicios:
754 634 955 687 animus
982 631 1153 687 defuit
1180 646 1302 687 ante
1329 635 1467 689 viris.

345 708 491 763 Rem
512 707 737 777 populus
760 705 977 774 recipit:
1020 704 1267 759 muletam
1293 706 1496 764 subiere
1523 728 1795 773 nocentes,

417 776 737 834 Vindicibus
763 778 905 832 laudi
935 776 1142 849 publica
1169 795 1295 832 cura
1319 778 1436 834 fuit.

348 849 554 906 Mul&a
579 850 699 904 data
724 851 798 905 est
821 868 889 904 ex
915 863 1064 921 parte
1088 850 1238 904 mihi:
1282 868 1586 929 magnoque
1611 858 1792 916 favore

417 921 666 978 Viclores
693 921 883 977 Ludos
905 922 1178 977 instituere
1204 940 1388 979 novos,

344 995 505 1050 Parte
530 996 707 1048 locant
729 996 955 1058 clivum,
992 994 1084 1066 qui
1110 1008 1238 1048 tunc
1265 1011 1376 1050 erat
1402 999 1564 1054 ardua
1586 1020 1758 1076 rupes.

418 1066 562 1121 Utile
588 1084 730 1122 nunc
755 1068 858 1122 iter
883 1067 987 1131 est;
1026 1067 1436 1141 Publiciumque
1462 1090 1671 1131 vocant.

1815 182 1886 237 V.
2123 199 2215 250 331

203 799 309 850 290

2075 1211 2191 1263 An—

45 1331 182 1419 pastoffe.
236 1329 327 1368 Inde
346 1328 522 1380 scriptura
544 1356 555 1375 ‚
587 1327 690 1380 quod
716 1328 937 1379 pendebant.
982 1329 1088 1368 Plau-

50 1391 105 1421 1US
170 1392 244 1420 I‘UC.

100 1448 199 1480 Nam
218 1443 405 1491 adversum
418 1443 521 1492 legem
538 1469 550 1488 ‚
572 1441 598 1480 ὰ
614 1454 668 1480 me
684 1441 723 1480 ob
745 1453 859 1480 meam
875 1441 1089 1492 scripturam

213 1493 376 1543 pecudem

21 1543 23 1546 ⁴
98 1545 293 1593 Accepiffet.

45 1594 226 1633 Neapor..

29 1667 32 1686 :
97 1647 181 1691 284.
212 1644 354 1695 quue]
408 1645 568 1695 Jamque
594 1643 762 1682 Bernens.
794 1644 925 1682 Ambr.
950 1645 989 1683 &
1008 1645 1085 1684 duo

27 1694 117 1733 ‘alis

98 1745 183 1792 285.
210 1744 378 1782 servabat
392 1743 458 1791 sua
475 1744 610 1791 publica
629 1744 795 1794 vulgum]
826 1745 1007 1784 Nonnulli
1023 1755 1085 1802 pa·

39 1795 128 1832 bula
145 1795 290 1843 legunt,
304 1808 378 1833 non
397 1794 544 1842 publica.
572 1796 708 1833 NAuG.
735 1795 932 1835 servabant
953 1805 1085 1846 optim.

8 1888 13 1891 ,
40 1844 167 1884 Patav.
184 1846 355 1884 Putabam
376 1846 572 1895 aliquando
591 1845 822 1887 scribendum
836 1875 848 1893 ,

34 1928 40 1935 =
96 1909 234 1946 Vindice
255 1909 441 1959 versabant
459 1909 555 1947 nullo
575 1911 649 1959 sola
662 1912 799 1961 publica
817 1914 954 1964 vulgus.

35 1973 116 2037 ffioc
138 1974 209 2019 est,
237 1976 437 2014 vertebant.
464 1975 597 2015 Noster
617 1978 724 2017 Pont.
743 1990 791 2016 11.
809 1979 948 2018 El.v11.

94 2039 237 2083 Tempus
256 2034 293 2071 in
313 2049 482 2073 arvorum
508 2037 604 2075 cultu
621 2041 810 2087 consumere
831 2043 928 2080 dulce
944 2044 1000 2091 est.

143 2090 225 2122 Non
240 2086 379 2134 patitur
397 2087 490 2124 verti
516 2087 685 2127 barbarus
706 2091 805 2137 hostis
822 2093 983 2132 humum.

37 2132 190 2238 {uidam
210 2151 359 2201 legunt,
394 2156 532 2202 pascua.
557 2167 650 2204 quos
681 2158 775 2197 inter
810 2161 1019 2201 Demsterus
1038 2165 1076 2203 in

78 2200 235 2240 ofinum.
261 2204 459 2252 quomodo
486 2217 579 2244 unus
610 2208 817 2250 Mediceus.
844 2212 905 2250 alii
934 2213 1075 2253 duode-

38 2249 160 2290 decim
176 2280 187 2297 ,
209 2253 350 2302 pabula.
378 2256 523 2294 Heius.
550 2257 694 2296 Publica
716 2260 857 2301 testum
879 2262 951 2307 est,
974 2265 1077 2315 quod

38 2303 187 2350 requirit
223 2304 433 2352 oppofiturn
472 2307 672 2355 privatum.
707 2311 746 2348 &
786 2314 835 2350 ita
873 2315 996 2361 paffim
1025 2317 1076 2353 rei

38 2353 198 2400 agrariae
219 2354 416 2404 Scriptores
445 2367 581 2396 vocant
601 2359 672 2396 loca
687 2361 825 2409 publica
846 2364 976 2411 Populi
999 2368 1078 2404 Ro-

37 2404 162 2446 mani,
184 2405 281 2442 unde
306 2407 519 2455 vectigalia,
546 2421 640 2457 quae
662 2413 698 2447 ὃς
723 2412 859 2460 publica
885 2414 1075 2462 dicuntur,

37 2453 213 2499 capiebat.
239 2455 290 2491 ita
313 2456 456 2504 Aggen.
475 2458 520 2494 de
535 2459 659 2496 Limit.
687 2463 822 2509 Agror.
842 2468 991 2512 pag.60.
1020 2469 1077 2505 in·

39 2509 95 2538 ter
122 2502 202 2539 loca
223 2505 363 2549 publica
395 2507 556 2544 recenset
578 2535 588 2550 ‚
615 2519 659 2546 ω’
681 2524 767 2558 quae
789 2512 828 2548 in
845 2515 977 2561 pascuis
993 2520 1076 2562 fiant

38 2551 158 2587 relibla
177 2553 444 2604 quibuscumque
472 2557 518 2591 ad
547 2557 664 2598 urbem
691 2561 909 2598 venientibus
933 2568 1076 2614 peregri-

41 2601 108 2637 nis.
128 2603 226 2641 svide
250 2616 343 2651 quae
363 2617 430 2642 nos
453 2606 542 2643 olim
565 2606 610 2644 de
629 2609 808 2657 Veftigal.
824 2624 901 2661 cap.
919 2626 972 2652 1v.
994 2617 1076 2654 scri·

39 2646 187 2698 plinius.
214 2656 383 2702 quamvis
410 2658 447 2692 ἃ
472 2658 597 2705 pascua
617 2670 660 2695 ex
685 2659 802 2698 Plinio
823 2663 881 2700 lib.
904 2676 1019 2703 xvm.
1042 2679 1076 2715 3.

41 2699 158 2749 poffet
185 2703 345 2742 defendi.
381 2708 444 2753 qui
476 2707 564 2743 dicit
586 2735 594 2749 ‚
628 2709 751 2757 pascua
772 2712 840 2748 dici
868 2712 1007 2758 omniu,
1035 2731 1078 2754 ex

43 2751 163 2801 quibus
184 2755 324 2802 populus
354 2757 484 2793 reditus
515 2757 617 2796 habet
637 2786 650 2806 ,
690 2760 773 2810 quia
801 2762 862 2801 diu
882 2764 943 2803 hoc
962 2767 1078 2816 filum

45 2803 188 2852 veaigal
198 2805 286 2852 suit.
312 2805 444 2845 Bunm.

40 2902 42 2904 ,
93 2865 178 2912 287.
206 2869 405 2920 Perdam]
439 2872 619 2912 Nonnulli
640 2875 755 2913 delam
768 2879 920 2919 malunt.
943 2883 1076 2923 Nice.

44 2915 173 2953 Delam
190 2917 327 2956 licemia
355 2933 421 2969 pro
445 2924 609 2969 persiana
641 2935 746 2964 notat
767 2940 810 2966 ex
840 2931 906 2969 suis
930 2933 1077 2983 Nauge-

42 2964 125 3013 tiuS.
151 2969 251 3016 quod
271 2970 398 3018 placet.
426 2973 570 3012 Heius.
598 2979 760 3026 Promiffa
781 2979 920 3019 licentia
940 2985 1078 3025 Medic.

45 3015 128 3053 talis
156 3018 316 3058 Publiciis
334 3022 486 3062 animus.
508 3026 646 3064 Medic.
667 3029 704 3065 ὅ(
728 3028 868 3069 Fames.

93 3081 179 3130 289.
208 3085 381 3124 Mulb’iam
402 3087 530 3131 subiere
544 3092 734 3143 nocentes.]
774 3096 835 3134 Ad
859 3098 896 3136 id
915 3101 1078 3148 promul-

41 3139 123 3183 gata
142 3134 263 3181 postea
284 3137 342 3174 lex
363 3137 518 3176 Thoria.
550 3142 675 3181 ΝΕΑΡ.

40 3220 42 3223 ,
97 3193 181 3229 291.
209 3185 346 3224 Mutua
367 3189 453 3225 data
471 3190 514 3236 est
534 3204 575 3227 ex
595 3201 692 3240 parte
713 3195 842 3247 mihi.]
872 3199 927 3238 Ex
940 3201 1080 3241 efitnnc

46 3230 112 3267 tibi
140 3233 244 3273 aedes
275 3238 436 3277 extrutsta
460 3240 565 3288 juxta
593 3243 742 3283 Circum
774 3251 978 3289 niaximum
1001 3281 1011 3296 ‚
1040 3256 1078 3291 &

39 3280 194 3341 [instituti
213 3288 346 3336 proprii
374 3289 461 3330 ludi.
505 3291 566 3332 De
586 3294 675 3347 aede
698 3296 850 3340 Tacitus
877 3303 1012 3355 Annali
1031 3317 1078 3347 11.

1146 1331 1271 1369 Iisdem
1299 1333 1504 1382 temporibus
1526 1363 1537 1380 ,
1579 1337 1617 1375 id
1652 1339 1700 1377 est
1736 1351 1834 1378 anno
1862 1341 1971 1380 Urbis
2001 1348 2190 1383 Dcctx1xs

1145 1381 1262 1418 Deum
1287 1385 1384 1420 aedes
1414 1386 1584 1430 ‘vetustate
1601 1399 1664 1425 aut
1691 1389 1762 1438 igni
1787 1391 1935 1429 abolitas
1956 1421 1966 1436 ,
1996 1405 2186 1444 coeptasque

1144 1431 1189 1467 ab
1209 1433 1387 1481 Augusto,
1412 1435 1612 1474 dedicavit.-
1643 1439 1780 1485 Libero,
1808 1442 2034 1490 Liberaeque.
2061 1457 2103 1484 O·
2121 1451 2188 1481 Ce-

1144 1482 1232 1526 reri,
1251 1484 1362 1532 juxta
1383 1485 1525 1523 Circum
1556 1489 1756 1528 maximum
1778 1518 1790 1535 ,
1815 1506 1902 1542 quas
1928 1498 1976 1532 A.
1996 1495 2187 1541 Postumius

1143 1533 1306 1570 Diozator
1334 1547 1483 1572 voverat
1505 1550 1514 1575 ι
1543 1539 1722 1589 eodemque
1744 1542 1782 1578 in
1809 1543 1875 1579 loco
1904 1544 2019 1580 aedem
2040 1545 2182 1590 Florae,

1143 1581 1187 1618 ab
1208 1585 1309 1620 Lucio
1337 1596 1381 1625 ey
1408 1593 1530 1624 Marco
1554 1589 1718 1628 Publiciis
1737 1592 1921 1630 Aedilibus
1953 1595 2185 1642 constitutam.

1145 1632 1307 1672 Obibant
1326 1635 1363 1673 id
1383 1648 1516 1675 munus
1543 1639 1580 1676 hi
1610 1652 1709 1678 anno
1734 1643 1838 1680 Urbis
1863 1657 1978 1682 Dxitx.
2006 1645 2183 1684 Consules

1143 1692 1266 1727 erant,
1293 1697 1386 1733 quos
1409 1688 1517 1725 refert
1533 1689 1738 1729 Paterculus
1756 1693 1846 1730 libro
1858 1696 2001 1742 primo:
2031 1702 2185 1744 Torqua-

1140 1742 1174 1769 to
1196 1736 1452 1786 Sempronioque
1483 1740 1688 1786 Consulibus
1716 1744 1950 1792 Brundusium
1979 1745 2112 1782 coloniis
2130 1759 2183 1782 oc-

1141 1793 1304 1832 cupatum
1323 1813 1334 1830 ‚
1370 1797 1413 1826 <9¹
1442 1788 1512 1835 post
1540 1790 1733 1828 triennium
1762 1794 1976 1842 spoletium:
2006 1810 2070 1845 quo
2089 1809 2181 1832 anno

1140 1834 1331 1872 Floralium
1353 1836 1513 1874 ludorum
1533 1841 1675 1886 fastum
1702 1842 1746 1889 est
1773 1844 1930 1882 initium.
1965 1845 2035 1883 Sed
2061 1846 2183 1883 obser-

1138 1897 1182 1922 va
1199 1913 1209 1929 ‚
1237 1887 1339 1935 quod
1361 1899 1454 1926 unus
1478 1889 1683 1929 Paterculus
1707 1893 1859 1932 alterum
1892 1907 1936 1932 ex
1967 1895 2184 1935 Consulibus

1138 1936 1231 1974 illius
1251 1939 1335 1975 anni
1354 1939 1440 1976 facit
1461 1939 1719 1990 Torquatum;
1748 1944 1980 1983 Cafliodorus
2001 1948 2039 1984 &
2053 1948 2183 1993 Tabuf

1135 1985 1190 2024 lae
1220 1987 1383 2026 Graecae
1420 1990 1551 2028 volunt
1579 1992 1682 2030 fuiffe
1710 1994 1754 2032 C.
1781 1996 1978 2034 Claudium
2009 1998 2179 2035 Centho-

1135 2048 1246 2076 nem:
1273 2039 1318 2076 de
1337 2040 1395 2079 M.
1418 2040 1641 2089 Sempronio
1671 2044 1866 2096 Tuditano
1887 2059 2018 2086 omnes
2039 2060 2180 2096 conve-3

1133 2089 1252 2126 nituit.
1284 2090 1408 2127 Nem.
1975 2106 1977 2116 ⁴

1182 2151 1267 2189 292..
1299 2140 1476 2190 uiueres]
1523 2145 1692 2182 Amores
1709 2158 1801 2185 unus
1825 2148 1952 2186 Heins.
1979 2152 2043 2198 qui
2063 2150 2179 2187 male:

1135 2188 1218 2233 bat,
1246 2190 1383 2229 ultores.
1402 2192 1595 2238 constituero
1607 2196 1687 2242 suos
1708 2198 1818 2236 etiam
1844 2211 1934 2237 unus
1946 2200 2177 2248 ltloretidm':

1129 2240 1266 2288 posuere
1287 2242 1468 2280 Strozzae.

1183 2302 1271 2340 293.
1299 2298 1403 2329 Parte
1429 2294 1544 2331 locant
1573 2296 1747 2347 clivum]
1802 2299 1909 2338 Haec
1939 2302 2028 2340 mihi
2062 2302 2171 2349 proba

1131 2339 1265 2385 ledum
1292 2354 1369 2380 non
1390 2344 1470 2388 illa,
1494 2355 1592 2392 parte
1609 2347 1722 2384 locant
1742 2349 1837 2387 clivi.
1877 2352 1999 2390 Nem.
2037 2353 2175 2395 Omni<

1132 2402 1183 2428 no
1204 2391 1338 2429 clivum
1360 2405 1444 2432 cum
1470 2398 1670 2435 vetustioris
1690 2408 1799 2437 notae
1817 2401 1997 2449 plerisque
2014 2414 2170 2449 repona-

1132 2450 1201 2480 tur.
1238 2444 1340 2492 quod
1368 2445 1543 2492 Neapolis
1569 2447 1645 2495 jam
1678 2448 1778 2486 vidit.
1816 2463 1885 2499 qua
1915 2463 1997 2488 tunc
2030 2453 2166 2496 etiam,

1131 2503 1208 2530 non
1241 2494 1324 2542 qui,
1356 2494 1665 2535 Zulichemianus.
1699 2498 1845 2537 Hiems.
1878 2499 2027 2537 Clivum
2054 2503 2167 2539 etiam

1130 2541 1275 2589 Pighius
1303 2545 1437 2581 Annal.
1459 2555 1551 2582 tom.
1584 2558 1629 2583 11.
1659 2559 1739 2595 pag.
1768 2560 1825 2595 72.
1853 2563 1918 2599 quo
1945 2563 2046 2590 unus.
2074 2552 2165 2603 quod

1130 2600 1215 2628 tunc
1229 2602 1306 2629 erat
1323 2594 1437 2630 ardua
1458 2595 1560 2632 moles
1576 2596 1739 2635 Patavin.

1182 2664 1266 2700 294.
1316 2655 1576 2708 Publiciumque
1623 2662 1789 2712 vocant.]
1858 2664 1916 2701 Ab
1945 2666 2166 2706 aridioribus:

1131 2702 1248 2741 Marc.
1272 2704 1393 2743 Varro
1419 2707 1478 2744 lib.
1498 2721 1551 2746 xv.
1578 2709 1623 2746 de
1653 2712 1698 2749 L.
1728 2713 1775 2750 L.
1811 2713 1937 2751 Clivus
1966 2718 2166 2763 Publicius,

1131 2751 1175 2789 ab
1196 2755 1380 2793 Aedilibus
1401 2758 1508 2804 plebei
1529 2760 1715 2806 Publiciis,
1742 2765 1801 2811 qui
1828 2778 1903 2801 eum
1920 2766 2051 2815 publice
2067 2769 2164 2806 aedi-

1124 2803 1295 2851 ficarunt.
1321 2807 1438 2845 Simili
1459 2810 1499 2846 de
1520 2810 1632 2859 cauffci
1655 2813 1827 2850 Publilius
1851 2815 1950 2853 vicus
1976 2829 2020 2857 (φ
2045 2821 2163 2869 Cosco-

1133 2855 1211 2891 nius
1228 2858 1347 2901 vicus,
1377 2860 1466 2908 quod
1484 2860 1528 2896 ab
1548 2862 1600 2898 his
1618 2861 1706 2899 viris
1731 2864 1897 2903 dicuntur
1912 2867 2095 2915 aedificati.
2123 2873 2164 2911 ὃς

1133 2903 1273 2944 Festus:
1303 2907 1477 2946 Publicius
1502 2910 1613 2948 clivus
1634 2914 1824 2961 appellatur
1842 2943 1851 2959 ‚
1879 2931 1979 2966 quem
2005 2919 2071 2956 duo
2085 2922 2163 2966 fra-

1134 2964 1220 2998 tres,
1244 2962 1283 2993 L.
1305 2964 1358 2995 M.
1385 2959 1531 2998 Publicii
1550 2961 1707 3000 Malleoli
1726 2965 1864 3004 Aediles
1891 2968 2003 3006 Plebei
2028 2971 2092 3019 (ita
2111 2971 2163 3011 le-

1132 3006 1293 3053 gendum
1310 3010 1432 3047 omnis
1452 3012 1545 3049 ratio
1562 3013 1738 3061 postulat,
1766 3027 1842 3054 non
1865 3019 2019 3067 curules)
2042 3034 2165 3070 pecua-

1133 3056 1193 3092 riis
1211 3058 1466 3105 condemnatis,
1493 3075 1535 3098 ex
1557 3064 1725 3110 pecunia,
1749 3080 1857 3113 quam
1883 3078 2058 3117 ceperunt,
2086 3086 2165 3110 mu-

1135 3106 1296 3152 nierunt,
1324 3119 1363 3146 ut
1384 3111 1421 3147 in
1450 3113 1674 3152 Aventinum
1702 3117 1865 3154 vehicula
1890 3121 2008 3158 venire
2022 3121 2162 3171 poffi'nt:

1134 3156 1181 3192 sic
1199 3159 1371 3198 emendat
1387 3162 1561 3211 Josephus
1586 3164 1742 3214 Scaliger
1770 3168 1896 3208 ultima
1923 3171 2036 3215 haec,
2066 3175 2165 3209 vebi-

1134 3206 1203 3244 culi
1222 3209 1317 3246 Velid
1333 3213 1452 3249 venire
1466 3213 1604 3262 pofflnt:
1632 3225 1667 3253 at
1695 3217 1886 3257 Vinandus
1907 3220 2050 3268 Pighius
2064 3249 2073 3264 ‚
2102 3236 2163 3258 ve-

1135 3257 1295 3297 hicularii
1315 3262 1420 3299 Vehid
1440 3265 1556 3304 venire
1572 3264 1702 3315 poffint.
1729 3269 1821 3306 haec
1851 3269 1952 3307 Oscis
1968 3271 2162 3318 plaustrum

1135 3318 1206 3355 erat
1223 3311 1390 3361 onustum
1407 3342 1418 3357 ,
1445 3314 1534 3354 teste
1551 3317 1685 3356 eodem
1705 3317 1820 3359 Festo.
1849 3320 1971 3359 Nm.

1305 3362 1371 3410 Tt
1400 3375 1420 3401 2
1980 3380 2062 3417 295.
2094 3375 2166 3408 Ne-
