2495 3675
416 166 1049 243 TRISTIUM
1121 167 1311 222 L113.
1386 165 1459 222 V.
1536 159 1838 224 ELEQXI.

2110 162 2211 238 ⁶39

352 259 462 332 Ipse
485 264 735 336 relegati,
773 283 883 320 non
909 264 1097 320 exsulis
1126 261 1295 317 utitur
1321 260 1376 315 in
1403 276 1492 315 me

419 335 682 392 Nomine:
726 351 841 393 tuta
865 338 960 392 suo
979 336 1159 408 judice
1184 333 1351 389 cauffa
1375 351 1491 388 mea
1515 333 1604 387 est.

340 403 469 475 Jure
493 409 655 479 igitur
680 410 888 473 laudes,
925 409 1145 470 Caesar,
1182 424 1279 478 pro
1310 422 1456 478 parte
1483 406 1621 460 virili

415 478 665 537 Carmina
686 482 859 537 nostra
886 496 997 536 tuas
1020 481 1429 554 qualiacumque
1456 490 1673 533 canunt.

200 565 269 615 25
338 548 468 620 jure
494 552 669 618 Deos,
708 568 765 608 ut
791 553 965 608 adhuc
991 553 1127 608 coeli
1151 551 1245 605 tibi
1269 551 1448 605 limina
1474 550 1750 611 claudant,

419 623 616 696 Teque
642 627 803 682 velint
826 625 930 679 sine
958 626 1009 681 se
1033 665 1048 689 ,
1086 641 1436 694 comprecor,
1477 623 1580 678 effe
1607 623 1802 676 Deum.

341 695 509 767 Optat
533 698 678 753 idem
704 699 944 769 populuS.
982 698 1072 753 sed
1098 710 1155 749 ut
1181 696 1236 749 in
1264 712 1406 748 mare
1432 695 1652 750 flumina
1673 692 1896 755 vastum,

417 769 504 823 Sic
529 769 659 824 solet
686 771 909 842 exiguae
935 785 1150 824 currere
1175 769 1315 821 rivus
1342 785 1526 839 aquae.

345 840 424 895 At
448 853 507 895 tu
533 841 801 896 fortunam
819 880 834 904 ,
871 843 1018 912 cujus
1042 857 1208 895 vocor
1236 840 1381 894 exsul
1403 839 1466 893 ab
1494 857 1616 901 ore,

201 929 269 976 30

101 1061 165 1088 20.
192 1048 283 1087 Mite
294 1048 413 1098 fuit.]
442 1049 542 1088 Venit
561 1051 864 1103 Hamburgensis.
901 1052 985 1093 vide
1008 1055 1093 1092 No-

52 1108 105 1139 tas
127 1099 215 1139 Fast.
237 1099 366 1146 v.648.
394 1101 536 1140 Hzrus.

100 1163 161 1189 21.
191 1152 258 1200 Jpft
278 1150 441 1199 relegati,
464 1165 533 1190 non
553 1154 684 1204 exsulis
704 1155 822 1193 utitur
837 1156 876 1194 in
896 1170 949 1194 me
970 1157 1094 1197 Nomi·

53 1215 116 1240 ne.-
144 1211 225 1240 tuta
240 1202 300 1250 suo
311 1201 429 1251 judice
448 1204 551 1253 causa
572 1219 648 1243 mea
669 1206 752 1257 esp]
783 1207 842 1245 Sic
863 1207 925 1248 lib.
944 1221 992 1248 11.

101 1268 231 1317 Qippe
248 1267 440 1318 relegatus,
467 1283 535 1308 non
551 1270 648 1320 exsul
667 1271 758 1310 dicor
775 1273 812 1310 in
826 1272 896 1314 illo.

51 1327 178 1378 Elegia
197 1343 244 1369 11.
270 1332 378 1381 hujus
397 1332 499 1372 libri:

537 1396 681 1410 —'‘
715 1399 774 1424 nec
791 1386 886 1436 exsul

99 1431 216 1468 Edisti
232 1432 348 1471 verbis
369 1434 528 1472 nominor
544 1435 611 1485 ips&
629 1437 694 1475 tui.

55 1497 153 1537 Mox
178 1499 319 1538 duobus
334 1503 553 1552 interpositis
573 1504 812 1544 carminibus:

50 1555 213 1640 (31ssng
235 1551 422 1602 relegatum
435 1554 555 1605 jussisti
574 1554 682 1605 visere
698 1556 814 1594 Ponti.

548 1791 1056 1859 ELEG

411 913 648 969 Nomine
671 916 918 969 mendaci
943 931 1100 986 parce
1126 930 1340 984 gravare
1366 929 1557 967 meam.

1197 1063 1258 1099 25.
1287 1050 1380 1088 Coeli
1399 1051 1463 1089 tibi
1481 1049 1646 1100 limina.]
1685 1046 1838 1085 Lumina
1864 1047 1962 1095 prior
1987 1044 2113 1086 lcfflo.
2153 1053 2195 1082 ut

1148 1102 1227 1139 coeli
1246 1101 1383 1138 lamina
1403 1105 1549 1150 poetica
1567 1098 1760 1151 periphrafi
1779 1110 1845 1147 pro
1867 1099 1973 1136 coelo
1995 1104 2194 1147 ponantur,

1150 1153 1240 1191 ficut
1260 1153 1398 1190 lumina
1414 1152 1491 1200 [olis
1511 1165 1578 1203 pro
1605 1152 1679 1189 sole
1698 1149 1793 1197 apud
1815 1149 1963 1186 Lucret.
1984 1148 2193 1186 imitatione

1152 1204 1316 1241 Homeri
1337 1231 1348 1248 ‚
1393 1203 1487 1251 apud
1522 1214 1634 1252 quem
1673 1200 1778 1238 simili
1815 1200 2038 1237 circuitionis
2075 1197 2188 1254 figura

1156 1254 1252 1300 Φάας
1272 1254 1398 1296 ἠελίοιο
1419 1253 1620 1303 saepiffime
1640 1252 1782 1300 legitur.
1808 1249 1956 1287 Bzusni.
1994 1250 2045 1287 Ita
2079 1248 2193 1286 edidit

1153 1305 1297 1354 Gryph.
1326 1306 1364 1342 &
1383 1304 1454 1342 alii.
1480 1305 1539 1343 sed
1563 1306 1700 1352 inepte.

1200 1357 1260 1393 26.
1274 1361 1383 1404 Teque
1393 1354 1505 1392 velint
1514 1353 1588 1405 fine
1598 1356 1639 1399 se,
1652 1361 1847 1399 comprecor,
1861 1351 1917 1400 effe
1931 1348 2072 1395 Deum]
2087 1348 2187 1405 Mul-

1150 1414 1189 1444 to
1210 1406 1340 1444 rectius
1360 1415 1464 1445 vetus
1489 1406 1622 1452 lectio,
1650 1405 1706 1455 esse
1723 1403 1797 1441 dia.
1824 1403 2013 1440 Nauem.
2039 1402 2109 1449 Effe
2128 1400 2190 1437 dtu

1153 1457 1308 1495 Combii
1325 1456 1426 1494 liber.

1202 1520 1264 1554 27,
1293 1507 1468 1558 Vallum]
1498 1513 1659 1546 Currant
1678 1506 1822 1555 Junian.
2098 1552 2104 1558 .
2162 1552 2168 1558 ·

1202 1570 1262 1608 30.
1292 1558 1494 1608 Mendaci.]
1531 1560 1622 1598 Non
1650 1559 1810 1600 damno,
1838 1553 1897 1593 sed
1926 1564 2047 1609 neque
2071 1550 2191 1601 displif

1151 1617 1232 1655 cet,
1259 1611 1361 1660 quod
1387 1611 1424 1648 in
1446 1621 1523 1649 uno
1541 1610 1671 1649 codice
1690 1605 1822 1652 exstat,
1849 1604 2017 1645 mordaci.

1151 1794 1176 1858 I
1273 1795 1335 1859 A
1487 1794 1662 1860 XII.

427 1941 602 1996 Cribis
620 1982 635 2006 ,
671 1959 728 1999 ut
757 1945 1022 2000 oblet‘lem
1048 1945 1222 2000 studio
1248 1946 1567 2001 lacrimabile
1595 1959 1837 2018 tempu8,

498 2016 583 2069 Ne
610 2034 822 2087 pereant
850 2019 987 2089 turpi
1014 2018 1228 2088 pectora
1253 2019 1426 2072 nostra
1451 2020 1563 2073 situ.

335 2085 576 2141 Difficile
604 2090 706 2153 est,
742 2090 919 2162 quod,
957 2091 1157 2153 amice,
1195 2107 1396 2144 mones.
1433 2091 1556 2161 quia
1580 2090 1811 2147 carmina
1837 2092 2034 2148 laetum

408 2159 542 2213 Sunt
567 2178 729 2231 opuS,
769 2164 823 2215 &
848 2179 1033 2232 pacem
1058 2164 1249 2216 mentis
1273 2162 1467 2216 habere
1495 2162 1698 2220 volunt.
1759 2173 1763 2176 ’

196 2245 226 2294 5
335 2229 526 2283 Nostra
551 2249 645 2302 per
669 2234 907 2286 adversas
936 2235 1106 2305 agitur
1131 2233 1365 2288 Fortuna
1389 2235 1668 2305 procellas:

406 2303 563 2357 Sorte
587 2322 686 2358 nec
711 2306 811 2358 ulla
838 2307 955 2360 mea
981 2306 1174 2360 tristior
1196 2305 1298 2360 effe
1327 2306 1514 2378 potest.

339 2372 553 2445 Exigis,
591 2390 649 2429 ut
677 2377 912 2432 Priamus
938 2391 1183 2434 natorum
1208 2378 1395 2433 funere
1422 2379 1597 2444 ludat,

413 2445 486 2500 Et
510 2448 690 2504 Niobe
715 2449 874 2505 festos
899 2451 1058 2508 ducat
1088 2464 1146 2508 ut
1172 2452 1299 2507 orba
1325 2451 1536 2507 choros.

101 2719 135 2748 1.
163 2709 433 2760 Lacrimabile.]
465 2710 663 2760 Miserabile
682 2713 757 2754 duo
779 2717 816 2755 δε
830 2717 901 2756 Ms.
927 2716 1063 2756 Bersin.

96 2786 132 2812 2.
160 2776 342 2827 Pedem]
399 2782 560 2827 Tempora
591 2780 710 2820 multi.
745 2794 877 2834 corpora
897 2797 1001 2825 unusz
1029 2800 1087 2824 nec

44 2832 185 2874 pereant
205 2839 309 2866 unus.

99 2899 132 2936 3.
158 2888 305 2935 Difficile
325 2889 388 2935 est,
415 2890 527 2938 quod,
548 2892 829 2941 amice,mones,
856 2897 934 2947 ea.]
965 2898 1048 2936 Lib.
1061 2913 1088 2938 1.

49 2935 88 2976 ὃ(
104 2938 208 2988 Eleg.
229 2939 336 2988 hujus
356 2941 499 2988 operis:

96 3013 270 3050 Carmina
289 3016 500 3062 proveniunt
518 3019 636 3053 animo
660 3020 805 3057 dedub't‘a
820 3023 932 3067 sereno
950 3049 961 3067 ‚

146 3063 279 3101 Nubila
290 3065 378 3111 sunt
395 3067 519 3114 subitis
539 3078 690 3114 tempora
709 3072 819 3117 nostra
841 3072 957 3110 malis.

96 3115 268 3150 Carmina
279 3116 438 3165 seceffitm
451 3117 633 3165 scribentis
653 3132 695 3159 ω’
721 3122 790 3157 otia
813 3132 1006 3170 quaerunt:

146 3168 207 3199 Me
225 3177 342 3210 mare,
368 3180 424 3203 me
443 3169 565 3213 venti,
593 3183 646 3206 me
658 3173 738 3217 scra
758 3174 868 3216 jactat
889 3172 1008 3212 hiems.

41 3224 210 3272 Ciofnu.
235 3226 337 3271 Quod
351 3254 361 3271 ,
380 3229 487 3266 amice
500 3257 511 3275 ,
525 3231 610 3279 petis
630 3240 712 3271 tres.
738 3247 834 3284 rogas
856 3246 956 3277 unus,

95 3313 133 3349 ς.
157 3300 328 3353 Agitan]
359 3310 481 3346 Fertur
503 3309 675 3352 Leidens.

1997 2580 2180 2638 Lucii-

1198 2728 1231 2764 7.
1258 2723 1302 2753 Ut
1322 2716 1485 2754 Priamus
1507 2726 1672 2755 natorum
1684 2719 1839 2769 funera]
1871 2719 2003 2758 Priami
2025 2720 2086 2759 filii
2111 2721 2180 2768 (tc-

1142 2767 1191 2806 ste
1214 2769 1474 2816 Apollodoro)
1512 2780 1589 2806 riv.
1617 2770 1730 2806 fuere.
1783 2770 1844 2807 Dc
1871 2771 1926 2807 his
1956 2771 1992 2807 in
2021 2773 2114 2809 meis
2140 2774 2176 2809 in

1142 2819 1397 2867 Metamorph.
1426 2819 1736 2857 observationibus
1759 2847 1768 2862 ‚
1805 2832 1900 2870 quae
1933 2820 2046 2859 rursus
2066 2823 2179 2859 eden-

1144 2878 1216 2908 tur.
1247 2870 1304 2906 Est
1324 2878 1447 2907 autem
1469 2869 1645 2906 hocloco
1673 2870 1919 2918 amplificatio.
1949 2882 2015 2918 pro
2030 2872 2182 2919 plaudat

1143 2931 1236 2957 unus
1262 2920 1351 2956 liber
1377 2919 1522 2966 scriptus
1538 2947 1547 2961 ,
1580 2920 1683 2956 ludat
1704 2934 1712 2958 :
1750 2921 1917 2958 Ciofm.
1948 2921 2102 2958 plaudat
2125 2935 2182 2960 re-

1143 2970 1200 3007 cle
1224 2969 1382 3006 vetustae
1403 2970 1582 3007 editiones
1610 2982 1694 3007 cum
1716 2971 1820 3017 prim.
1839 2972 1910 3009 Pal.
1931 2975 2038 3018 prim.
2059 2973 2181 3010 Vatic.

1142 3021 1181 3056 ὃ(
1201 3028 1359 3069 quatuor
1387 3020 1461 3057 aliis
1481 3021 1642 3058 melioris
1663 3030 1782 3059 notae.
1825 3023 1968 3059 Hiems.
2021 3023 2103 3071 Ego
2124 3036 2180 3061 re-

1140 3070 1227 3107 duxi
1253 3098 1261 3112 ,
1298 3069 1412 3106 ludat.
1450 3071 1551 3119 quod
1588 3072 1625 3108 ὅ(
1660 3071 1971 3109 Francofurtensis
1999 3073 2176 3117 habebat,

1141 3121 1177 3157 &
1200 3120 1329 3157 melius
1349 3119 1540 3167 respondet
1561 3121 1724 3170 sequenti
1747 3150 1757 3166 ,
1797 3123 1902 3159 ducat
1923 3122 2046 3160 choros.
2082 3123 2177 3159 lude-

1139 3185 1175 3206 re
1195 3172 1292 3208 enim
1315 3170 1362 3208 est
1381 3170 1502 3208 saltare
1516 3179 1577 3215 ‚ut
1599 3172 2029 3216 111.Meta1n.685.vide
2043 3174 2177 3210 Graev.

1142 3220 1248 3259 Len.
1263 3220 1417 3259 Hefiod.
1439 3233 1515 3271 cap.
1538 3234 1614 3259 xxi.
1629 3224 1664 3260 &
1685 3222 1793 3260 alios:
1816 3223 1979 3272 plaudere
2006 3224 2043 3260 ὀί
2066 3223 2176 3257 ludere

1141 3273 1250 3309 etiam
1277 3272 1359 3310 alibi
1381 3271 1530 3311 confusa
1552 3271 1685 3310 docere
1706 3271 1850 3322 possunt
1863 3282 1972 3310 notae
1991 3272 2108 3326 arilib.
2124 3281 2178 3308 iv.

1139 3321 1421 3410 Metam.5342.
1462 3324 1499 3360 ὅ(
1530 3322 1686 3363 Remed.
1719 3324 1803 3373 380.
1848 3334 1940 3360 unus
1977 3330 2084 3358 etiam
2114 3330 2179 3407 {o-

1345 3383 1411 3412 sss
1440 3384 1458 3423 3
2141 3379 2186 3408 ex
