<?xml version="1.0" encoding="UTF-8"?>
<!DOCTYPE html PUBLIC "-//W3C//DTD XHTML 1.0 Transitional//EN"
    "http://www.w3.org/TR/xhtml1/DTD/xhtml1-transitional.dtd">
<html xmlns="http://www.w3.org/1999/xhtml" xml:lang="en" lang="en">
 <head>
  <title>
</title>
<meta http-equiv="Content-Type" content="text/html;charset=utf-8" />
  <meta name='ocr-system' content='tesseract 3.04.00' />
  <meta name='ocr-capabilities' content='ocr_page ocr_carea ocr_par ocr_line ocrx_word'/>
</head>
<body>
  <div class='ocr_page' id='page_1' title='image "./publiiovidiinaso03ovid_0839.png"; bbox 0 0 2495 3675; ppageno 0'>
   <div class='ocr_carea' id='block_1_1' title="bbox 405 165 2037 233">
    <p class='ocr_par' dir='ltr' id='par_1_1' title="bbox 405 165 2037 233">
     <span class='ocr_line' id='line_1_1' title="bbox 405 165 2037 233; baseline 0.006 -10"><span class='ocrx_word' id='word_1_1' title='bbox 405 165 966 225; x_wconf 75' lang='lat' dir='ltr'>EPISTULARUM</span> <span class='ocrx_word' id='word_1_2' title='bbox 1001 166 1109 224; x_wconf 87' lang='lat' dir='ltr'>EX</span> <span class='ocrx_word' id='word_1_3' title='bbox 1147 166 1433 226; x_wconf 87' lang='lat' dir='ltr'><strong>PONTO.</strong></span> <span class='ocrx_word' id='word_1_4' title='bbox 1471 168 1593 226; x_wconf 77' lang='lat' dir='ltr'>Lm.</span> <span class='ocrx_word' id='word_1_5' title='bbox 1629 172 1710 229; x_wconf 87' lang='grc' dir='ltr'>ΠΙ.</span> <span class='ocrx_word' id='word_1_6' title='bbox 1762 174 1940 233; x_wconf 75' lang='grc' dir='ltr'><strong>ΕΡιετ.</strong></span> <span class='ocrx_word' id='word_1_7' title='bbox 1979 174 2037 233; x_wconf 90' lang='lat'>11.</span> 
     </span>
    </p>
   </div>
   <div class='ocr_carea' id='block_1_2' title="bbox 2185 126 2307 249">
    <p class='ocr_par' dir='ltr' id='par_1_2' title="bbox 2185 126 2307 249">
     <span class='ocr_line' id='line_1_2' title="bbox 2185 126 2307 249; baseline -0.008 -19"><span class='ocrx_word' id='word_1_8' title='bbox 2185 126 2307 249; x_wconf 68' lang='lat'>819⁴</span> 
     </span>
    </p>
   </div>
   <div class='ocr_carea' id='block_1_3' title="bbox 278 269 1912 776">
    <p class='ocr_par' dir='ltr' id='par_1_3' title="bbox 278 269 1912 776">
     <span class='ocr_line' id='line_1_3' title="bbox 427 269 1878 345; baseline 0.006 -21"><span class='ocrx_word' id='word_1_9' title='bbox 427 269 546 324; x_wconf 93' lang='lat' dir='ltr'>Nec</span> <span class='ocrx_word' id='word_1_10' title='bbox 575 289 751 333; x_wconf 81' lang='lat' dir='ltr'>mora3</span> <span class='ocrx_word' id='word_1_11' title='bbox 795 269 864 325; x_wconf 89' lang='lat' dir='ltr'>de</span> <span class='ocrx_word' id='word_1_12' title='bbox 892 271 1093 343; x_wconf 86' lang='lat' dir='ltr'>templo</span> <span class='ocrx_word' id='word_1_13' title='bbox 1121 273 1330 345; x_wconf 88' lang='lat' dir='ltr'>rapiunt</span> <span class='ocrx_word' id='word_1_14' title='bbox 1355 271 1626 327; x_wconf 80' lang='lat' dir='ltr'>simulacra</span> <span class='ocrx_word' id='word_1_15' title='bbox 1646 274 1878 333; x_wconf 83' lang='lat' dir='ltr'>Dianae:</span> 
     </span>
     <span class='ocr_line' id='line_1_4' title="bbox 505 343 1866 419; baseline 0.004 -21"><span class='ocrx_word' id='word_1_16' title='bbox 505 343 768 416; x_wconf 87' lang='lat' dir='ltr'>Clamque</span> <span class='ocrx_word' id='word_1_17' title='bbox 794 360 890 414; x_wconf 88' lang='lat' dir='ltr'>per</span> <span class='ocrx_word' id='word_1_18' title='bbox 915 344 1192 399; x_wconf 86' lang='lat' dir='ltr'>immensas</span> <span class='ocrx_word' id='word_1_19' title='bbox 1216 363 1394 417; x_wconf 85' lang='lat' dir='ltr'>puppe</span> <span class='ocrx_word' id='word_1_20' title='bbox 1420 345 1866 419; x_wconf 78' lang='lat' dir='ltr'>feruntur-aquas,</span> 
     </span>
     <span class='ocr_line' id='line_1_5' title="bbox 278 414 1851 488; baseline -0.001 -16"><span class='ocrx_word' id='word_1_21' title='bbox 278 427 348 485; x_wconf 77' lang='lat'>95</span> <span class='ocrx_word' id='word_1_22' title='bbox 421 414 599 473; x_wconf 83' lang='lat' dir='ltr'>Mirus</span> <span class='ocrx_word' id='word_1_23' title='bbox 624 434 772 471; x_wconf 87' lang='lat' dir='ltr'>amor</span> <span class='ocrx_word' id='word_1_24' title='bbox 795 419 1080 485; x_wconf 85' lang='lat' dir='ltr'>juvenum,</span> <span class='ocrx_word' id='word_1_25' title='bbox 1119 419 1362 488; x_wconf 86' lang='lat' dir='ltr'>quamvis</span> <span class='ocrx_word' id='word_1_26' title='bbox 1388 418 1564 473; x_wconf 84' lang='lat' dir='ltr'>abiere</span> <span class='ocrx_word' id='word_1_27' title='bbox 1592 432 1672 473; x_wconf 90' lang='lat' dir='ltr'>tot</span> <span class='ocrx_word' id='word_1_28' title='bbox 1699 422 1851 482; x_wconf 87' lang='lat' dir='ltr'>anni,</span> 
     </span>
     <span class='ocr_line' id='line_1_6' title="bbox 502 488 1912 563; baseline 0.004 -21"><span class='ocrx_word' id='word_1_29' title='bbox 502 489 559 542; x_wconf 88' lang='lat' dir='ltr'>In</span> <span class='ocrx_word' id='word_1_30' title='bbox 584 488 801 561; x_wconf 70' lang='lat' dir='ltr'>Scythia</span> <span class='ocrx_word' id='word_1_31' title='bbox 827 504 1078 558; x_wconf 87' lang='lat' dir='ltr'>magnum</span> <span class='ocrx_word' id='word_1_32' title='bbox 1101 505 1242 542; x_wconf 90' lang='lat' dir='ltr'>nunc</span> <span class='ocrx_word' id='word_1_33' title='bbox 1269 507 1488 563; x_wconf 88' lang='lat' dir='ltr'>quoque</span> <span class='ocrx_word' id='word_1_34' title='bbox 1514 495 1712 547; x_wconf 83' lang='lat' dir='ltr'>no&#39;men</span> <span class='ocrx_word' id='word_1_35' title='bbox 1736 493 1912 548; x_wconf 86' lang='lat' dir='ltr'>habet.</span> 
     </span>
     <span class='ocr_line' id='line_1_7' title="bbox 425 559 1741 635; baseline 0.003 -19"><span class='ocrx_word' id='word_1_36' title='bbox 425 561 621 617; x_wconf 88' lang='lat' dir='ltr'>Fabula</span> <span class='ocrx_word' id='word_1_37' title='bbox 644 573 849 615; x_wconf 85' lang='lat' dir='ltr'>narrata</span> <span class='ocrx_word' id='word_1_38' title='bbox 873 561 946 613; x_wconf 83' lang='lat' dir='ltr'>est</span> <span class='ocrx_word' id='word_1_39' title='bbox 976 559 1252 633; x_wconf 81' lang='lat' dir='ltr'>postquam</span> <span class='ocrx_word' id='word_1_40' title='bbox 1279 564 1505 635; x_wconf 83' lang='lat' dir='ltr'>vulgaris</span> <span class='ocrx_word' id='word_1_41' title='bbox 1530 565 1594 617; x_wconf 90' lang='lat' dir='ltr'>ab</span> <span class='ocrx_word' id='word_1_42' title='bbox 1618 565 1741 633; x_wconf 89' lang='lat' dir='ltr'>illo;</span> 
     </span>
     <span class='ocr_line' id='line_1_8' title="bbox 505 631 1682 708; baseline 0.004 -21"><span class='ocrx_word' id='word_1_43' title='bbox 505 633 821 689; x_wconf 68' lang='lat' dir='ltr'>Laudarunt</span> <span class='ocrx_word' id='word_1_44' title='bbox 849 648 1035 687; x_wconf 88' lang='lat' dir='ltr'>omnes</span> <span class='ocrx_word' id='word_1_45' title='bbox 1064 631 1197 687; x_wconf 62' lang='lat' dir='ltr'>faeta</span> <span class='ocrx_word' id='word_1_46' title='bbox 1226 633 1476 708; x_wconf 85' lang='lat' dir='ltr'><strong>piamque</strong></span> <span class='ocrx_word' id='word_1_47' title='bbox 1502 636 1682 692; x_wconf 89' lang='lat' dir='ltr'>fidem.</span> 
     </span>
     <span class='ocr_line' id='line_1_9' title="bbox 422 704 1711 776; baseline 0.003 -16"><span class='ocrx_word' id='word_1_48' title='bbox 422 705 637 761; x_wconf 83' lang='lat' dir='ltr'>Scilicet</span> <span class='ocrx_word' id='word_1_49' title='bbox 662 705 761 760; x_wconf 84' lang='lat' dir='ltr'>hac</span> <span class='ocrx_word' id='word_1_50' title='bbox 786 704 946 760; x_wconf 87' lang='lat' dir='ltr'>etiam</span> <span class='ocrx_word' id='word_1_51' title='bbox 974 708 996 775; x_wconf 82' lang='lat'><em>&lt;</em></span> <span class='ocrx_word' id='word_1_52' title='bbox 1011 707 1116 776; x_wconf 65' lang='lat' dir='ltr'>quit</span> <span class='ocrx_word' id='word_1_53' title='bbox 1144 707 1282 760; x_wconf 89' lang='lat' dir='ltr'>nulla</span> <span class='ocrx_word' id='word_1_54' title='bbox 1306 708 1577 776; x_wconf 86' lang='lat' dir='ltr'>ferocior)</span> <span class='ocrx_word' id='word_1_55' title='bbox 1617 714 1711 765; x_wconf 69' lang='lat' dir='ltr'>ora</span> 
     </span>
    </p>
   </div>
   <div class='ocr_carea' id='block_1_4' title="bbox 283 795 385 834">
    <p class='ocr_par' dir='ltr' id='par_1_4' title="bbox 283 795 385 834">
     <span class='ocr_line' id='line_1_10' title="bbox 283 795 385 834; baseline 0.02 -2"><span class='ocrx_word' id='word_1_56' title='bbox 283 795 385 834; x_wconf 83' lang='lat'>100</span> 
     </span>
    </p>
   </div>
   <div class='ocr_carea' id='block_1_5' title="bbox 495 777 1662 839">
    <p class='ocr_par' dir='ltr' id='par_1_5' title="bbox 495 777 1662 839">
     <span class='ocr_line' id='line_1_11' title="bbox 495 777 1662 839; baseline 0.003 -6"><span class='ocrx_word' id='word_1_57' title='bbox 495 779 714 834; x_wconf 86' lang='lat' dir='ltr'>Nomen</span> <span class='ocrx_word' id='word_1_58' title='bbox 733 777 998 832; x_wconf 81' lang='lat' dir='ltr'>amicitiae</span> <span class='ocrx_word' id='word_1_59' title='bbox 1025 778 1239 832; x_wconf 87' lang='lat' dir='ltr'>barbara</span> <span class='ocrx_word' id='word_1_60' title='bbox 1266 781 1432 835; x_wconf 86' lang='lat' dir='ltr'>corda</span> <span class='ocrx_word' id='word_1_61' title='bbox 1455 795 1662 839; x_wconf 85' lang='lat' dir='ltr'>movet.</span> 
     </span>
    </p>
   </div>
   <div class='ocr_carea' id='block_1_6' title="bbox 281 849 1948 1425">
    <p class='ocr_par' dir='ltr' id='par_1_6' title="bbox 432 849 1763 992">
     <span class='ocr_line' id='line_1_12' title="bbox 432 849 1763 924; baseline 0.004 -19"><span class='ocrx_word' id='word_1_62' title='bbox 432 851 584 924; x_wconf 88' lang='lat' dir='ltr'>Quid</span> <span class='ocrx_word' id='word_1_63' title='bbox 610 852 785 905; x_wconf 88' lang='lat' dir='ltr'>facere</span> <span class='ocrx_word' id='word_1_64' title='bbox 808 849 1046 903; x_wconf 74' lang='lat' dir='ltr'>Ausonia</span> <span class='ocrx_word' id='word_1_65' title='bbox 1073 851 1244 920; x_wconf 85' lang='lat' dir='ltr'>geniti</span> <span class='ocrx_word' id='word_1_66' title='bbox 1269 852 1475 909; x_wconf 84' lang='lat' dir='ltr'>debetis</span> <span class='ocrx_word' id='word_1_67' title='bbox 1500 854 1554 908; x_wconf 90' lang='lat' dir='ltr'>in</span> <span class='ocrx_word' id='word_1_68' title='bbox 1579 853 1726 911; x_wconf 87' lang='lat' dir='ltr'><strong>Urbe</strong></span> <span class='ocrx_word' id='word_1_69' title='bbox 1742 895 1763 920; x_wconf 43' lang='lat'>,&gt;</span> 
     </span>
     <span class='ocr_line' id='line_1_13' title="bbox 491 921 1581 992; baseline 0 -14"><span class='ocrx_word' id='word_1_70' title='bbox 491 921 635 978; x_wconf 88' lang='lat' dir='ltr'>Cum</span> <span class='ocrx_word' id='word_1_71' title='bbox 665 934 883 992; x_wconf 77' lang='lat' dir='ltr'>tangant</span> <span class='ocrx_word' id='word_1_72' title='bbox 909 921 1054 975; x_wconf 84' lang='lat' dir='ltr'>diros</span> <span class='ocrx_word' id='word_1_73' title='bbox 1080 923 1196 976; x_wconf 89' lang='lat' dir='ltr'>talia</span> <span class='ocrx_word' id='word_1_74' title='bbox 1220 923 1353 978; x_wconf 70' lang='lat' dir='ltr'>faeta</span> <span class='ocrx_word' id='word_1_75' title='bbox 1377 925 1581 981; x_wconf 84' lang='lat' dir='ltr'>Getas?</span> 
     </span>
    </p>

    <p class='ocr_par' dir='ltr' id='par_1_7' title="bbox 422 991 1948 1134">
     <span class='ocr_line' id='line_1_14' title="bbox 422 991 1948 1069; baseline 0.005 -22"><span class='ocrx_word' id='word_1_76' title='bbox 422 994 615 1068; x_wconf 73' lang='lat' dir='ltr'>Adde,</span> <span class='ocrx_word' id='word_1_77' title='bbox 652 993 801 1065; x_wconf 89' lang='lat' dir='ltr'>quod</span> <span class='ocrx_word' id='word_1_78' title='bbox 829 991 904 1048; x_wconf 90' lang='lat' dir='ltr'>est</span> <span class='ocrx_word' id='word_1_79' title='bbox 932 994 1136 1047; x_wconf 81' lang='lat' dir='ltr'>animus</span> <span class='ocrx_word' id='word_1_80' title='bbox 1164 995 1370 1069; x_wconf 85' lang='lat' dir='ltr'><strong>semper</strong></span> <span class='ocrx_word' id='word_1_81' title='bbox 1395 999 1491 1053; x_wconf 91' lang='lat' dir='ltr'>tibi</span> <span class='ocrx_word' id='word_1_82' title='bbox 1513 998 1653 1055; x_wconf 87' lang='lat' dir='ltr'>mitis</span> <span class='ocrx_word' id='word_1_83' title='bbox 1677 1023 1693 1064; x_wconf 89' lang='lat'>;</span> <span class='ocrx_word' id='word_1_84' title='bbox 1733 999 1790 1055; x_wconf 85' lang='lat'>&amp;</span> <span class='ocrx_word' id='word_1_85' title='bbox 1814 1001 1948 1056; x_wconf 85' lang='lat' dir='ltr'>altae</span> 
     </span>
     <span class='ocr_line' id='line_1_15' title="bbox 492 1065 1482 1134; baseline 0.005 -14"><span class='ocrx_word' id='word_1_86' title='bbox 492 1065 756 1122; x_wconf 84' lang='lat' dir='ltr'>Indicium</span> <span class='ocrx_word' id='word_1_87' title='bbox 782 1082 959 1120; x_wconf 87' lang='lat' dir='ltr'>mores</span> <span class='ocrx_word' id='word_1_88' title='bbox 981 1066 1269 1123; x_wconf 84' lang='lat' dir='ltr'>nobilitatis</span> <span class='ocrx_word' id='word_1_89' title='bbox 1295 1070 1482 1134; x_wconf 80' lang='lat' dir='ltr'>habet3</span> 
     </span>
    </p>

    <p class='ocr_par' dir='ltr' id='par_1_8' title="bbox 281 1137 1897 1212">
     <span class='ocr_line' id='line_1_16' title="bbox 281 1137 1897 1212; baseline 0.006 -20"><span class='ocrx_word' id='word_1_90' title='bbox 281 1158 382 1211; x_wconf 75' lang='lat'>105</span> <span class='ocrx_word' id='word_1_91' title='bbox 420 1139 576 1212; x_wconf 88' lang='lat' dir='ltr'>Quos</span> <span class='ocrx_word' id='word_1_92' title='bbox 602 1137 828 1195; x_wconf 83' lang='lat' dir='ltr'><strong>Volesus</strong></span> <span class='ocrx_word' id='word_1_93' title='bbox 851 1139 1005 1210; x_wconf 88' lang='lat' dir='ltr'>patrii</span> <span class='ocrx_word' id='word_1_94' title='bbox 1029 1141 1317 1212; x_wconf 83' lang='lat' dir='ltr'>cognoscat</span> <span class='ocrx_word' id='word_1_95' title='bbox 1340 1144 1570 1198; x_wconf 78' lang='lat' dir='ltr'>nominis</span> <span class='ocrx_word' id='word_1_96' title='bbox 1597 1146 1813 1210; x_wconf 68' lang='lat' dir='ltr'>au&amp;or;</span> <span class='ocrx_word' id='word_1_97' title='bbox 1894 1160 1897 1161; x_wconf 71' lang='grc'>’</span> 
     </span>
    </p>

    <p class='ocr_par' dir='ltr' id='par_1_9' title="bbox 506 1212 1793 1288">
     <span class='ocr_line' id='line_1_17' title="bbox 506 1212 1793 1288; baseline 0.007 -23"><span class='ocrx_word' id='word_1_98' title='bbox 506 1213 662 1284; x_wconf 90' lang='lat' dir='ltr'>Quos</span> <span class='ocrx_word' id='word_1_99' title='bbox 686 1212 864 1266; x_wconf 89' lang='lat' dir='ltr'>Numa</span> <span class='ocrx_word' id='word_1_100' title='bbox 899 1223 1168 1267; x_wconf 88' lang='lat' dir='ltr'>maternus</span> <span class='ocrx_word' id='word_1_101' title='bbox 1192 1219 1300 1275; x_wconf 82' lang='lat' dir='ltr'>non</span> <span class='ocrx_word' id='word_1_102' title='bbox 1327 1230 1488 1288; x_wconf 89' lang='lat' dir='ltr'>neget</span> <span class='ocrx_word' id='word_1_103' title='bbox 1516 1218 1619 1272; x_wconf 79' lang='lat' dir='ltr'>effe</span> <span class='ocrx_word' id='word_1_104' title='bbox 1644 1218 1793 1274; x_wconf 89' lang='lat' dir='ltr'>suos:</span> 
     </span>
    </p>

    <p class='ocr_par' dir='ltr' id='par_1_10' title="bbox 424 1284 1852 1425">
     <span class='ocr_line' id='line_1_18' title="bbox 424 1284 1852 1358; baseline 0.005 -18"><span class='ocrx_word' id='word_1_105' title='bbox 424 1284 746 1356; x_wconf 67' lang='lat' dir='ltr'>Adieciique</span> <span class='ocrx_word' id='word_1_106' title='bbox 772 1284 1001 1354; x_wconf 87' lang='lat' dir='ltr'><strong>probent</strong></span> <span class='ocrx_word' id='word_1_107' title='bbox 1028 1286 1262 1356; x_wconf 87' lang='lat' dir='ltr'>genitiva</span> <span class='ocrx_word' id='word_1_108' title='bbox 1286 1288 1353 1342; x_wconf 88' lang='lat' dir='ltr'>ad</span> <span class='ocrx_word' id='word_1_109' title='bbox 1379 1290 1597 1346; x_wconf 90' lang='lat' dir='ltr'>nomina</span> <span class='ocrx_word' id='word_1_110' title='bbox 1622 1291 1852 1358; x_wconf 87' lang='lat' dir='ltr'>Cottae,</span> 
     </span>
     <span class='ocr_line' id='line_1_19' title="bbox 506 1355 1524 1425; baseline 0.006 -12"><span class='ocrx_word' id='word_1_111' title='bbox 506 1357 562 1422; x_wconf 82' lang='lat' dir='ltr'>Si</span> <span class='ocrx_word' id='word_1_112' title='bbox 587 1370 645 1413; x_wconf 90' lang='lat' dir='ltr'>tu</span> <span class='ocrx_word' id='word_1_113' title='bbox 671 1373 783 1413; x_wconf 91' lang='lat' dir='ltr'>non</span> <span class='ocrx_word' id='word_1_114' title='bbox 810 1355 968 1423; x_wconf 84' lang='lat' dir='ltr'>effes,</span> <span class='ocrx_word' id='word_1_115' title='bbox 1003 1358 1282 1425; x_wconf 78' lang='lat' dir='ltr'>interitura</span> <span class='ocrx_word' id='word_1_116' title='bbox 1306 1361 1524 1421; x_wconf 74' lang='lat' dir='ltr'>domus.</span> 
     </span>
    </p>
   </div>
   <div class='ocr_carea' id='block_1_7' title="bbox 142 1616 1187 1966">
    <p class='ocr_par' dir='ltr' id='par_1_11' title="bbox 145 1616 1187 1721">
     <span class='ocr_line' id='line_1_20' title="bbox 190 1616 1187 1674; baseline -0.001 -12"><span class='ocrx_word' id='word_1_117' title='bbox 190 1624 254 1674; x_wconf 59' lang='lat'>¹93]</span> <span class='ocrx_word' id='word_1_118' title='bbox 279 1621 436 1672; x_wconf 51' lang='grc' dir='ltr'>Μίνωι]</span> <span class='ocrx_word' id='word_1_119' title='bbox 468 1616 619 1670; x_wconf 54' lang='lat' dir='ltr'>Magna?</span> <span class='ocrx_word' id='word_1_120' title='bbox 635 1629 741 1660; x_wconf 86' lang='lat' dir='ltr'>unus.</span> <span class='ocrx_word' id='word_1_121' title='bbox 767 1618 877 1659; x_wconf 72' lang='lat' dir='ltr'>dulcis</span> <span class='ocrx_word' id='word_1_122' title='bbox 897 1619 1000 1661; x_wconf 68' lang='lat' dir='ltr'>alius}</span> <span class='ocrx_word' id='word_1_123' title='bbox 1021 1620 1187 1662; x_wconf 77' lang='lat' dir='ltr'>tot‘annis</span> 
     </span>
     <span class='ocr_line' id='line_1_21' title="bbox 145 1671 543 1721; baseline -0.013 -7"><span class='ocrx_word' id='word_1_124' title='bbox 145 1673 291 1721; x_wconf 73' lang='lat' dir='ltr'>Iunian.</span> <span class='ocrx_word' id='word_1_125' title='bbox 320 1676 357 1712; x_wconf 89' lang='lat'>&amp;</span> <span class='ocrx_word' id='word_1_126' title='bbox 372 1671 543 1711; x_wconf 87' lang='lat' dir='ltr'>Leidens.</span> 
     </span>
    </p>

    <p class='ocr_par' dir='ltr' id='par_1_12' title="bbox 192 1722 1160 1775">
     <span class='ocr_line' id='line_1_22' title="bbox 192 1722 1160 1775; baseline 0.001 -12"><span class='ocrx_word' id='word_1_127' title='bbox 192 1728 254 1775; x_wconf 88' lang='lat'>96.</span> <span class='ocrx_word' id='word_1_128' title='bbox 283 1732 416 1762; x_wconf 84' lang='lat' dir='ltr'><em>Nomen</em></span> <span class='ocrx_word' id='word_1_129' title='bbox 437 1722 606 1772; x_wconf 60' lang='lat' dir='ltr'>bahem]</span> <span class='ocrx_word' id='word_1_130' title='bbox 636 1723 748 1769; x_wconf 71' lang='lat' dir='ltr'>Habet</span> <span class='ocrx_word' id='word_1_131' title='bbox 768 1736 813 1762; x_wconf 87' lang='lat' dir='ltr'>ex</span> <span class='ocrx_word' id='word_1_132' title='bbox 834 1723 983 1774; x_wconf 76' lang='lat' dir='ltr'>scriptIs.</span> <span class='ocrx_word' id='word_1_133' title='bbox 1012 1723 1160 1765; x_wconf 67' lang='lat' dir='ltr'>Hnms.</span> 
     </span>
    </p>

    <p class='ocr_par' dir='ltr' id='par_1_13' title="bbox 192 1773 828 1825">
     <span class='ocr_line' id='line_1_23' title="bbox 192 1773 828 1825; baseline -0.006 -10"><span class='ocrx_word' id='word_1_134' title='bbox 192 1775 258 1825; x_wconf 87' lang='lat'>98.</span> <span class='ocrx_word' id='word_1_135' title='bbox 287 1773 443 1824; x_wconf 86' lang='lat' dir='ltr'>Omnes.]</span> <span class='ocrx_word' id='word_1_136' title='bbox 489 1773 651 1812; x_wconf 84' lang='lat' dir='ltr'>Homines</span> <span class='ocrx_word' id='word_1_137' title='bbox 671 1776 710 1813; x_wconf 91' lang='lat' dir='ltr'>P.</span> <span class='ocrx_word' id='word_1_138' title='bbox 731 1776 828 1813; x_wconf 82' lang='lat' dir='ltr'>Dan.</span> 
     </span>
    </p>

    <p class='ocr_par' dir='ltr' id='par_1_14' title="bbox 142 1823 1187 1966">
     <span class='ocr_line' id='line_1_24' title="bbox 195 1823 1187 1875; baseline 0.001 -12"><span class='ocrx_word' id='word_1_139' title='bbox 195 1838 259 1875; x_wconf 92' lang='lat'>99.</span> <span class='ocrx_word' id='word_1_140' title='bbox 284 1825 416 1863; x_wconf 81' lang='lat' dir='ltr'>Scilicet</span> <span class='ocrx_word' id='word_1_141' title='bbox 437 1825 493 1861; x_wconf 80' lang='lat' dir='ltr'>hic</span> <span class='ocrx_word' id='word_1_142' title='bbox 511 1823 652 1873; x_wconf 73' lang='lat' dir='ltr'>etiam]</span> <span class='ocrx_word' id='word_1_143' title='bbox 685 1832 760 1863; x_wconf 85' lang='lat' dir='ltr'>Hac</span> <span class='ocrx_word' id='word_1_144' title='bbox 770 1826 877 1863; x_wconf 83' lang='lat' dir='ltr'>etiam</span> <span class='ocrx_word' id='word_1_145' title='bbox 889 1825 1187 1864; x_wconf 66' lang='lat' dir='ltr'>meliores-‚dein-</span> 
     </span>
     <span class='ocr_line' id='line_1_25' title="bbox 142 1875 1185 1966; baseline 0.002 -52"><span class='ocrx_word' id='word_1_146' title='bbox 142 1875 192 1966; x_wconf 51' lang='grc' dir='ltr'>ἐξ</span> <span class='ocrx_word' id='word_1_147' title='bbox 213 1877 256 1914; x_wconf 78' lang='grc' dir='ltr'>τὸ</span> <span class='ocrx_word' id='word_1_148' title='bbox 276 1876 319 1925; x_wconf 85' lang='lat' dir='ltr'>est</span> <span class='ocrx_word' id='word_1_149' title='bbox 337 1887 420 1915; x_wconf 88' lang='lat' dir='ltr'>cum</span> <span class='ocrx_word' id='word_1_150' title='bbox 441 1875 639 1914; x_wconf 86' lang='lat' dir='ltr'>Feschiano</span> <span class='ocrx_word' id='word_1_151' title='bbox 661 1876 701 1915; x_wconf 92' lang='lat'>&amp;</span> <span class='ocrx_word' id='word_1_152' title='bbox 728 1877 840 1915; x_wconf 87' lang='lat' dir='ltr'>tribus</span> <span class='ocrx_word' id='word_1_153' title='bbox 862 1876 939 1915; x_wconf 87' lang='lat' dir='ltr'>aliis</span> <span class='ocrx_word' id='word_1_154' title='bbox 970 1876 1185 1917; x_wconf 86' lang='lat' dir='ltr'>delendum.</span> 
     </span>
    </p>

    <p class='ocr_par' dir='ltr' id='par_1_15' title="bbox 190 1939 287 1966">
     <span class='ocr_line' id='line_1_26' title="bbox 190 1939 287 1966; baseline -0.01 0"><span class='ocrx_word' id='word_1_155' title='bbox 190 1939 287 1966; x_wconf 72' lang='lat' dir='ltr'>mus.</span> 
     </span>
    </p>
   </div>
   <div class='ocr_carea' id='block_1_8' title="bbox 142 1990 1187 2083">
    <p class='ocr_par' dir='ltr' id='par_1_16' title="bbox 142 1990 1187 2083">
     <span class='ocr_line' id='line_1_27' title="bbox 175 1990 1187 2081; baseline 0.002 -53"><span class='ocrx_word' id='word_1_156' title='bbox 175 2004 283 2081; x_wconf 36' lang='grc' dir='ltr'>’ἵξῃ</span> <span class='ocrx_word' id='word_1_157' title='bbox 311 1990 454 2042; x_wconf 76' lang='grc' dir='ltr'>Βὶνος.]</span> <span class='ocrx_word' id='word_1_158' title='bbox 484 1997 598 2030; x_wconf 83' lang='lat' dir='ltr'>Duros</span> <span class='ocrx_word' id='word_1_159' title='bbox 619 1991 820 2031; x_wconf 84' lang='lat' dir='ltr'>duodecim</span> <span class='ocrx_word' id='word_1_160' title='bbox 841 1991 923 2031; x_wconf 84' lang='lat' dir='ltr'>libri</span> <span class='ocrx_word' id='word_1_161' title='bbox 947 1991 1187 2031; x_wconf 83' lang='lat' dir='ltr'>&amp;Bersman-</span> 
     </span>
     <span class='ocr_line' id='line_1_28' title="bbox 142 2055 277 2083; baseline -0.007 -1"><span class='ocrx_word' id='word_1_162' title='bbox 142 2055 185 2082; x_wconf 72' lang='lat' dir='ltr'>nl</span> <span class='ocrx_word' id='word_1_163' title='bbox 251 2056 277 2083; x_wconf 82' lang='lat' dir='ltr'>S·</span> 
     </span>
    </p>
   </div>
   <div class='ocr_carea' id='block_1_9' title="bbox 199 2109 1194 2160">
    <p class='ocr_par' dir='ltr' id='par_1_17' title="bbox 199 2109 1194 2160">
     <span class='ocr_line' id='line_1_29' title="bbox 199 2109 1194 2160; baseline 0 -11"><span class='ocrx_word' id='word_1_164' title='bbox 199 2121 282 2160; x_wconf 88' lang='lat'><em>103.</em></span> <span class='ocrx_word' id='word_1_165' title='bbox 309 2110 466 2148; x_wconf 85' lang='lat' dir='ltr'>Animus</span> <span class='ocrx_word' id='word_1_166' title='bbox 477 2109 637 2160; x_wconf 64' lang='lat' dir='ltr'>semper]</span> <span class='ocrx_word' id='word_1_167' title='bbox 667 2110 871 2159; x_wconf 81' lang='lat' dir='ltr'>An.longae</span> <span class='ocrx_word' id='word_1_168' title='bbox 892 2109 1044 2159; x_wconf 85' lang='lat' dir='ltr'>Argent.</span> <span class='ocrx_word' id='word_1_169' title='bbox 1058 2109 1094 2146; x_wconf 69' lang='grc' dir='ltr'>δε</span> <span class='ocrx_word' id='word_1_170' title='bbox 1110 2117 1194 2151; x_wconf 67' lang='lat' dir='ltr'>txes.</span> 
     </span>
    </p>
   </div>
   <div class='ocr_carea' id='block_1_10' title="bbox 145 2173 1191 2264">
    <p class='ocr_par' dir='ltr' id='par_1_18' title="bbox 145 2173 1191 2264">
     <span class='ocr_line' id='line_1_30' title="bbox 202 2173 1191 2223; baseline 0 -11"><span class='ocrx_word' id='word_1_171' title='bbox 202 2185 284 2221; x_wconf 80' lang='lat'>104.</span> <span class='ocrx_word' id='word_1_172' title='bbox 313 2176 487 2213; x_wconf 84' lang='lat' dir='ltr'>Indicium</span> <span class='ocrx_word' id='word_1_173' title='bbox 505 2182 612 2212; x_wconf 77' lang='lat' dir='ltr'>mores</span> <span class='ocrx_word' id='word_1_174' title='bbox 629 2174 824 2213; x_wconf 69' lang='lat' dir='ltr'>nobilixatis</span> <span class='ocrx_word' id='word_1_175' title='bbox 852 2173 1021 2223; x_wconf 58' lang='lat' dir='ltr'>habam]</span> <span class='ocrx_word' id='word_1_176' title='bbox 1078 2173 1191 2212; x_wconf 78' lang='lat' dir='ltr'>Habet</span> 
     </span>
     <span class='ocr_line' id='line_1_31' title="bbox 145 2223 953 2264; baseline -0.004 0"><span class='ocrx_word' id='word_1_177' title='bbox 145 2223 254 2264; x_wconf 86' lang='lat' dir='ltr'>Polit.</span> <span class='ocrx_word' id='word_1_178' title='bbox 274 2226 392 2264; x_wconf 60' lang='lat' dir='ltr'>reete:</span> <span class='ocrx_word' id='word_1_179' title='bbox 423 2227 565 2263; x_wconf 86' lang='lat' dir='ltr'>animus</span> <span class='ocrx_word' id='word_1_180' title='bbox 587 2226 778 2264; x_wconf 85' lang='lat' dir='ltr'>nimirum.</span> <span class='ocrx_word' id='word_1_181' title='bbox 805 2224 953 2261; x_wconf 66' lang='lat' dir='ltr'>Heius.</span> 
     </span>
    </p>
   </div>
   <div class='ocr_carea' id='block_1_11' title="bbox 200 2289 1187 2340">
    <p class='ocr_par' dir='ltr' id='par_1_19' title="bbox 200 2289 1187 2340">
     <span class='ocr_line' id='line_1_32' title="bbox 200 2289 1187 2340; baseline 0.001 -11"><span class='ocrx_word' id='word_1_182' title='bbox 200 2302 284 2340; x_wconf 81' lang='lat'>105.</span> <span class='ocrx_word' id='word_1_183' title='bbox 311 2292 407 2339; x_wconf 59' lang='lat' dir='ltr'>{Laos</span> <span class='ocrx_word' id='word_1_184' title='bbox 426 2289 595 2338; x_wconf 53' lang='lat' dir='ltr'>Volesum]</span> <span class='ocrx_word' id='word_1_185' title='bbox 637 2291 774 2337; x_wconf 79' lang='lat' dir='ltr'>Volesus</span> <span class='ocrx_word' id='word_1_186' title='bbox 805 2291 913 2328; x_wconf 90' lang='lat' dir='ltr'>multi</span> <span class='ocrx_word' id='word_1_187' title='bbox 935 2299 1076 2329; x_wconf 88' lang='lat' dir='ltr'>veteres</span> <span class='ocrx_word' id='word_1_188' title='bbox 1100 2302 1187 2330; x_wconf 89' lang='lat' dir='ltr'>cum</span> 
     </span>
    </p>
   </div>
   <div class='ocr_carea' id='block_1_12' title="bbox 147 2336 1191 2440">
    <p class='ocr_par' dir='ltr' id='par_1_20' title="bbox 147 2336 1191 2440">
     <span class='ocr_line' id='line_1_33' title="bbox 149 2336 1191 2393; baseline 0.003 -16"><span class='ocrx_word' id='word_1_189' title='bbox 149 2339 370 2389; x_wconf 76' lang='lat' dir='ltr'>Argentino.</span> <span class='ocrx_word' id='word_1_190' title='bbox 398 2342 473 2380; x_wconf 92' lang='lat' dir='ltr'>duo</span> <span class='ocrx_word' id='word_1_191' title='bbox 495 2369 506 2387; x_wconf 94' lang='lat'>‚</span> <span class='ocrx_word' id='word_1_192' title='bbox 543 2336 695 2379; x_wconf 74' lang='lat' dir='ltr'>Valerus,</span> <span class='ocrx_word' id='word_1_193' title='bbox 715 2341 812 2390; x_wconf 87' lang='lat' dir='ltr'>apud</span> <span class='ocrx_word' id='word_1_194' title='bbox 836 2343 1018 2381; x_wconf 87' lang='lat' dir='ltr'>Rutilium</span> <span class='ocrx_word' id='word_1_195' title='bbox 1052 2343 1191 2393; x_wconf 72' lang='lat' dir='ltr'>Volusqs</span> 
     </span>
     <span class='ocr_line' id='line_1_34' title="bbox 147 2391 433 2440; baseline -0.003 -11"><span class='ocrx_word' id='word_1_196' title='bbox 147 2391 263 2440; x_wconf 56' lang='lat' dir='ltr'>vulgo</span> <span class='ocrx_word' id='word_1_197' title='bbox 282 2391 433 2438; x_wconf 85' lang='lat' dir='ltr'>legitur:</span> 
     </span>
    </p>
   </div>
   <div class='ocr_carea' id='block_1_13' title="bbox 200 2448 1081 2553">
    <p class='ocr_par' dir='ltr' id='par_1_21' title="bbox 200 2448 1081 2553">
     <span class='ocr_line' id='line_1_35' title="bbox 200 2448 1081 2502; baseline 0.012 -18"><span class='ocrx_word' id='word_1_198' title='bbox 200 2450 276 2499; x_wconf 68' lang='lat' dir='ltr'>Ql&#39;</span> <span class='ocrx_word' id='word_1_199' title='bbox 293 2448 405 2500; x_wconf 86' lang='lat' dir='ltr'>Volufi</span> <span class='ocrx_word' id='word_1_200' title='bbox 418 2452 563 2500; x_wconf 78' lang='lat' dir='ltr'>antiquo</span> <span class='ocrx_word' id='word_1_201' title='bbox 586 2453 727 2492; x_wconf 75' lang='lat' dir='ltr'>derivat</span> <span class='ocrx_word' id='word_1_202' title='bbox 742 2454 924 2502; x_wconf 83' lang='lat' dir='ltr'>stemmate</span> <span class='ocrx_word' id='word_1_203' title='bbox 944 2469 1081 2496; x_wconf 82' lang='lat' dir='ltr'>nomen.</span> 
     </span>
     <span class='ocr_line' id='line_1_36' title="bbox 257 2503 964 2553; baseline 0.011 -16"><span class='ocrx_word' id='word_1_204' title='bbox 257 2505 306 2539; x_wconf 84' lang='lat' dir='ltr'>Et</span> <span class='ocrx_word' id='word_1_205' title='bbox 324 2514 411 2549; x_wconf 82' lang='lat' dir='ltr'>reges</span> <span class='ocrx_word' id='word_1_206' title='bbox 435 2503 569 2540; x_wconf 80' lang='lat' dir='ltr'>Rutilos</span> <span class='ocrx_word' id='word_1_207' title='bbox 586 2503 662 2552; x_wconf 81' lang='lat' dir='ltr'>teste</span> <span class='ocrx_word' id='word_1_208' title='bbox 679 2511 827 2543; x_wconf 85' lang='lat' dir='ltr'><em>Marone</em></span> <span class='ocrx_word' id='word_1_209' title='bbox 847 2511 964 2553; x_wconf 84' lang='lat' dir='ltr'>refert.</span> 
     </span>
    </p>
   </div>
   <div class='ocr_carea' id='block_1_14' title="bbox 151 2570 1195 2675">
    <p class='ocr_par' dir='ltr' id='par_1_22' title="bbox 151 2570 1195 2675">
     <span class='ocr_line' id='line_1_37' title="bbox 151 2570 1195 2619; baseline 0.006 -10"><span class='ocrx_word' id='word_1_210' title='bbox 151 2571 223 2609; x_wconf 86' lang='lat' dir='ltr'>Sed</span> <span class='ocrx_word' id='word_1_211' title='bbox 256 2570 357 2619; x_wconf 82' lang='lat' dir='ltr'>Volefi</span> <span class='ocrx_word' id='word_1_212' title='bbox 384 2573 480 2610; x_wconf 83' lang='lat' dir='ltr'>forte</span> <span class='ocrx_word' id='word_1_213' title='bbox 509 2573 751 2614; x_wconf 79' lang='lat' dir='ltr'>scribendum.</span> <span class='ocrx_word' id='word_1_214' title='bbox 789 2586 874 2614; x_wconf 86' lang='lat' dir='ltr'>nam</span> <span class='ocrx_word' id='word_1_215' title='bbox 903 2578 939 2615; x_wconf 91' lang='lat' dir='ltr'>in</span> <span class='ocrx_word' id='word_1_216' title='bbox 968 2575 1195 2615; x_wconf 76' lang='lat' dir='ltr'>membranis</span> 
     </span>
     <span class='ocr_line' id='line_1_38' title="bbox 151 2623 1195 2675; baseline 0.005 -15"><span class='ocrx_word' id='word_1_217' title='bbox 151 2623 308 2671; x_wconf 79' lang='lat' dir='ltr'>antiquis</span> <span class='ocrx_word' id='word_1_218' title='bbox 323 2650 332 2666; x_wconf 92' lang='lat'>,</span> <span class='ocrx_word' id='word_1_219' title='bbox 349 2623 472 2667; x_wconf 80' lang='lat' dir='ltr'>Volsci,</span> <span class='ocrx_word' id='word_1_220' title='bbox 502 2623 558 2660; x_wconf 88' lang='lat' dir='ltr'>vel</span> <span class='ocrx_word' id='word_1_221' title='bbox 584 2625 914 2674; x_wconf 77' lang='lat' dir='ltr'>Folscizquomodo</span> <span class='ocrx_word' id='word_1_222' title='bbox 936 2629 973 2665; x_wconf 70' lang='grc' dir='ltr'>ὅ(</span> <span class='ocrx_word' id='word_1_223' title='bbox 995 2637 1195 2675; x_wconf 84' lang='lat' dir='ltr'>peccarunt</span> 
     </span>
    </p>
   </div>
   <div class='ocr_carea' id='block_1_15' title="bbox 155 2672 1193 2762">
    <p class='ocr_par' dir='ltr' id='par_1_23' title="bbox 155 2672 1193 2762">
     <span class='ocr_line' id='line_1_39' title="bbox 155 2672 1193 2761; baseline 0.005 -50"><span class='ocrx_word' id='word_1_224' title='bbox 155 2672 302 2761; x_wconf 40' lang='lat' dir='ltr'>codgces</span> <span class='ocrx_word' id='word_1_225' title='bbox 321 2674 489 2712; x_wconf 90' lang='lat' dir='ltr'>nonnulli</span> <span class='ocrx_word' id='word_1_226' title='bbox 509 2674 604 2723; x_wconf 85' lang='lat' dir='ltr'>apud</span> <span class='ocrx_word' id='word_1_227' title='bbox 624 2675 840 2722; x_wconf 79' lang='lat' dir='ltr'>juvenalem</span> <span class='ocrx_word' id='word_1_228' title='bbox 869 2677 995 2728; x_wconf 86' lang='lat' dir='ltr'>Satyra</span> <span class='ocrx_word' id='word_1_229' title='bbox 1009 2690 1100 2717; x_wconf 84' lang='lat' dir='ltr'>vm.</span> <span class='ocrx_word' id='word_1_230' title='bbox 1128 2679 1193 2716; x_wconf 89' lang='lat' dir='ltr'>illo</span> 
     </span>
     <span class='ocr_line' id='line_1_40' title="bbox 159 2733 283 2762; baseline 0.016 -2"><span class='ocrx_word' id='word_1_231' title='bbox 159 2733 222 2762; x_wconf 84' lang='lat' dir='ltr'>ver</span> <span class='ocrx_word' id='word_1_232' title='bbox 242 2736 283 2762; x_wconf 91' lang='lat' dir='ltr'>u:</span> 
     </span>
    </p>
   </div>
   <div class='ocr_carea' id='block_1_16' title="bbox 331 2802 482 2813">
    <p class='ocr_par' dir='ltr' id='par_1_24' title="bbox 331 2802 482 2813">
     <span class='ocr_line' id='line_1_41' title="bbox 331 2802 482 2813; baseline 0 862"><span class='ocrx_word' id='word_1_233' title='bbox 331 2802 482 2813; x_wconf 95' lang='lat' dir='ltr'> </span> 
     </span>
    </p>
   </div>
   <div class='ocr_carea' id='block_1_17' title="bbox 588 2808 740 2819">
    <p class='ocr_par' dir='ltr' id='par_1_25' title="bbox 588 2808 740 2819">
     <span class='ocr_line' id='line_1_42' title="bbox 588 2808 740 2819; baseline 0 0"><span class='ocrx_word' id='word_1_234' title='bbox 588 2808 740 2819; x_wconf 95' lang='lat' dir='ltr'> </span> 
     </span>
    </p>
   </div>
   <div class='ocr_carea' id='block_1_18' title="bbox 209 2794 1118 2893">
    <p class='ocr_par' dir='ltr' id='par_1_26' title="bbox 209 2794 1118 2893">
     <span class='ocr_line' id='line_1_43' title="bbox 209 2794 1118 2893; baseline 0.004 -16"><span class='ocrx_word' id='word_1_235' title='bbox 209 2840 342 2890; x_wconf 78' lang='lat' dir='ltr'>Turpia</span> <span class='ocrx_word' id='word_1_236' title='bbox 358 2842 492 2879; x_wconf 72' lang='lat' dir='ltr'>cardoni</span> <span class='ocrx_word' id='word_1_237' title='bbox 505 2870 514 2886; x_wconf 92' lang='lat'><em>,</em></span> <span class='ocrx_word' id='word_1_238' title='bbox 536 2841 667 2890; x_wconf 79' lang='lat' dir='ltr'>Volusos</span> <span class='ocrx_word' id='word_1_239' title='bbox 688 2794 1086 2893; x_wconf 35' lang='lat' dir='ltr'>Brutquunaaquffii‘ecebum</span> <span class='ocrx_word' id='word_1_240' title='bbox 1102 2852 1118 2882; x_wconf 66' lang='grc' dir='ltr'><strong><em>ἓ</em></strong></span> 
     </span>
    </p>
   </div>
   <div class='ocr_carea' id='block_1_19' title="bbox 155 2906 1205 3263">
    <p class='ocr_par' dir='ltr' id='par_1_27' title="bbox 155 2906 1205 3263">
     <span class='ocr_line' id='line_1_44' title="bbox 156 2906 1194 2959; baseline 0.003 -15"><span class='ocrx_word' id='word_1_241' title='bbox 156 2906 220 2945; x_wconf 85' lang='lat' dir='ltr'>ubi</span> <span class='ocrx_word' id='word_1_242' title='bbox 240 2916 364 2945; x_wconf 88' lang='lat' dir='ltr'>tamen</span> <span class='ocrx_word' id='word_1_243' title='bbox 387 2908 533 2946; x_wconf 83' lang='lat' dir='ltr'>codices</span> <span class='ocrx_word' id='word_1_244' title='bbox 554 2910 718 2957; x_wconf 79' lang='lat' dir='ltr'>plerique</span> <span class='ocrx_word' id='word_1_245' title='bbox 732 2938 742 2954; x_wconf 96' lang='lat'>,</span> <span class='ocrx_word' id='word_1_246' title='bbox 772 2909 905 2956; x_wconf 77' lang='lat' dir='ltr'>Volesos.</span> <span class='ocrx_word' id='word_1_247' title='bbox 932 2909 1027 2959; x_wconf 88' lang='lat' dir='ltr'>apud</span> <span class='ocrx_word' id='word_1_248' title='bbox 1042 2909 1194 2959; x_wconf 69' lang='lat' dir='ltr'>Livium</span> 
     </span>
     <span class='ocr_line' id='line_1_45' title="bbox 155 2957 1196 3008; baseline 0.002 -12"><span class='ocrx_word' id='word_1_249' title='bbox 155 2957 216 2996; x_wconf 86' lang='lat' dir='ltr'>lib.</span> <span class='ocrx_word' id='word_1_250' title='bbox 241 2970 285 2996; x_wconf 80' lang='lat'>11.</span> <span class='ocrx_word' id='word_1_251' title='bbox 313 2958 493 2995; x_wconf 83' lang='lat' dir='ltr'>Valerium</span> <span class='ocrx_word' id='word_1_252' title='bbox 510 2958 610 3006; x_wconf 75' lang='lat' dir='ltr'>Voless</span> <span class='ocrx_word' id='word_1_253' title='bbox 623 2960 738 3008; x_wconf 79' lang='lat' dir='ltr'>filium</span> <span class='ocrx_word' id='word_1_254' title='bbox 755 2960 874 2998; x_wconf 82' lang='lat' dir='ltr'>habes.</span> <span class='ocrx_word' id='word_1_255' title='bbox 895 2960 1196 3008; x_wconf 83' lang='lat' dir='ltr'>apud-Zolimum</span> 
     </span>
     <span class='ocr_line' id='line_1_46' title="bbox 159 3009 1198 3060; baseline 0.002 -15"><span class='ocrx_word' id='word_1_256' title='bbox 159 3015 286 3046; x_wconf 83' lang='lat' dir='ltr'>tamen</span> <span class='ocrx_word' id='word_1_257' title='bbox 309 3009 447 3057; x_wconf 77' lang='lat' dir='ltr'>Volusus</span> <span class='ocrx_word' id='word_1_258' title='bbox 469 3010 527 3047; x_wconf 84' lang='lat' dir='ltr'>est.</span> <span class='ocrx_word' id='word_1_259' title='bbox 553 3012 662 3049; x_wconf 87' lang='lat' dir='ltr'>etiam</span> <span class='ocrx_word' id='word_1_260' title='bbox 691 3012 727 3048; x_wconf 89' lang='lat' dir='ltr'>in</span> <span class='ocrx_word' id='word_1_261' title='bbox 760 3010 998 3060; x_wconf 76' lang='lat' dir='ltr'>inscriptione</span> <span class='ocrx_word' id='word_1_262' title='bbox 1021 3016 1119 3048; x_wconf 88' lang='lat' dir='ltr'>Arae</span> <span class='ocrx_word' id='word_1_263' title='bbox 1138 3016 1198 3048; x_wconf 82' lang='lat' dir='ltr'>Te-</span> 
     </span>
     <span class='ocr_line' id='line_1_47' title="bbox 163 3059 1204 3111; baseline 0.006 -16"><span class='ocrx_word' id='word_1_264' title='bbox 163 3059 319 3095; x_wconf 79' lang='lat' dir='ltr'>rentinae</span> <span class='ocrx_word' id='word_1_265' title='bbox 339 3087 348 3102; x_wconf 91' lang='lat'><strong>‚</strong></span> <span class='ocrx_word' id='word_1_266' title='bbox 378 3060 415 3096; x_wconf 88' lang='lat'>&amp;</span> <span class='ocrx_word' id='word_1_267' title='bbox 441 3060 476 3098; x_wconf 88' lang='lat' dir='ltr'>in</span> <span class='ocrx_word' id='word_1_268' title='bbox 504 3060 854 3111; x_wconf 64' lang='lat' dir='ltr'>FastisCapitoIinis.</span> <span class='ocrx_word' id='word_1_269' title='bbox 881 3070 921 3100; x_wconf 90' lang='lat' dir='ltr'>ut</span> <span class='ocrx_word' id='word_1_270' title='bbox 945 3061 1117 3100; x_wconf 85' lang='lat' dir='ltr'>credibile</span> <span class='ocrx_word' id='word_1_271' title='bbox 1140 3061 1204 3105; x_wconf 81' lang='lat' dir='ltr'>fit,</span> 
     </span>
     <span class='ocr_line' id='line_1_48' title="bbox 166 3107 1203 3151; baseline 0.005 -6"><span class='ocrx_word' id='word_1_272' title='bbox 166 3107 302 3151; x_wconf 84' lang='lat' dir='ltr'>duplici</span> <span class='ocrx_word' id='word_1_273' title='bbox 327 3109 445 3147; x_wconf 87' lang='lat' dir='ltr'>modo</span> <span class='ocrx_word' id='word_1_274' title='bbox 469 3122 609 3150; x_wconf 86' lang='lat' dir='ltr'>veteres</span> <span class='ocrx_word' id='word_1_275' title='bbox 636 3110 843 3150; x_wconf 80' lang='lat' dir='ltr'>enunciaffe</span> <span class='ocrx_word' id='word_1_276' title='bbox 864 3112 902 3151; x_wconf 86' lang='lat' dir='ltr'>id</span> <span class='ocrx_word' id='word_1_277' title='bbox 921 3124 1076 3150; x_wconf 89' lang='lat' dir='ltr'>nomen.</span> <span class='ocrx_word' id='word_1_278' title='bbox 1114 3113 1203 3150; x_wconf 88' lang='lat' dir='ltr'>Cer-</span> 
     </span>
     <span class='ocr_line' id='line_1_49' title="bbox 166 3158 1202 3211; baseline 0.004 -15"><span class='ocrx_word' id='word_1_279' title='bbox 166 3165 204 3196; x_wconf 79' lang='lat' dir='ltr'>te</span> <span class='ocrx_word' id='word_1_280' title='bbox 222 3158 462 3198; x_wconf 80' lang='lat' dir='ltr'>Maronianus</span> <span class='ocrx_word' id='word_1_281' title='bbox 481 3160 607 3207; x_wconf 83' lang='lat' dir='ltr'>loeus,</span> <span class='ocrx_word' id='word_1_282' title='bbox 633 3175 744 3211; x_wconf 80' lang='lat' dir='ltr'>quem</span> <span class='ocrx_word' id='word_1_283' title='bbox 768 3163 924 3202; x_wconf 88' lang='lat' dir='ltr'>Rutilius</span> <span class='ocrx_word' id='word_1_284' title='bbox 953 3164 989 3201; x_wconf 88' lang='lat' dir='ltr'>in</span> <span class='ocrx_word' id='word_1_285' title='bbox 1011 3163 1202 3202; x_wconf 81' lang='lat' dir='ltr'>itinerario</span> 
     </span>
     <span class='ocr_line' id='line_1_50' title="bbox 166 3208 1205 3263; baseline 0.006 -18"><span class='ocrx_word' id='word_1_286' title='bbox 166 3208 315 3247; x_wconf 79' lang='lat' dir='ltr'>videtur</span> <span class='ocrx_word' id='word_1_287' title='bbox 334 3209 543 3257; x_wconf 71' lang='lat' dir='ltr'>respexisse,</span> <span class='ocrx_word' id='word_1_288' title='bbox 575 3212 686 3263; x_wconf 81' lang='lat' dir='ltr'>Volust</span> <span class='ocrx_word' id='word_1_289' title='bbox 704 3226 846 3252; x_wconf 88' lang='lat' dir='ltr'>nomen</span> <span class='ocrx_word' id='word_1_290' title='bbox 878 3222 1025 3258; x_wconf 87' lang='lat' dir='ltr'>tuetur,</span> <span class='ocrx_word' id='word_1_291' title='bbox 1060 3214 1205 3252; x_wconf 77' lang='lat' dir='ltr'>servan-</span> 
     </span>
    </p>
   </div>
   <div class='ocr_carea' id='block_1_20' title="bbox 166 3258 1207 3318">
    <p class='ocr_par' dir='ltr' id='par_1_28' title="bbox 166 3258 1207 3318">
     <span class='ocr_line' id='line_1_51' title="bbox 166 3258 1207 3318; baseline 0.006 -21"><span class='ocrx_word' id='word_1_292' title='bbox 166 3258 263 3297; x_wconf 85' lang='lat' dir='ltr'>tibus</span> <span class='ocrx_word' id='word_1_293' title='bbox 286 3259 492 3299; x_wconf 78' lang='lat' dir='ltr'>constanter</span> <span class='ocrx_word' id='word_1_294' title='bbox 521 3275 602 3302; x_wconf 84' lang='lat' dir='ltr'>eam</span> <span class='ocrx_word' id='word_1_295' title='bbox 635 3265 858 3306; x_wconf 81' lang='lat' dir='ltr'>membranis</span> <span class='ocrx_word' id='word_1_296' title='bbox 878 3277 1045 3318; x_wconf 77' lang='lat' dir='ltr'>quoque.</span> <span class='ocrx_word' id='word_1_297' title='bbox 1082 3264 1207 3316; x_wconf 84' lang='lat' dir='ltr'>Virgi-</span> 
     </span>
    </p>
   </div>
   <div class='ocr_carea' id='block_1_21' title="bbox 167 3308 660 3368">
    <p class='ocr_par' dir='ltr' id='par_1_29' title="bbox 167 3308 660 3368">
     <span class='ocr_line' id='line_1_52' title="bbox 167 3308 660 3368; baseline -0.004 -17"><span class='ocrx_word' id='word_1_298' title='bbox 167 3308 236 3359; x_wconf 74' lang='lat' dir='ltr'>lius</span> <span class='ocrx_word' id='word_1_299' title='bbox 254 3310 363 3362; x_wconf 81' lang='lat' dir='ltr'>igitur</span> <span class='ocrx_word' id='word_1_300' title='bbox 379 3308 573 3353; x_wconf 70' lang='lat' dir='ltr'>AEneidos,</span> <span class='ocrx_word' id='word_1_301' title='bbox 595 3326 660 3368; x_wconf 30' lang='grc' dir='ltr'><strong><em>κε...</em></strong></span> 
     </span>
    </p>
   </div>
   <div class='ocr_carea' id='block_1_22' title="bbox 2102 1485 2281 1561">
    <p class='ocr_par' dir='ltr' id='par_1_30' title="bbox 2102 1485 2281 1561">
     <span class='ocr_line' id='line_1_53' title="bbox 2102 1485 2281 1561; baseline 0.006 -19"><span class='ocrx_word' id='word_1_302' title='bbox 2102 1485 2281 1561; x_wconf 86' lang='lat' dir='ltr'>Digne</span> 
     </span>
    </p>
   </div>
   <div class='ocr_carea' id='block_1_23' title="bbox 1292 1624 2143 1725">
    <p class='ocr_par' dir='ltr' id='par_1_31' title="bbox 1292 1624 2143 1725">
     <span class='ocr_line' id='line_1_54' title="bbox 1292 1624 2143 1676; baseline -0.001 -14"><span class='ocrx_word' id='word_1_303' title='bbox 1292 1627 1346 1662; x_wconf 77' lang='lat' dir='ltr'>Tu</span> <span class='ocrx_word' id='word_1_304' title='bbox 1364 1626 1480 1676; x_wconf 80' lang='lat' dir='ltr'>Voluse</span> <span class='ocrx_word' id='word_1_305' title='bbox 1500 1628 1638 1667; x_wconf 81' lang='lat' dir='ltr'>armari</span> <span class='ocrx_word' id='word_1_306' title='bbox 1659 1627 1850 1676; x_wconf 81' lang='lat' dir='ltr'>Volscorum</span> <span class='ocrx_word' id='word_1_307' title='bbox 1870 1626 1958 1665; x_wconf 82' lang='lat' dir='ltr'>edice</span> <span class='ocrx_word' id='word_1_308' title='bbox 1980 1624 2143 1676; x_wconf 79' lang='lat' dir='ltr'>maniplis</span> 
     </span>
     <span class='ocr_line' id='line_1_55' title="bbox 1292 1678 1742 1725; baseline -0.007 -3"><span class='ocrx_word' id='word_1_309' title='bbox 1292 1681 1397 1722; x_wconf 80' lang='lat' dir='ltr'><em>Duc,</em></span> <span class='ocrx_word' id='word_1_310' title='bbox 1425 1678 1502 1725; x_wconf 82' lang='lat' dir='ltr'>ait,</span> <span class='ocrx_word' id='word_1_311' title='bbox 1531 1692 1574 1719; x_wconf 63' lang='lat' dir='ltr'>&lt;o</span> <span class='ocrx_word' id='word_1_312' title='bbox 1595 1681 1742 1719; x_wconf 76' lang='lat' dir='ltr'>Rutitos.</span> 
     </span>
    </p>
   </div>
   <div class='ocr_carea' id='block_1_24' title="bbox 1239 1739 2287 2022">
    <p class='ocr_par' dir='ltr' id='par_1_32' title="bbox 1239 1739 2287 1832">
     <span class='ocr_line' id='line_1_56' title="bbox 1239 1739 2287 1830; baseline -0.001 -50"><span class='ocrx_word' id='word_1_313' title='bbox 1239 1740 1328 1830; x_wconf 51' lang='lat' dir='ltr'>{tine</span> <span class='ocrx_word' id='word_1_314' title='bbox 1348 1742 1532 1794; x_wconf 76' lang='lat' dir='ltr'>Volustana</span> <span class='ocrx_word' id='word_1_315' title='bbox 1553 1746 1715 1793; x_wconf 85' lang='lat' dir='ltr'>familia,</span> <span class='ocrx_word' id='word_1_316' title='bbox 1742 1747 1782 1785; x_wconf 88' lang='lat'>&amp;</span> <span class='ocrx_word' id='word_1_317' title='bbox 1811 1743 1956 1795; x_wconf 81' lang='lat' dir='ltr'>Volufia.</span> <span class='ocrx_word' id='word_1_318' title='bbox 1982 1752 2023 1783; x_wconf 85' lang='lat' dir='ltr'>ut</span> <span class='ocrx_word' id='word_1_319' title='bbox 2046 1743 2085 1782; x_wconf 71' lang='grc' dir='ltr'>ὅτ</span> <span class='ocrx_word' id='word_1_320' title='bbox 2114 1739 2208 1791; x_wconf 83' lang='lat' dir='ltr'>apud</span> <span class='ocrx_word' id='word_1_321' title='bbox 2230 1741 2287 1789; x_wconf 68' lang='lat' dir='ltr'>Si7</span> 
     </span>
     <span class='ocr_line' id='line_1_57' title="bbox 1256 1805 1355 1832; baseline 0.01 -1"><span class='ocrx_word' id='word_1_322' title='bbox 1256 1805 1355 1832; x_wconf 80' lang='lat' dir='ltr'>ium:</span> 
     </span>
    </p>

    <p class='ocr_par' dir='ltr' id='par_1_33' title="bbox 1241 1855 2285 2022">
     <span class='ocr_line' id='line_1_58' title="bbox 1292 1855 2115 1910; baseline 0.004 -18"><span class='ocrx_word' id='word_1_323' title='bbox 1292 1855 1461 1906; x_wconf 82' lang='lat' dir='ltr'>Poplicola</span> <span class='ocrx_word' id='word_1_324' title='bbox 1481 1857 1628 1908; x_wconf 78' lang='lat' dir='ltr'>ingentis</span> <span class='ocrx_word' id='word_1_325' title='bbox 1646 1859 1758 1910; x_wconf 72' lang='lat' dir='ltr'>Volusi</span> <span class='ocrx_word' id='word_1_326' title='bbox 1774 1866 1948 1910; x_wconf 76' lang='lat' dir='ltr'>Spartana</span> <span class='ocrx_word' id='word_1_327' title='bbox 1963 1868 2115 1910; x_wconf 68' lang='lat' dir='ltr'>propago.</span> 
     </span>
     <span class='ocr_line' id='line_1_59' title="bbox 1241 1920 2285 1971; baseline 0.003 -13"><span class='ocrx_word' id='word_1_328' title='bbox 1241 1920 1302 1959; x_wconf 85' lang='lat' dir='ltr'>sed</span> <span class='ocrx_word' id='word_1_329' title='bbox 1322 1921 1572 1971; x_wconf 78' lang='lat' dir='ltr'>fragmentum</span> <span class='ocrx_word' id='word_1_330' title='bbox 1596 1925 1745 1962; x_wconf 83' lang='lat' dir='ltr'>termini</span> <span class='ocrx_word' id='word_1_331' title='bbox 1767 1925 1994 1964; x_wconf 85' lang='lat' dir='ltr'>vetustiffimi</span> <span class='ocrx_word' id='word_1_332' title='bbox 2022 1925 2170 1962; x_wconf 85' lang='lat' dir='ltr'>Romae</span> <span class='ocrx_word' id='word_1_333' title='bbox 2186 1920 2285 1971; x_wconf 88' lang='lat' dir='ltr'>apud</span> 
     </span>
     <span class='ocr_line' id='line_1_60' title="bbox 1242 1972 1722 2022; baseline 0.01 -14"><span class='ocrx_word' id='word_1_334' title='bbox 1242 1972 1430 2010; x_wconf 86' lang='lat' dir='ltr'>Maffeios.</span> <span class='ocrx_word' id='word_1_335' title='bbox 1450 1985 1528 2022; x_wconf 79' lang='lat' dir='ltr'>pag.</span> <span class='ocrx_word' id='word_1_336' title='bbox 1550 1985 1722 2013; x_wconf 75' lang='lat' dir='ltr'>cccctx.</span> 
     </span>
    </p>
   </div>
   <div class='ocr_carea' id='block_1_25' title="bbox 1248 2034 2287 2139">
    <p class='ocr_par' dir='ltr' id='par_1_34' title="bbox 1248 2034 2287 2139">
     <span class='ocr_line' id='line_1_61' title="bbox 1292 2034 2287 2083; baseline 0 -11"><span class='ocrx_word' id='word_1_337' title='bbox 1292 2035 1333 2073; x_wconf 88' lang='lat' dir='ltr'>P.</span> <span class='ocrx_word' id='word_1_338' title='bbox 1360 2034 1560 2074; x_wconf 57' lang='lat' dir='ltr'>vanasxus</span> <span class='ocrx_word' id='word_1_339' title='bbox 1588 2038 1754 2076; x_wconf 66' lang='lat' dir='ltr'>Votnsx.</span> <span class='ocrx_word' id='word_1_340' title='bbox 1772 2038 1812 2077; x_wconf 90' lang='lat' dir='ltr'>F.</span> <span class='ocrx_word' id='word_1_341' title='bbox 1832 2039 2073 2079; x_wconf 58' lang='lat' dir='ltr'>Pomcota.</span> <span class='ocrx_word' id='word_1_342' title='bbox 2099 2034 2287 2083; x_wconf 79' lang='lat' dir='ltr'>aliuslapis</span> 
     </span>
     <span class='ocr_line' id='line_1_62' title="bbox 1248 2086 1938 2139; baseline 0.003 -14"><span class='ocrx_word' id='word_1_343' title='bbox 1248 2086 1346 2135; x_wconf 78' lang='lat' dir='ltr'>apud</span> <span class='ocrx_word' id='word_1_344' title='bbox 1368 2086 1528 2125; x_wconf 87' lang='lat' dir='ltr'>eundem</span> <span class='ocrx_word' id='word_1_345' title='bbox 1554 2089 1755 2127; x_wconf 84' lang='lat' dir='ltr'>Gruterum</span> <span class='ocrx_word' id='word_1_346' title='bbox 1778 2101 1858 2139; x_wconf 85' lang='lat' dir='ltr'>pag.</span> <span class='ocrx_word' id='word_1_347' title='bbox 1883 2102 1938 2129; x_wconf 79' lang='lat' dir='ltr'>vx.</span> 
     </span>
    </p>
   </div>
   <div class='ocr_carea' id='block_1_26' title="bbox 1374 2188 2014 2421">
    <p class='ocr_par' dir='ltr' id='par_1_35' title="bbox 1374 2188 2014 2421">
     <span class='ocr_line' id='line_1_63' title="bbox 1374 2188 2014 2231; baseline 0.005 -4"><span class='ocrx_word' id='word_1_348' title='bbox 1374 2188 1414 2228; x_wconf 89' lang='grc' dir='ltr'>Ρ.</span> <span class='ocrx_word' id='word_1_349' title='bbox 1441 2188 1709 2229; x_wconf 84' lang='lat' dir='ltr'><strong>VALESIVS.</strong></span> <span class='ocrx_word' id='word_1_350' title='bbox 1738 2190 1946 2231; x_wconf 87' lang='lat' dir='ltr'><strong>VOLESI.</strong></span> <span class='ocrx_word' id='word_1_351' title='bbox 1972 2190 2014 2230; x_wconf 89' lang='lat' dir='ltr'>F.</span> 
     </span>
     <span class='ocr_line' id='line_1_64' title="bbox 1497 2255 1859 2294; baseline 0.017 -6"><span class='ocrx_word' id='word_1_352' title='bbox 1497 2284 1500 2288; x_wconf 87' lang='lat'>.</span> <span class='ocrx_word' id='word_1_353' title='bbox 1551 2255 1859 2294; x_wconf 78' lang='lat' dir='ltr'>POPLICVLA</span> 
     </span>
     <span class='ocr_line' id='line_1_65' title="bbox 1522 2318 1882 2358; baseline 0.006 -2"><span class='ocrx_word' id='word_1_354' title='bbox 1522 2318 1654 2357; x_wconf 88' lang='lat' dir='ltr'><strong>IOVI.</strong></span> <span class='ocrx_word' id='word_1_355' title='bbox 1682 2318 1882 2358; x_wconf 80' lang='lat' dir='ltr'>IVNONI</span> 
     </span>
     <span class='ocr_line' id='line_1_66' title="bbox 1580 2382 1688 2421; baseline 0.019 -2"><span class='ocrx_word' id='word_1_356' title='bbox 1580 2382 1688 2421; x_wconf 83' lang='lat' dir='ltr'><strong>SAC.</strong></span> 
     </span>
    </p>
   </div>
   <div class='ocr_carea' id='block_1_27' title="bbox 1379 2418 2136 2526">
    <p class='ocr_par' dir='ltr' id='par_1_36' title="bbox 1379 2418 2136 2526">
     <span class='ocr_line' id='line_1_67' title="bbox 1379 2418 2136 2526; baseline 0 -35"><span class='ocrx_word' id='word_1_357' title='bbox 1379 2451 1419 2491; x_wconf 84' lang='lat' dir='ltr'>P.</span> <span class='ocrx_word' id='word_1_358' title='bbox 1446 2449 1680 2490; x_wconf 80' lang='lat' dir='ltr'><strong>PETRON.</strong></span> <span class='ocrx_word' id='word_1_359' title='bbox 1707 2450 2018 2491; x_wconf 85' lang='lat' dir='ltr'>RESTITVIT.</span> <span class='ocrx_word' id='word_1_360' title='bbox 2055 2418 2061 2423; x_wconf 43' lang='lat'><strong>⁴</strong></span> <span class='ocrx_word' id='word_1_361' title='bbox 2114 2501 2136 2526; x_wconf 57' lang='lat'>.&gt;</span> 
     </span>
    </p>
   </div>
   <div class='ocr_carea' id='block_1_28' title="bbox 1245 2549 2301 3315">
    <p class='ocr_par' dir='ltr' id='par_1_37' title="bbox 1245 2549 2301 2899">
     <span class='ocr_line' id='line_1_68' title="bbox 1247 2549 2288 2607; baseline -0.003 -13"><span class='ocrx_word' id='word_1_362' title='bbox 1247 2566 1359 2607; x_wconf 86' lang='lat' dir='ltr'>quam</span> <span class='ocrx_word' id='word_1_363' title='bbox 1380 2554 1590 2602; x_wconf 83' lang='lat' dir='ltr'>scripturam</span> <span class='ocrx_word' id='word_1_364' title='bbox 1611 2549 1813 2602; x_wconf 85' lang='lat' dir='ltr'>Dionyfius</span> <span class='ocrx_word' id='word_1_365' title='bbox 1834 2549 2123 2590; x_wconf 71' lang='lat' dir='ltr'>Halicarnasseus</span> <span class='ocrx_word' id='word_1_366' title='bbox 2135 2563 2288 2602; x_wconf 87' lang='lat' dir='ltr'>quoque</span> 
     </span>
     <span class='ocr_line' id='line_1_69' title="bbox 1250 2600 2301 2653; baseline -0.005 -7"><span class='ocrx_word' id='word_1_367' title='bbox 1250 2610 1288 2646; x_wconf 69' lang='grc' dir='ltr'>δε</span> <span class='ocrx_word' id='word_1_368' title='bbox 1321 2605 1528 2643; x_wconf 84' lang='lat' dir='ltr'>Plutarchus</span> <span class='ocrx_word' id='word_1_369' title='bbox 1552 2604 1768 2653; x_wconf 81' lang='lat' dir='ltr'>agnoscunt.</span> <span class='ocrx_word' id='word_1_370' title='bbox 1794 2605 1915 2652; x_wconf 87' lang='lat' dir='ltr'>possea</span> <span class='ocrx_word' id='word_1_371' title='bbox 1953 2600 2064 2650; x_wconf 75' lang='lat' dir='ltr'>Volusi</span> <span class='ocrx_word' id='word_1_372' title='bbox 2092 2603 2129 2639; x_wconf 88' lang='lat'>&amp;</span> <span class='ocrx_word' id='word_1_373' title='bbox 2162 2604 2301 2641; x_wconf 65' lang='lat' dir='ltr'>Valerii</span> 
     </span>
     <span class='ocr_line' id='line_1_70' title="bbox 1250 2652 2290 2704; baseline -0.004 -8"><span class='ocrx_word' id='word_1_374' title='bbox 1250 2658 1359 2699; x_wconf 61' lang='lat' dir='ltr'>diem</span> <span class='ocrx_word' id='word_1_375' title='bbox 1389 2656 1453 2704; x_wconf 87' lang='lat' dir='ltr'>qui</span> <span class='ocrx_word' id='word_1_376' title='bbox 1473 2654 1586 2703; x_wconf 80' lang='lat' dir='ltr'>Vochii</span> <span class='ocrx_word' id='word_1_377' title='bbox 1608 2658 1644 2692; x_wconf 71' lang='grc' dir='ltr'>ὃ(</span> <span class='ocrx_word' id='word_1_378' title='bbox 1668 2652 1785 2702; x_wconf 76' lang='lat' dir='ltr'>Valofii</span> <span class='ocrx_word' id='word_1_379' title='bbox 1806 2656 1938 2702; x_wconf 85' lang='lat' dir='ltr'>primo.</span> <span class='ocrx_word' id='word_1_380' title='bbox 1966 2664 2140 2691; x_wconf 88' lang='lat' dir='ltr'>nummus</span> <span class='ocrx_word' id='word_1_381' title='bbox 2163 2665 2290 2692; x_wconf 84' lang='lat' dir='ltr'>aereus</span> 
     </span>
     <span class='ocr_line' id='line_1_71' title="bbox 1250 2705 2292 2754; baseline -0.002 -10"><span class='ocrx_word' id='word_1_382' title='bbox 1250 2706 1430 2751; x_wconf 60' lang='lat' dir='ltr'>Augusti,</span> <span class='ocrx_word' id='word_1_383' title='bbox 1468 2717 1580 2754; x_wconf 86' lang='lat' dir='ltr'>quern</span> <span class='ocrx_word' id='word_1_384' title='bbox 1615 2705 1768 2742; x_wconf 86' lang='lat' dir='ltr'>Carolus</span> <span class='ocrx_word' id='word_1_385' title='bbox 1801 2706 1945 2742; x_wconf 83' lang='lat' dir='ltr'>Patinus</span> <span class='ocrx_word' id='word_1_386' title='bbox 1978 2705 2012 2740; x_wconf 89' lang='lat' dir='ltr'>in</span> <span class='ocrx_word' id='word_1_387' title='bbox 2037 2712 2148 2752; x_wconf 85' lang='lat' dir='ltr'>gente</span> <span class='ocrx_word' id='word_1_388' title='bbox 2179 2705 2292 2742; x_wconf 86' lang='lat' dir='ltr'>Vale-</span> 
     </span>
     <span class='ocr_line' id='line_1_72' title="bbox 1250 2752 2291 2806; baseline -0.005 -8"><span class='ocrx_word' id='word_1_389' title='bbox 1250 2762 1300 2799; x_wconf 87' lang='lat' dir='ltr'>ria</span> <span class='ocrx_word' id='word_1_390' title='bbox 1318 2752 1577 2806; x_wconf 69' lang='lat' dir='ltr'>‘supplemento</span> <span class='ocrx_word' id='word_1_391' title='bbox 1610 2755 1654 2793; x_wconf 80' lang='lat' dir='ltr'>ad</span> <span class='ocrx_word' id='word_1_392' title='bbox 1684 2755 1803 2792; x_wconf 79' lang='lat' dir='ltr'>Fulvii</span> <span class='ocrx_word' id='word_1_393' title='bbox 1835 2754 1953 2792; x_wconf 81' lang='lat' dir='ltr'>Ursini</span> <span class='ocrx_word' id='word_1_394' title='bbox 1986 2754 2291 2793; x_wconf 85' lang='lat' dir='ltr'>Commentarios</span> 
     </span>
     <span class='ocr_line' id='line_1_73' title="bbox 1245 2804 2292 2860; baseline -0.004 -12"><span class='ocrx_word' id='word_1_395' title='bbox 1245 2812 1336 2860; x_wconf 86' lang='lat' dir='ltr'>juris</span> <span class='ocrx_word' id='word_1_396' title='bbox 1362 2807 1496 2857; x_wconf 86' lang='lat' dir='ltr'>publici</span> <span class='ocrx_word' id='word_1_397' title='bbox 1531 2806 1616 2844; x_wconf 87' lang='lat' dir='ltr'>fecit</span> <span class='ocrx_word' id='word_1_398' title='bbox 1639 2833 1648 2850; x_wconf 93' lang='lat'><em>‚</em></span> <span class='ocrx_word' id='word_1_399' title='bbox 1697 2806 1892 2844; x_wconf 73' lang='lat' dir='ltr'>Votrsvs.</span> <span class='ocrx_word' id='word_1_400' title='bbox 1918 2804 2075 2843; x_wconf 70' lang='lat' dir='ltr'><strong>VALER.</strong></span> <span class='ocrx_word' id='word_1_401' title='bbox 2114 2805 2292 2844; x_wconf 52' lang='lat' dir='ltr'>Messa.</span> 
     </span>
     <span class='ocr_line' id='line_1_74' title="bbox 1255 2856 1864 2899; baseline -0.01 0"><span class='ocrx_word' id='word_1_402' title='bbox 1255 2862 1309 2899; x_wconf 77' lang='grc' dir='ltr'>ΠΙ</span> <span class='ocrx_word' id='word_1_403' title='bbox 1339 2871 1423 2896; x_wconf 75' lang='lat' dir='ltr'>vm.</span> <span class='ocrx_word' id='word_1_404' title='bbox 1444 2868 1662 2894; x_wconf 40' lang='lat' dir='ltr'><strong>A.A†.A.1=.1··.</strong></span> <span class='ocrx_word' id='word_1_405' title='bbox 1719 2856 1864 2894; x_wconf 65' lang='lat' dir='ltr'>Hnms.</span> 
     </span>
    </p>

    <p class='ocr_par' dir='ltr' id='par_1_38' title="bbox 1254 2904 2293 3102">
     <span class='ocr_line' id='line_1_75' title="bbox 1310 2904 2292 2956; baseline -0.002 -9"><span class='ocrx_word' id='word_1_406' title='bbox 1310 2910 1393 2949; x_wconf 81' lang='lat'>106.</span> <span class='ocrx_word' id='word_1_407' title='bbox 1420 2910 1515 2956; x_wconf 64' lang='lat' dir='ltr'>{Qtos</span> <span class='ocrx_word' id='word_1_408' title='bbox 1537 2913 1657 2944; x_wconf 83' lang='lat' dir='ltr'>Numa</span> <span class='ocrx_word' id='word_1_409' title='bbox 1680 2905 1896 2954; x_wconf 82' lang='lat' dir='ltr'>maternu5.]</span> <span class='ocrx_word' id='word_1_410' title='bbox 1936 2906 2094 2944; x_wconf 80' lang='lat' dir='ltr'>Materni</span> <span class='ocrx_word' id='word_1_411' title='bbox 2116 2904 2292 2953; x_wconf 75' lang='lat' dir='ltr'>Naugerii</span> 
     </span>
     <span class='ocr_line' id='line_1_76' title="bbox 1254 2956 2293 3011; baseline -0.008 -10"><span class='ocrx_word' id='word_1_412' title='bbox 1254 2961 1436 3011; x_wconf 82' lang='lat' dir='ltr'>postrema</span> <span class='ocrx_word' id='word_1_413' title='bbox 1458 2958 1586 2995; x_wconf 85' lang='lat' dir='ltr'>editio.</span> <span class='ocrx_word' id='word_1_414' title='bbox 1614 2959 1753 2996; x_wconf 60' lang='lat' dir='ltr'>Herus.</span> <span class='ocrx_word' id='word_1_415' title='bbox 1779 2957 1890 2994; x_wconf 86' lang='lat' dir='ltr'>Forte</span> <span class='ocrx_word' id='word_1_416' title='bbox 1910 2958 1955 2995; x_wconf 86' lang='lat' dir='ltr'>ad</span> <span class='ocrx_word' id='word_1_417' title='bbox 1979 2956 2164 2994; x_wconf 79' lang='lat' dir='ltr'>Aureliam</span> <span class='ocrx_word' id='word_1_418' title='bbox 2190 2958 2293 2994; x_wconf 87' lang='lat' dir='ltr'>Gen-</span> 
     </span>
     <span class='ocr_line' id='line_1_77' title="bbox 1255 3007 2291 3061; baseline -0.007 -10"><span class='ocrx_word' id='word_1_419' title='bbox 1255 3023 1332 3051; x_wconf 86' lang='lat' dir='ltr'>tem</span> <span class='ocrx_word' id='word_1_420' title='bbox 1353 3011 1444 3061; x_wconf 81' lang='lat' dir='ltr'>haec</span> <span class='ocrx_word' id='word_1_421' title='bbox 1463 3009 1652 3047; x_wconf 75' lang='lat' dir='ltr'>referenda</span> <span class='ocrx_word' id='word_1_422' title='bbox 1667 3036 1678 3053; x_wconf 89' lang='lat'>,</span> <span class='ocrx_word' id='word_1_423' title='bbox 1705 3020 1799 3058; x_wconf 80' lang='lat' dir='ltr'>quae</span> <span class='ocrx_word' id='word_1_424' title='bbox 1819 3007 1947 3046; x_wconf 84' lang='lat' dir='ltr'>Sabina</span> <span class='ocrx_word' id='word_1_425' title='bbox 1970 3009 2060 3052; x_wconf 88' lang='lat' dir='ltr'>fuit,</span> <span class='ocrx_word' id='word_1_426' title='bbox 2088 3007 2176 3045; x_wconf 84' lang='lat' dir='ltr'>teste</span> <span class='ocrx_word' id='word_1_427' title='bbox 2190 3007 2291 3045; x_wconf 79' lang='lat' dir='ltr'>Festo</span> 
     </span>
     <span class='ocr_line' id='line_1_78' title="bbox 1254 3061 1478 3102; baseline -0.031 0"><span class='ocrx_word' id='word_1_428' title='bbox 1254 3064 1292 3102; x_wconf 85' lang='lat' dir='ltr'>in</span> <span class='ocrx_word' id='word_1_429' title='bbox 1317 3061 1478 3100; x_wconf 67' lang='lat' dir='ltr'>Aurelia.</span> 
     </span>
    </p>

    <p class='ocr_par' dir='ltr' id='par_1_39' title="bbox 1256 3105 2292 3203">
     <span class='ocr_line' id='line_1_79' title="bbox 1316 3105 2292 3161; baseline -0.009 -10"><span class='ocrx_word' id='word_1_430' title='bbox 1316 3125 1397 3158; x_wconf 86' lang='lat'><strong>107.</strong></span> <span class='ocrx_word' id='word_1_431' title='bbox 1426 3109 1671 3161; x_wconf 73' lang='lat' dir='ltr'>Adjeelique.]</span> <span class='ocrx_word' id='word_1_432' title='bbox 1708 3110 1951 3161; x_wconf 66' lang='lat' dir='ltr'>Adjunerique</span> <span class='ocrx_word' id='word_1_433' title='bbox 1978 3121 2074 3148; x_wconf 84' lang='lat' dir='ltr'>unus</span> <span class='ocrx_word' id='word_1_434' title='bbox 2093 3105 2231 3146; x_wconf 86' lang='lat' dir='ltr'>Heinfii</span> <span class='ocrx_word' id='word_1_435' title='bbox 2252 3106 2292 3143; x_wconf 85' lang='lat'>&amp;</span> 
     </span>
     <span class='ocr_line' id='line_1_80' title="bbox 1256 3164 1410 3203; baseline -0.019 0"><span class='ocrx_word' id='word_1_436' title='bbox 1256 3164 1410 3203; x_wconf 84' lang='lat' dir='ltr'>Moreti.</span> 
     </span>
    </p>

    <p class='ocr_par' dir='ltr' id='par_1_40' title="bbox 1260 3204 2292 3315">
     <span class='ocr_line' id='line_1_81' title="bbox 1314 3204 2292 3262; baseline -0.014 -8"><span class='ocrx_word' id='word_1_437' title='bbox 1314 3226 1401 3261; x_wconf 85' lang='lat'><em>107.</em></span> <span class='ocrx_word' id='word_1_438' title='bbox 1430 3213 1604 3250; x_wconf 85' lang='lat' dir='ltr'>Genitiva.</span> <span class='ocrx_word' id='word_1_439' title='bbox 1626 3211 1812 3262; x_wconf 77' lang='lat' dir='ltr'>agnomina</span> <span class='ocrx_word' id='word_1_440' title='bbox 1830 3211 1991 3260; x_wconf 57' lang='lat' dir='ltr'>Cottae]</span> <span class='ocrx_word' id='word_1_441' title='bbox 2038 3208 2091 3248; x_wconf 78' lang='lat' dir='ltr'>Ex</span> <span class='ocrx_word' id='word_1_442' title='bbox 2110 3204 2292 3262; x_wconf 68' lang='lat' dir='ltr'>‚¹³0c.¹‘?c⁰</span> 
     </span>
     <span class='ocr_line' id='line_1_82' title="bbox 1260 3253 2288 3315; baseline -0.01 -12"><span class='ocrx_word' id='word_1_443' title='bbox 1260 3275 1401 3315; x_wconf 82' lang='lat' dir='ltr'>praeter</span> <span class='ocrx_word' id='word_1_444' title='bbox 1422 3253 1631 3314; x_wconf 58' lang='lat' dir='ltr'>cognomffia‘</span> <span class='ocrx_word' id='word_1_445' title='bbox 1646 3264 1756 3300; x_wconf 89' lang='lat' dir='ltr'>etiam</span> <span class='ocrx_word' id='word_1_446' title='bbox 1780 3263 1957 3300; x_wconf 78' lang='lat' dir='ltr'>Romanis</span> <span class='ocrx_word' id='word_1_447' title='bbox 1979 3269 2162 3305; x_wconf 74' lang='lat' dir='ltr'>agnomma</span> <span class='ocrx_word' id='word_1_448' title='bbox 2185 3255 2288 3293; x_wconf 75' lang='lat' dir='ltr'>tuilse</span> 
     </span>
    </p>
   </div>
   <div class='ocr_carea' id='block_1_29' title="bbox 1262 3305 2295 3393">
    <p class='ocr_par' dir='ltr' id='par_1_41' title="bbox 1262 3305 2295 3393">
     <span class='ocr_line' id='line_1_83' title="bbox 1262 3305 2295 3393; baseline -0.016 -36"><span class='ocrx_word' id='word_1_449' title='bbox 1262 3324 1442 3357; x_wconf 81' lang='lat' dir='ltr'>conantur</span> <span class='ocrx_word' id='word_1_450' title='bbox 1461 3316 1645 3355; x_wconf 82' lang='lat' dir='ltr'>evincere.</span> <span class='ocrx_word' id='word_1_451' title='bbox 1681 3313 1766 3354; x_wconf 85' lang='lat' dir='ltr'>vide</span> <span class='ocrx_word' id='word_1_452' title='bbox 1783 3313 1950 3352; x_wconf 85' lang='lat' dir='ltr'>Voffium</span> <span class='ocrx_word' id='word_1_453' title='bbox 1973 3307 2175 3356; x_wconf 81' lang='lat' dir='ltr'>Analogiae</span> <span class='ocrx_word' id='word_1_454' title='bbox 2193 3305 2295 3393; x_wconf 31' lang='lat' dir='ltr'>libii,-</span> 
     </span>
    </p>
   </div>
  </div>
 </body>
</html>
