2495 3675
697 188 1332 255 TRISTIUM
1405 190 1597 250 Lrn.
1673 188 1734 250 ῙΪ.

241 306 306 361 75
379 288 489 346 Sed
517 302 694 359 tamen
722 335 738 360 ‚
778 309 838 350 ut
862 297 977 352 fuso
1005 309 1278 350 taurorum
1300 292 1550 364 sanguine
1577 306 1827 360 centurn,

457 365 543 421 Sic
570 368 776 439 capitur
803 370 1028 423 minimo
1055 368 1184 422 turis
1209 366 1415 421 honore
1442 364 1611 421 Deus,
1659 438 1669 447 .

380 436 471 491 Ah
496 438 665 504 ferus,
707 442 760 494 δε
787 441 938 494 nobis
962 441 1186 494 nimium
1212 438 1502 492 crudeliter
1538 437 1726 503 hostls,

454 510 686 566 Delicias
713 513 840 583 legit
866 514 959 584 qui
982 512 1078 566 tibi
1103 528 1336 581 cumque
1360 512 1527 592 meas-l

382 581 666 651 [Carmina
690 601 757 638 ne
780 584 966 637 nostris
992 584 1059 637 sic
1086 597 1139 637 te
1163 585 1468 637 venerantia
1491 584 1633 639 libris

446 655 662 726 Judicio
690 655 884 727 poffint
909 656 1220 710 candidiore
1246 656 1401 726 legi]

374 728 495 782 Ess'e
517 728 604 782 sed
633 728 769 783 irato
795 731 910 801 quis
937 743 989 782 te
1015 728 1143 782 mihi
1167 726 1334 799 poffet
1359 729 1588 782 amicus?

453 799 565 855 Vix
589 813 716 855 tunc
746 802 852 873 ipse
878 802 1002 855 mihi
1031 819 1140 855 non
1164 800 1407 854 inimicus
1431 819 1592 856 eram.

376 873 519 928 Cum
545 875 725 944 coepit
749 874 979 945 quassata
1004 875 1197 928 domus
1231 872 1526 935 subfidere;
1570 886 1741 945 partes

444 944 500 998 In
530 947 843 1015 proclinatas
871 964 1033 1001 omne
1059 945 1323 1000 recumbit
1351 962 1509 1000 onus:

234 1015 295 1088 85
374 1016 690 1090 Cunctaque
714 1018 953 1074 Fortun&
979 1020 1165 1074 rimam
1195 1018 1425 1072 faciente
1453 1018 1747 1074 dehiscunt.

451 1089 558 1160 Ipsa
582 1092 674 1144 suo
696 1095 971 1163 quondam
996 1091 1239 1165 pondere
1265 1090 1402 1145 tecita
1424 1104 1605 1146 ruunt.

377 1158 528 1233 Ergo
550 1162 828 1218 hominum
856 1167 1151 1237 quaelitum
1175 1163 1361 1217 odium
1389 1163 1513 1217 mihi
1541 1170 1804 1219 carmine:
1844 1165 2057 1237 quiaque

456 1235 688 1300 Debuit,
722 1237 798 1292 est
821 1239 995 1293 vultus
1025 1237 1177 1294 turba
1202 1237 1378 1291 secuta
1408 1250 1545 1291 tuos,

2144 196 2252 270 ²507

240 653 307 707 80

0 3112 6 3160 ἰ

0 3162 7 3209 l

2 3603 9 3675 ‚-—„
1 3526 8 3564 ι...
2 3475 3 3481 ⁴

89 1442 239 1481 nimium
253 1444 442 1493 proprium
464 1445 530 1484 viri
551 1456 693 1485 nomen
711 1447 824 1487 latere
839 1448 964 1486 credit.
988 1459 1059 1497 ego
1072 1448 1129 1485 ni-

86 1494 138 1582 lgil
155 1503 275 1583 11131ut0.
304 1498 353 1535 ita
373 1507 464 1534 mox
489 1508 570 1544 1¹7·
598 1500 748 1537 nimium
769 1498 989 1548 juveniliter.
1016 1500 1132 1537 &ali-

112 1556 137 1581 1.
195 1559 293 1583 URM.

144 1620 205 1657 79.
233 1609 407 1647 Carmina
429 1624 468 1648 ne
496 1610 677 1661 nostrisfic
698 1622 731 1649 te
756 1613 966 1651 venerantia
994 1609 1131 1660 libris.]

87 1659 238 1698 Plurimi
262 1669 451 1705 veterum,
480 1675 544 1711 quo
565 1672 597 1699 te
616 1665 845 1709 venerantia,
872 1665 931 1702 vel
952 1663 1134 1715 quae,vel

86 1724 233 1761 quoque.
254 1711 323 1748 Sed
346 1712 538 1757 meliores,
566 1726 664 1761 quae.
722 1715 905 1760 Nonnulli
933 1718 1045 1753 etiam
1066 1728 1133 1765 pro

90 1775 132 1798 ne
147 1789 155 1804 ‚
181 1775 272 1798 nunc
292 1761 512 1810 agnoscunt,
541 1763 578 1800 ὃ(
597 1763 893 1812 sequentiversu‚
925 1766 1056 1803 Indicio
1067 1779 1132 1815 pro

83 1812 226 1861 judicio.
258 1813 295 1849 ὅ(
311 1811 441 1861 possunt
469 1825 536 1861 pro
561 1812 694 1863 poffint.
734 1815 804 1853 Sed
834 1825 969 1865 quote
991 1826 1131 1864 vertas,

88 1864 218 1899 omnia
235 1862 445 1901 subobscura
464 1864 556 1902 sunt.
583 1866 710 1913 Quare
732 1867 769 1903 δε
788 1867 863 1905 hoc
881 1866 1060 1905 distichon
1075 1870 1131 1906 in-

86 1920 142 1950 ter
164 1913 278 1961 spuria
313 1923 537 1952 numeretur.
577 1917 721 1953 Heius.
774 1917 932 1956 Pronior
957 1918 1131 1958 Heinsius

86 1964 156 2051 {init
175 1965 211 2002 in
232 1962 391 2003 delendis
413 1966 596 2012 versibus,
624 1969 687 2017 qui
708 1967 958 2008 offendebant.
983 1981 1054 2019 ego
1076 1982 1131 2009 re-

116 2025 263 2062 ngerern
281 2028 289 2052 :

140 2079 315 2117 Carmina
334 2079 375 2117 de
390 2079 512 2128 nostris
530 2094 660 2132 quoque
681 2093 713 2120 te
732 2083 941 2121 venerantia
960 2084 1057 2124 libris

191 2131 322 2167 Indicio
333 2132 458 2180 poffent
478 2133 674 2170 candidiore
692 2134 768 2183 legi.

89 2193 221 2245 'quoque
238 2193 286 2231 est
305 2193 341 2230 in
362 2195 478 2241 prima
500 2195 663 2234 editione
690 2198 730 2235 ὃς
756 2197 867 2236 tribus
892 2198 1028 2248 scriptis
1047 2229 1058 2246 ,
1095 2203 1134 2241 &

91 2244 262 2294 plurimi,
289 2257 354 2293 quo
375 2254 407 2280 te
427 2245 572 2283 habent.
591 2247 717 2285 Indicio
739 2260 871 2286 omnes
894 2251 968 2287 fere
989 2252 1134 2291 liabent.

90 2295 206 2334 sensus
225 2303 349 2332 autem
382 2295 450 2340 est,
481 2296 575 2334 ferus
605 2299 664 2336 ille
695 2327 704 2344 ,
740 2300 803 2348 qui
829 2300 892 2338 tibi
921 2301 1134 2350 legitlibros

92 2346 174 2384 artis
192 2346 390 2382 amatoriae
404 2373 414 2390 ,
444 2348 480 2384 ὃς
509 2349 687 2396 excerpsit
706 2362 770 2395 ea,
795 2362 891 2399 quae
911 2359 947 2388 te
967 2351 1134 2392 offende-

93 2407 132 2434 re
152 2394 306 2444 pofl‘ent.
334 2395 530 2443 potuissent
551 2400 763 2437 candidiore
785 2401 922 2438 inditio
944 2413 985 2438 ea
1005 2406 1135 2442 carini-

92 2458 140 2484 na
160 2447 232 2494 legi
260 2445 319 2493 (id
339 2446 388 2483 est
417 2446 526 2495 eligi,
554 2457 594 2485 ut
626 2451 941 2498 praelegerentur)
969 2452 1016 2490 de
1041 2454 1136 2493 libris

93 2497 221 2534 nostris
236 2523 259 2539 ,,
274 2507 368 2543 quae
395 2505 431 2533 te
466 2508 699 2537 venerantur.
719 2514 758 2536 ne
779 2502 901 2547 nostris
921 2513 964 2540 ω’
982 2514 1014 2540 te
1034 2519 1136 2542 vene-

94 2547 213 2584 rantia
241 2546 390 2594 quidam
420 2547 519 2585 editi.
547 2547 664 2596 poffet
683 2552 746 2596 &‚
775 2552 950 2589 Carmina
979 2567 1043 2591 nae
1074 2569 1133 2593 no-

90 2597 175 2646 [tris
195 2598 266 2634 ἃς.
296 2596 424 2633 Burtm.
1028 2610 1032 2614 ·

146 2660 204 2698 82.
234 2661 298 2698 Vix
317 2662 437 2713 tuna]
468 2662 532 2700 Vix
555 2676 647 2701 nunc
663 2665 798 2704 Bersin.
821 2669 905 2707 cod.

146 2725 205 2770 84.
237 2733 274 2762 In
288 2727 540 2776 proclinatas.]
580 2735 620 2766 In
635 2731 865 2780 praeclinatas
878 2734 1077 2778 Leidenfis.
1097 2736 1135 2773 in

96 2776 284 2865 {eclinatsss
301 2791 398 2816 omne
413 2779 567 2829 pependit
588 2781 660 2818 Ms.
681 2782 1012 2823 Bersm.declinatas
1022 2788 1132 2825 etiam

129 2839 237 2865 erncn
256 2857 264 2866 .

149 2887 208 2936 85.
236 2893 439 2942 CunHaque
448 2893 598 2939 fortuna
619 2893 748 2930 rimam
760 2895 913 2941 faciente
932 2898 1133 2947 dehiJZu71t5

99 2938 172 2986 Ipsa
189 2941 248 2984 [uo
268 2943 438 2990 quaedam
453 2944 597 2991 pondere
614 2947 728 2981 traeia
749 2947 889 2997 ruunt.]
913 2948 971 2988 Sic
988 2951 1025 2988 in
1039 2951 1138 2989 Maf-

98 2989 159 3026 fei.
189 2989 229 3026 In
249 3003 325 3029 uno
346 2993 512 3030 Vatican.

151 3051 224 3101 Ipsa
236 3053 297 3103 suo
317 3053 493 3103 quondam
511 3057 660 3105 pondera
680 3063 796 3098 traHa
823 3073 944 3103 ruunt.

104 3128 174 3166 Sed
194 3130 280 3169 illud
309 3145 331 3168 a
360 3133 397 3170 in
431 3135 544 3173 verbo
559 3138 710 3186 pondera
740 3152 866 3180 recens
890 3143 939 3180 est
965 3172 975 3188 ,
1011 3146 1050 3184 ὅτ
1069 3147 1141 3185 alio

103 3186 317 3266 ἓῖιξξὲῃεηῑο.
345 3184 446 3234 Lege
465 3186 589 3236 itaque
612 3190 691 3235 vel,
719 3200 759 3229 ut
778 3192 824 3230 est
845 3194 882 3230 in
903 3197 1041 3236 excufis
1060 3199 1141 3247 qui-

197 3241 254 3268 am
269 3259 280 3276 ,

155 3293 228 3340 Ipsa
239 3293 301 3342 suo
320 3297 494 3347 quondam
507 3302 653 3351 pondere
672 3307 787 3343 tram
807 3317 928 3350 ruunt.

2150 1311 2229 1364 At

1186 1448 1378 1497 §Quondam
1401 1447 1514 1486 ποτὲ·
1543 1447 1645 1494 fere,
1671 1455 1713 1486 ut
1741 1447 1954 1497 plurimum.
1980 1446 2087 1495 Virg.
2104 1445 2166 1485 sub
2184 1445 2229 1493 fij

1186 1511 1274 1538 nem
1294 1500 1372 1538 Ecl.
1390 1510 1444 1538 vr.

1239 1563 1369 1600 Omnia
1389 1576 1476 1612 quae
1499 1562 1627 1600 Phoebo
1641 1563 1816 1614 quondam
1829 1563 2022 1601 meditante
2035 1591 2045 1608 ,
2057 1562 2179 1612 beatu}

1240 1614 1372 1651 Audiit
1394 1619 1542 1651 Eurotas
1555 1641 1566 1660 ,
1588 1614 1748 1665 juſjitque
1768 1615 1905 1665 ediscere
1924 1615 2051 1653 lauros.

1189 1677 1276 1717 Lib.
1301 1690 1366 1717 111.
1392 1680 1530 1729 Georg-

1239 1747 1284 1781 Ut
1303 1747 1480 1792 quondam
1499 1747 1538 1783 in
1548 1747 1685 1796 stipulis
1704 1760 1849 1798 magnus
1861 1745 1936 1798 sine
1956 1746 2092 1785 viribus
2109 1743 2197 1795 ignis.
2230 1787 2232 1791 y

1244 1798 1412 1846 Incassum
1426 1798 1534 1844 furit.

1186 1857 1224 1896 &
1246 1871 1301 1897 ιν.

1242 1910 1399 1960 Frigidus
1416 1920 1458 1948 ut
1479 1911 1655 1963 quondam
1667 1911 1773 1961 filvis
1791 1912 2046 1950 immurmurat
2057 1910 2199 1959 Anam*

1185 1962 1233 2001 Et
1252 1974 1297 2002 11.
1318 1964 1471 2005 AEneid.
1491 1968 1536 2006 de
1558 1971 1748 2010 Hectore:

1543 2044 1584 2071 ut
1605 2035 1783 2086 quondam
1801 2046 1940 2087 aterque
1956 2046 2095 2075 cruento

1245 2079 1392 2118 Pulvere
1405 2109 1416 2127 ‚
1437 2091 1565 2133 perque
1580 2086 1675 2134 pedes
1701 2089 1863 2136 trajee‘t‘us
1880 2090 1952 2125 tora
1973 2092 2158 2127 tumentes}

1191 2136 1333 2181 Ibidem
1349 2156 1357 2181 :

1242 2207 1432 2254 Qondam
1462 2207 1569 2246 etiam
1600 2210 1705 2248 vietis
1741 2212 1830 2250 redit
1865 2213 1903 2250 in
1928 2215 2126 2266 praecordia
2155 2207 2232 2254 vir:¹

1369 2270 1448 2295 tus:

1243 2308 1449 2358 Vibioresque
1469 2310 1600 2348 cadunt
1622 2314 1755 2353 Danai.

1190 2371 1226 2409 Si
1247 2375 1311 2422 qui
1334 2384 1439 2413 erunt
1453 2378 1603 2425 ‚quibus
1623 2378 1732 2416 altera
1754 2380 1811 2418 illa
1831 2382 2230 2432 leffiomagisplacear,

1190 2428 1262 2471 Ipsa
1276 2426 1338 2473 suo
1366 2427 1537 2474 quaedam
1556 2430 1698 2476 pondere
1720 2434 1833 2467 traHa
1857 2444 1967 2469 ruunt
1988 2449 1997 2476 ;
2025 2437 2071 2470 ita
2106 2435 2229 2473 distin-

1188 2483 1301 2522 guant
1338 2478 1377 2513 ὅς
1406 2477 1606 2515 ordinent:
1644 2481 1837 2526 Quaedam
1871 2492 1979 2519 ruunt
2020 2485 2130 2522 tritta
2162 2486 2228 2524 suo

1190 2525 1364 2571 pondere.
1404 2528 1512 2574 Quae
1532 2529 1712 2566 diitinetio
1732 2533 1903 2579 probatur
1927 2534 2117 2571 clarissimo
2141 2537 2231 2573 Mu-

1190 2582 1270 2611 reto
1285 2603 1294 2618 ,
1324 2577 1362 2613 ὅς
1385 2579 1464 2614 viro
1486 2578 1711 2617 disertiffimo
1732 2583 1769 2618 &
1791 2583 1883 2618 inter
1896 2582 1974 2620 suos
1994 2586 2231 2632 nobilissimo,

1191 2627 1364 2664 Antonio
1384 2628 1520 2665 Carolo
1543 2630 1729 2677 Aquilano
1745 2659 1753 2674 ‚
1783 2633 1818 2668 &
1841 2633 2038 2670 Ambrosio
2066 2637 2131 2673 Pio
2152 2637 2234 2675 Sul-

1192 2677 1385 2721 monensi,
1408 2679 1537 2726 juveni
1566 2690 1641 2728 opt.
1672 2681 1839 2718 Cum-w.
1889 2686 2078 2731 {onndam
2098 2688 2233 2726 melio·

1192 2739 1258 2764 res.
1286 2728 1330 2765 de
1351 2740 1427 2777 quo
1448 2730 1532 2766 vide
1556 2740 1658 2768 notas
1677 2732 1719 2767 ad
1741 2733 1850 2781 Epist.
1875 2746 1971 2771 xxii.
1991 2736 2043 2777 ys.
2060 2738 2233 2782 71.dein-

1192 2778 1238 2815 de
1257 2781 1345 2815 reela
1365 2779 1423 2817 sex
1441 2780 1517 2817 libri
1535 2809 1544 2825 ,
1570 2782 1671 2828 quod
1691 2782 1831 2831 sequor.
1860 2785 1920 2821 etsi
1935 2814 1944 2829 ‚
1958 2786 2032 2824 hoc
2052 2788 2234 2828 distichon

1193 2830 1301 2866 etiam
1327 2829 1367 2866 fit
1390 2842 1435 2867 ex
1462 2830 1627 2878 suspeetis
1651 2860 1661 2877 ,
1698 2834 1799 2881 quod
1829 2835 1983 2875 versibus
2013 2838 2154 2877 duobus
2177 2840 2234 2878 su-

1194 2880 1395 2926 perioribus
1410 2881 1487 2928 jam
1510 2881 1551 2919 sit
1572 2884 1785 2930 complexus
1805 2897 1844 2922 ea
1868 2914 1877 2929 ,
1905 2899 1999 2935 quae
2019 2890 2092 2926 hoc
2113 2893 2234 2928 conti·

1194 2938 1338 2966 nentur.
1368 2932 1510 2978 vulgata
1539 2932 1708 2981 scriptura
1735 2947 1780 2973 ex
1809 2937 1874 2974 illis
1905 2938 2030 2977 Severi
2058 2942 2094 2978 in
2116 2940 2232 2979 AEtna

1194 2980 1342 3017 defendi
1364 2982 1502 3028 potest:

1245 3044 1403 3092 Effamat
1425 3046 1546 3092 moles,
1574 3058 1678 3099 atque
1694 3050 1758 3100 ipfh
1774 3053 1917 3101 pondere
1934 3058 2048 3093 traHa

1247 3095 1409 3132 Volvitur
1425 3097 1555 3146 ingenti
1565 3100 1720 3147 strepitu.

1196 3159 1340 3197 Herus.
1374 3166 1493 3199 Strata
1518 3177 1627 3202 ruunt
1656 3166 1822 3206 Bernens.
1852 3171 1890 3207 &
1918 3180 1986 3209 tres
2017 3173 2084 3210 alii.
2114 3176 2235 3220 sraffa

1196 3210 1284 3247 duo.
1303 3213 1397 3248 taeta
1409 3214 1578 3252 totidem.
1592 3229 1662 3265 ego
1682 3220 1827 3257 mallem
1842 3223 1966 3269 ‚pressa
1979 3225 2039 3269 suo
2061 3224 2235 3271 quondam

1193 3261 1336 3309 pondere
1367 3266 1455 3300 reeta
1477 3277 1600 3304 ruunt.
1629 3270 1675 3305 ita
1703 3269 1771 3318 ipsa
1799 3272 1836 3307 δε
1864 3275 1967 3319 preffa
1987 3275 2115 3310 librarii
2146 3285 2237 3310 con-

1196 3311 1486 3401 fuderuntsinfr.
1520 3317 1581 3356 lib.
1610 3330 1645 3356 v.
1684 3320 1785 3368 Elcg.
1815 3333 1866 3359 ix,
1898 3333 1955 3369 30.
1985 3323 2108 3359 Hcins.
2144 3323 2234 3359 olim

1411 3375 1451 3403 ss
1481 3377 1500 3402 2
2154 3384 2244 3409 con·
