2495 3675
235 177 338 250 814
713 170 1277 236 P.OV1D11

1351 139 1884 233 NAsonis

927 372 1528 451 ErrsToL'A
1622 379 1694 447 11.

657 539 866 616 *o
1036 538 1120 616 o
1289 501 1622 618 T'T
1795 532 1927 615 Α.

578 768 582 772 -
651 729 787 789 Uam
814 736 948 808 legis
972 737 1000 792 a
1031 736 1184 793 nobis
1209 732 1412 792 miffam
1438 732 1563 799 tibi,
1598 733 1792 796 Cotta,
1830 729 2084 795 salutem,

536 739 671 879 Q
726 807 884 869 Mifla
910 809 970 865 fit
997 823 1054 864 ut
1080 827 1241 873 vere,
1277 807 1693 880 perveniatque,
1730 821 1940 877 precor.

535 881 785 953 Namque
809 882 940 937 meis
966 882 1137 952 sospes
1163 884 1393 937 multum
1418 876 1939 960 cruciatibus-aufers
1958 899 1978 940 ς

609 953 794 1026 thue
820 955 879 1009 fit
905 957 935 1008 e
966 956 1120 1009 nobis
1143 972 1264 1027 pars
1291 953 1431 1008 bona
1453 953 1586 1008 salva
1603 991 1620 1017 ,
1662 951 1806 1006 sams.

425 1043 458 1096 5
535 1027 794 1100 Cumque.
817 1027 994 1083 labent
1024 1028 1137 1092 alii,
1172 1026 1469 1098 jactataque
1495 1026 1611 1080 vela
1636 1024 1937 1097 relinquant
1954 1043 1976 1086 ς

613 1100 709 1155 Tu
735 1102 937 1156 lacerae
962 1118 1202 1156 remanes
1228 1117 1424 1155 ancora
1449 1098 1554 1152 sola
1582 1097 1698 1152 rati.

540 1174 711 1229 Grata
739 1187 826 1229 tua
855 1174 929 1228 est
956 1174 1118 1246 igitur
1140 1174 1324 1246 pietas,
1362 1170 1686 1242 ignoscimus
1710 1169 1839 1233 illis,

615 1247 728 1320 Qui
753 1265 878 1302 cum
907 1246 1146 1316 Fortuna
1174 1258 1324 1317 terga
1348 1244 1554 1310 dedere
1579 1241 1756 1315 fugae.

541 1319 685 1376 Cum
716 1320 907 1375 feriant
935 1337 1131 1383 unum,
1169 1335 1280 1373 non
1305 1334 1473 1373 unum
1501 1316 1723 1371 fulmina
1748 1325 1983 1370 terrent:

394 1409 469 1450 1³0⁷

606 1392 904 1467 Junciaque
929 1392 1173 1462 percusso
1197 1390 1350 1446 turba
1375 1406 1570 1462 pavere
1596 1388 1744 1444 sol'et.

541 1464 798 1537 Cumque
823 1466 975 1521 dedit
999 1466 1166 1538 paries
1191 1476 1446 1520 venturae
1472 1461 1614 1533 signa
1640 1461 1857 1526 ruinae,

619 1538 862 1595 Sollicito
887 1556 1084 1596 vacuus
1108 1538 1167 1594 fit
1191 1538 1342 1594 locus
1364 1536 1453 1592 ille
1478 1547 1651 1591 metu..

303 1801 336 1825 *⁴
356 1800 564 1854 Corma]
592 1802 728 1842 Cottae
750 1801 947 1844 Messalino
967 1804 1026 1843 M.
1045 1803 1186 1843 Valerii
1208 1803 1310 1843 Mes·

254 1852 361 1892 sallae
392 1854 548 1893 Corvini
572 1883 583 1900 ‚
619 1855 786 1894 Oratoris
810 1855 903 1892 illius
924 1855 1082 1898 summi„
1112 1855 1215 1899 filio,
1244 1857 1310 1905 qui

255 1904 458 1953 adoptione
480 1905 517 1943 in
548 1905 739 1944 Aureliam
763 1914 914 1955 gentem
945 1905 1178 1949 transiverat,
1209 1906 1308 1944 unde

256 1955 297 1992 ὃς
317 1956 453 1993 Cottae
477 1967 691 2005 cognomen
714 1956 777 1995 fibi
799 1955 962 1994 adscivit.
1008 1955 1222 1995 scholiastes
1243 1968 1308 1994 ve-

255 2013 314 2044 tus
335 2005 442 2043 Persii
466 2006 592 2055 Satyra
614 2007 770 2045 secunda
800 2007 844 2044 ad
873 2007 976 2045 illurn
997 2007 1149 2050 locum,
1180 2008 1306 2055 Magni

256 2055 436 2105 Messallae
454 2056 543 2106 lippa
558 2067 699 2107 propago
715 2085 726 2101 ,
753 2058 845 2095 haec
864 2066 970 2096 notat
991 2057 1037 2096 de
1051 2057 1191 2096 Nostro
1203 2058 1301 2096 hoc:

257 2110 403 2143 Cottam
436 2108 671 2156 Meffallinum
702 2107 788 2146 dicit
816 2136 826 2153 ‚
851 2107 913 2156 qui
938 2119 1015 2146 tam
1036 2108 1176 2157 vitiosos
1195 2109 1305 2146 oculos

257 2156 298 2194 in
316 2157 491 2205 fieneblute
511 2158 659 2204 hahuit,
687 2169 726 2196 ut
750 2158 930 2209 palpebrae
955 2160 1026 2207 ejus
1045 2159 1087 2197 inv
1103 2160 1305 2198 exteriorem

255 2216 393 2256 partem
425 2219 656 2247 verterentur.
713 2210 795 2247 Fuit
816 2210 909 2246 enim
938 2222 982 2250 φ’
1015 2209 1139 2248 multis
1169 2211 1307 2249 deditus

258 2259 373 2297 vitiis.
403 2259 468 2296 Hic
483 2259 529 2296 ab
550 2259 696 2297 Aurelio
724 2266 831 2298 Cotta
851 2261 1037 2310 adoptatus
1060 2267 1204 2299 Marcus
1225 2267 1308 2302 Au-

262 2309 366 2346 relius
390 2311 573 2347 Maximus
592 2311 794 2356 dicebatur,
823 2311 988 2362 originem
1003 2312 1145 2350 trahens
1167 2311 1212 2349 ab
1225 2317 1308 2350 Au·

262 2359 344 2397 relio
361 2361 475 2409 ·(lege
495 2361 653 2410 Valerio)
684 2361 843 2412 Meffalla
864 2390 873 2406 ,
903 2363 964 2411 qui
983 2362 1108 2412 septies
1131 2363 1208 2410 fuit
1230 2377 1310 2401 con-

257 2411 327 2460 sul.
356 2411 416 2462 qui
440 2425 516 2448 cum
540 2426 561 2448 a
592 2412 742 2463 quodam
770 2412 950 2452 Galload
972 2413 1249 2451 monomachiam
1269 2415 1310 2452 in

261 2462 392 2510 praelio
415 2474 616 2507 vocaretur,
647 2478 770 2501 corvus
784 2466 885 2513 super
902 2464 1041 2514 galeam
1064 2466 1104 2502 in
1123 2465 1229 2514 capite
1241 2466 1312 2511 eius

260 2513 371 2560 sedit,
403 2524 447 2553 29·
476 2514 568 2551 violo
597 2515 683 2555 hoste
710 2516 889 2552 Corvinus
923 2526 1066 2552 vocatus
1087 2516 1144 2564 est.
1184 2517 1311 2554 Locus

264 2561 471 2613 singularis:
500 2577 546 2603 ex
577 2577 653 2614 quo
684 2565 856 2604 discimus
882 2572 1026 2604 Cottam
1049 2566 1312 2617 Meffallinum,

266 2615 306 2651 δε
331 2615 538 2652 Maximum
558 2622 703 2653 Cottam
733 2617 885 2655 eosdem
909 2615 992 2655 effe.
1047 2619 1143 2655 Nam
1169 2629 1313 2667 cogno-

268 2676 356 2703 men
380 2666 541 2703 Maximi
569 2668 740 2706 Valeriae
760 2669 861 2716 genti
886 2679 972 2706 cum
1004 2668 1112 2706 Fabia
1138 2680 1311 2707 commu-

270 2725 343 2759 ne,
373 2728 456 2754 cum
487 2718 525 2755 ὅτ
555 2717 603 2756 illi
625 2746 636 2764 ‚
671 2719 736 2768 qui
764 2719 913 2756 Corvini
935 2730 1150 2768 cognomen
1173 2720 1312 2768 primus

271 2765 412 2804 virtutis
437 2779 525 2817 ergo
557 2768 606 2806 eft
627 2769 803 2817 adeptus,
832 2769 965 2807 Valerio
989 2770 1152 2807 Maximo
1168 2781 1312 2808 nornen

271 2815 395 2855 fuerit.
424 2817 469 2855 de
498 2830 576 2867 quo
605 2828 744 2868 praeter
772 2820 979 2858 Historicos
1009 2820 1150 2859 Gellius
1181 2821 1316 2860 lib.1x.

272 2878 350 2916 cap,
375 2880 432 2906 ιι.
467 2869 582 2907 Hunc
614 2871 765 2909 Cottam
792 2869 1038 2909 Meffallinum
1062 2883 1141 2909 non
1173 2872 1217 2909 ab
1238 2872 1323 2910 elo--

272 2921 446 2964 quentiae
470 2920 710 2970 oratorioque
729 2921 845 2958 solum
870 2922 990 2959 studio
1006 2950 1014 2965 ‚
1042 2921 1144 2960 sed‘ii
1170 2922 1318 2971 poefios

273 2970 490 3015 cognitione
517 2971 652 3010 Noster
690 2972 890 3019 plurimum
923 2973 1166 3012 commendat
1193 2974 1320 3022 Elegia

275 3020 401 3067 quinta
421 3021 527 3070 hujus
546 3022 649 3067 libri,
678 3024 716 3060 δε
737 3023 816 3060 libri
839 3026 957 3073 quarti
979 3025 1105 3072 Elegia
1125 3024 1320 3073 postrema.

275 3069 377 3107 hunc
396 3071 505 3108 etiam
528 3073 726 3121 compellat
754 3073 880 3123 Elegia
908 3074 1040 3112 octava
1061 3074 1140 3112 libri
1160 3075 1324 3114 secundi.

276 3121 378 3158 Nam
402 3120 626 3161 iflesslillinus
651 3152 660 3167 ‚
698 3136 810 3173 quem
835 3125 959 3174 Elegia
980 3125 1131 3173 septima
1153 3126 1231 3163 libri
1254 3127 1326 3173 pri-

277 3171 357 3214 mi,
381 3171 424 3208 ἃ
452 3172 544 3210 libro
568 3174 726 3212 secundo
744 3203 753 3219 ‚
782 3175 909 3223 Elegia
930 3174 1085 3213 secunda
1110 3176 1326 3225 alloquitur,

279 3221 418 3259 Cottae
438 3223 545 3271 hujus
566 3224 673 3261 frater
693 3237 888 3273 germanus
911 3225 970 3262 est.
998 3237 1112 3275 quem
1139 3226 1326 3264 Theodo-

279 3284 339 3311 rus
363 3273 550 3311 Marcilius
577 3273 623 3311 ad
649 3274 809 3312 Persium
832 3303 841 3318 ‚
881 3276 1025 3324 prolato
1051 3276 1188 3314 Dionis
1212 3277 1324 3323 loco,

281 3334 368 3374 §ium
394 3324 507 3365 Cotta
526 3325 634 3378 fratre
654 3325 848 3366 confundit
864 3337 1068 3377 perperam.
1096 3327 1252 3369 Videtur
1271 3335 1324 3376 ta2

2269 1655 2408 1730 Quis
2484 1631 2495 1707 s

1362 1812 1453 1840 men
1491 1798 1634 1839 Persius
1667 1809 1798 1849 parum
1841 1793 2050 1836 honorifice
2088 1791 2264 1843 senfiffe,
2319 1808 2408 1837 cum
2488 1803 2495 1810 ·

1360 1855 1412 1891 ait
1427 1866 1436 1890 z

1413 1902 1514 1953 §Quin
1545 1901 1672 1938 damus
1701 1899 1764 1938 hoc
1789 1898 1920 1950 superis
1938 1925 1950 1945 ,
1986 1898 2028 1936 de
2057 1910 2189 1948 magna
2207 1896 2299 1949 quod
2326 1896 2414 1936 dare
2491 1955 2493 1958 .

1414 2010 1497 2042 Non
1512 1952 1747 2052 pgfficinagni
1767 2000 1942 2052 Meffallae
1958 1999 2048 2050 lippa
2064 2008 2235 2050 propago?

1417 2053 1651 2104 compositum
1667 2055 1727 2103 jus
1737 2054 1868 2105 fasque
1885 2052 2004 2090 animo
2018 2079 2029 2096 ,
2056 2052 2258 2101 sanctosque
2276 2051 2415 2102 receffus-

1414 2106 1549 2144 Mentis
1562 2132 1573 2150 ,
1599 2114 1643 2144 <9¹
1660 2105 1831 2142 incerum
1847 2101 2000 2153 generoso
2017 2104 2133 2153 peblus
2153 2102 2298 2204 honffl.

1361 2165 1408 2204 de
1429 2167 1504 2206 hoc
1524 2166 1637 2205 Cotta
1661 2166 1805 2205 videtur
1826 2166 2014 2213 Juvenalis
2036 2164 2226 2214 intelligen
2280 2164 2413 2214 sSaty÷

1360 2217 1571 2266 rafseptima
1585 2245 1595 2263 ‚
1615 2217 1678 2255 ubi
1697 2217 1743 2256 de
1760 2218 1924 2266 patronis
1943 2219 2141 2267 poetarum
2163 2216 2260 2265 agit:

1414 2283 1507 2332 Qis
1532 2282 1597 2322 tibi
1631 2289 1816 2321 Maecenas
1831 2297 1844 2328 3
1882 2284 1959 2334 quis
1986 2293 2080 2320 nunc
2103 2282 2168 2320 erit
2194 2290 2261 2320 aut
2285 2285 2415 2327 Proca-f
2483 2301 2493 2312 ·

1505 2358 1520 2370 s
1546 2333 1629 2372 leius
1641 2343 1656 2373 ἓ

1418 2383 1511 2434 Qis
1537 2383 1693 2473 Falbius?
1721 2386 1799 2436 quis
1826 2391 1934 2424 Cotta
1961 2384 2119 2424 iterum?
2146 2382 2224 2434 quis
2245 2383 2416 2423 Lentulus

1547 2449 1568 2473 a
1587 2447 1638 2474 ter
1651 2445 1668 2476 ἒ

1368 2511 1433 2550 per
1453 2499 1605 2539 Fabium
1624 2500 1789 2550 intelligo
1810 2499 1964 2540 Fabium
1988 2498 2417 2539 MaximumNasonitoe

1367 2561 1408 2590 to
1427 2552 1503 2590 hoc
1521 2564 1635 2599 opere
1654 2553 1760 2591 valde
1781 2551 2104 2590 commendatum.
2130 2550 2246 2588 Porro
2259 2551 2414 2590 Cottam

1367 2602 1467 2640 hunc
1489 2603 1592 2641 fuisse
1610 2603 1777 2651 gulosum
1793 2632 1803 2649 ,
1818 2615 1861 2640 ex
1876 2603 1983 2640 Plinii
1995 2602 2088 2640 libro
2109 2615 2149 2640 x.
2171 2612 2249 2649 cap.
2269 2611 2329 2640 20.
2353 2612 2416 2650 pa-

1367 2661 1446 2697 tet,
1475 2654 1536 2691 ubi
1559 2654 1675 2702 agitur
1705 2653 1750 2692 de
1779 2653 1988 2692 anseribus:
2025 2652 2114 2696 Sed,
2141 2652 2233 2700 quod
2265 2652 2415 2698 constat,

1369 2703 1586 2752 Messallinus
1607 2710 1714 2742 Cotta
1727 2731 1738 2749 ‚
1768 2703 1946 2753 Messallae
1962 2704 2121 2740 oratoris
2133 2701 2254 2749 filius,
2275 2703 2423 2750 palmas⁴
2478 2719 2491 2732 ⁶

1365 2756 1490 2803 pedum
1512 2768 1553 2791 ex
1576 2754 1630 2792 his
1649 2765 1795 2800 torrere,
1824 2765 1930 2805 atque
1946 2753 2079 2802 patinis
2099 2765 2176 2792 cum
2203 2752 2417 2803 gallmaceo-

1370 2818 1452 2843 rum
1471 2805 1575 2852 cristis
1594 2806 1730 2844 condire
1745 2807 1898 2857 repperit.
1924 2805 2072 2844 HEms.

1428 2879 1460 2905 1·.
1488 2867 1650 2918 Qum]
1683 2868 1921 2917 QuiPutean.
1941 2866 2184 2914 CotaJunian.
2211 2865 2415 2904 cote-Leidi

1374 2919 1440 2969 qui
1463 2919 1550 2956 &in
1571 2919 1715 2963 fronte,
1743 2918 1792 2955 ad
1808 2924 1948 2956 Cotum.

1426 2979 1463 3018 4.
1491 2974 1614 3013 Atque
1625 2969 1671 3018 fit
1687 2979 1728 3006 ut
1749 2968 1882 3019 nobis.]
1908 2972 1939 3004 T
1945 2969 1962 3006 ὸ
1982 2979 2022 3006 ut
2043 2968 2180 3007 Sarrav.
2200 2977 2278 3005 non
2301 2977 2427 3015 agno-⁷

1376 3020 1453 3058 scit.
1474 3016 1626 3068 Ai‘g'ent.
1651 3021 1688 3059 δε
1720 3020 1780 3058 sex
1809 3020 1869 3058 alii
1900 3032 1946 3059 ex
1974 3020 2185 3058 melioribus
2210 3044 2221 3062 ‚
2249 3016 2419 3068 thuefit

1377 3071 1415 3109 in
1437 3071 1543 3107 nobis.
1565 3071 1691 3119 Lege,
1895 3111 1901 3118 ,

1433 3127 1542 3170 thue
1552 3120 1602 3170 fit
1624 3124 1640 3158 ὲ
1658 3121 1756 3159 nobis
1772 3130 1852 3171 pars
1872 3119 2082 3167 bona-salva
2092 3119 2199 3165 facis.

1382 3173 1529 3211 Huius.
1558 3174 1728 3211 Francof.
1746 3170 1925 3221 Atquefit
1946 3180 1986 3206 ut
2007 3169 2110 3217 nostri
2131 3179 2211 3219 pars
2231 3168 2320 3206 bona
2344 3167 2431 3217 sal:

1381 3237 1432 3260 va
1448 3251 1458 3266 ,
1477 3223 1584 3270 sacis.
1604 3228 1726 3274 Atque
1738 3221 1785 3270 fit
1798 3221 1935 3265 22'nobis
1951 3221 2168 3258 Ms.·ssersin.
2182 3226 2304 3272 Atque
2321 3231 2359 3256 ut
2373 3217 2431 3269 fit:

1382 3274 1478 3312 nohis
1494 3275 1579 3321 Juu.
1607 3275 1716 3314 Leid.
1740 3274 1778 3311 ὃ(
1805 3271 1982 3311 tredecim
2006 3271 2076 3311 alii.
2102 3277 2225 3325 Atque
2244 3281 2284 3309 ut
2306 3271 2347 3307 de
2364 3284 2425 3307 no-

1380 3325 1439 3365 bis,
1454 3335 1559 3367 unua

2245 3382 2276 3422 ς,
2305 3370 2395 3410 Acii.
2406 3369 2425 3420 ]
