2495 3675
455 165 1096 232 TRISTIUM
1169 166 1537 228 L1n.1V.
1614 172 1896 238 Emex.

2136 187 2235 258 643

850 409 1391 475 ELEGIA
1488 411 1579 480 X.

419 568 520 624 Lle
545 584 678 642 ego,
714 564 810 640 qui
832 563 1057 626 fuerim,
1097 576 1407 621 tenerorum
1435 567 1576 623 lusor
1601 585 1877 633 amorum,

358 574 417 708 I
492 642 672 714 Quem
697 637 854 710 legiS,
893 650 952 692 ut
977 637 1150 701 ῃῶῑίε,
1187 640 1399 709 accipe,
1436 639 1734 697 Posteritas.

357 716 544 771 Sulmo
573 713 698 768 mihi
734 711 901 784 patria
927 708 1032 772 est,
1074 711 1262 781 gelidis
1287 711 1587 768 uberrimus
1614 716 1798 779 undiS,

396 813 400 816 ’
432 786 604 842 Millia
628 785 719 859 qui
743 784 928 840 novies
955 783 1108 837 distat
1133 784 1197 837 ab
1227 782 1375 839 Urbe
1402 784 1608 854 decem.

140 856 147 861 ”
218 876 247 927 5
359 860 553 917 Editus
579 859 667 913 hic
691 874 794 929 ego
818 858 965 910 sum:
1004 873 1248 919 necnon,
1288 870 1348 912 ut
1374 855 1616 930 temp‘ora
1640 863 1817 925 noris;

430 933 574 987 Cum
599 931 797 986 cecidit
823 929 934 982 fato
957 929 1160 984 Consul
1188 941 1416 1004 uterque
1444 933 1569 1005 pari.

361 1005 417 1061 Si
443 1004 575 1077 quid
622 1003 678 1058 id
707 1004 810 1067 est,
850 1020 1017 1075 usque
1045 1021 1072 1057 a
1098 1003 1306 1075 proavis
1331 1018 1483 1060 vetus
1506 1007 1709 1063 ordinis
1733 1007 1919 1072 here53

435 1078 565 1134 Non
592 1077 760 1132 modo
785 1076 1058 1133 Fortunae
1084 1092 1307 1133 munere
1330 1077 1494 1135 faetus
1517 1097 1695 1154 eques,

131 1344 166 1382 r.
193 1342 255 1381 Ille
276 1339 329 1393 ego
348 1339 410 1394 qui
420 1340 609 1391 fueram]
650 1341 786 1381 Fuerim
815 1341 922 1392 prim.
941 1341 1066 1380 Vatic.
1083 1339 1127 1380 &⁷

77 1399 147 1434 tres
167 1395 238 1433 alii.
266 1394 391 1444 probe.
420 1393 601 1442 Apulejus
623 1392 686 1431 lib.
708 1406 737 1431 ι,
758 1394 854 1432 Met.
878 1392 941 1432 Sed
963 1402 1003 1431 ut
1025 1391 1126 1442 prius

75 1446 198 1494 mritis
218 1446 280 1497 qui
290 1445 360 1495 fim
376 1473 386 1490 ,
413 1456 456 1485 ω’
477 1444 611 1495 cujatis.
640 1444 755 1483 Catal.
776 1445 964 1494 Pithoeip.
981 1454 1064 1491 117.

78 1530 176 1617 HEt
198 1535 238 1564 tu
259 1539 346 1576 quae
360 1526 489 1573 fuerim
503 1554 513 1571 ,
534 1524 569 1575 fi
585 1524 707 1576 noffes,
734 1522 880 1562 candide
899 1523 1014 1562 lector.

124 1590 228 1616 ems.

132 1654 166 1692 3.
196 1642 311 1680 Sulmo
337 1643 426 1681 mihi
448 1642 567 1692 patria
589 1640 672 1691 est.]
702 1642 771 1680 His
789 1649 948 1691 quatuor
967 1639 1122 1680 vocibus

77 1694 344 1742 compendiose
366 1706 432 1742 pro
445 1692 574 1742 insigni
586 1694 699 1730 utitur
711 1693 963 1742 Municipium
976 1703 1122 1736 meum,

77 1746 181 1794 quod
204 1757 304 1784 nunc
326 1747 596 1784 rnrreuonvm
625 1755 884 1782 mernopous
905 1742 966 1782 est.
993 1742 1048 1781 Ita
1067 1741 1124 1781 vi-

79 1795 227 1834 delicet.
259 1807 436 1836 ε.Μ.ῐ>.ε.
466 1796 635 1833 (ΣιοεΑΝ.

131 1873 166 1912 3.
193 1863 324 1901 Gelidis
342 1862 486 1913 undis.]
535 1861 590 1901 Ita
606 1862 807 1912 legendum
830 1861 849 1900 ὲ
867 1862 973 1901 bonis
995 1865 1124 1901 exem-⁴

75 1912 244 1962 plaribus.
269 1915 461 1953 Suetonius
484 1916 523 1953 in
549 1913 679 1953 Claud.
700 1913 873 1952 Claudiae
901 1926 1012 1964 aquae
1040 1914 1127 1963 geli-

78 1963 157 2010 dos,
187 1975 230 2005 (φ’
257 1966 370 2003 uberes
391 1967 511 2013 fontes
531 1993 543 2010 ,
581 1978 730 2016 quorum
760 1965 865 2003 alteri
887 1965 958 2005 δίε.
987 1965 1026 2004 &
1052 1964 1126 2015 ipse

77 2013 140 2054 lib.
157 2027 202 2054 11.
223 2016 432 2056 Fastorum:

81 2148 116 2186 C
129 2105 172 2137 In
193 2101 302 2140 medio
320 2102 449 2152 gelidae
459 2105 543 2150 som
562 2111 639 2141 erat
657 2100 753 2140 altus
770 2103 896 2152 aquae:

118 2160 254 2190 romu.

131 2228 165 2264 4.
196 2219 318 2257 Millia
337 2221 397 2270 qus·
418 2219 535 2257 novies
556 2218 661 2266 distat
689 2217 734 2254 ab
757 2216 838 2254 urbe
858 2214 1010 2266 decem]
1067 2215 1131 2255 Ci-

79 2277 165 2306 cero
187 2281 254 2318 pro
276 2272 457 2309 Caecina:
485 2273 584 2320 Qot
603 2267 718 2306 millia
740 2267 880 2315 fundus
903 2267 989 2315 suus
1011 2266 1129 2316 abeffet

77 2317 122 2355 ab
143 2320 234 2358 urbe.
262 2321 452 2371 Perspicue
475 2334 521 2360 ex
542 2319 722 2359 hocloco
747 2326 844 2367 patet
866 2317 1033 2356 breviora
1048 2318 1129 2356 mil-

77 2367 200 2415 liaria,
230 2383 341 2420 quam
363 2384 462 2411 nunc
482 2373 589 2415 sunt,
615 2371 817 2419 antiquitus
838 2367 953 2407 fuiffe.
980 2369 1128 2407 Sulmo-

78 2430 167 2458 nem
195 2424 295 2460 enim
326 2435 403 2461 non
435 2435 492 2461 xc.
529 2422 590 2460 sed
620 2421 682 2458 vix
710 2420 860 2458 tandem
894 2431 981 2458 Lxx.
1015 2420 1127 2458 millia

78 2470 244 2519 paffuum
285 2485 384 2512 nunc
415 2475 541 2511 Roma
561 2469 678 2509 abeffe
700 2499 710 2516 ,
747 2478 958 2519 opportune
988 2471 1049 2509 hic
1073 2473 1127 2509 in-

81 2521 279 2561 dicandum
303 2523 403 2562 duxi.
432 2522 679 2572 Cognoscitur
708 2522 817 2559 etiam
850 2532 893 2558 ex
914 2521 973 2559 lib.
995 2534 1022 2558 1.
1066 2522 1126 2560 De

83 2569 187 2610 Bello
201 2575 336 2620 Civili,
365 2573 568 2612 ubiCaesar
592 2572 811 2610 Sulmonem
837 2571 1006 2610 Corfinio
1037 2575 1126 2621 (cu-

75 2621 136 2672 jus
158 2625 271 2664 hodie
294 2628 354 2663 vix
377 2626 554 2662 minimae
575 2623 760 2672 supersunt
785 2624 1010 2671 parietinae>
1039 2636 1082 2662 vr
1097 2637 1126 2663 1.

79 2675 237 2714 millium
259 2677 453 2715 intervallo
472 2673 588 2713 abeffe
608 2675 677 2719 ait;
708 2686 793 2713 cum
815 2673 926 2711 hodie
949 2677 1008 2713 vix
1020 2677 1127 2725 quin-

79 2735 152 2774 que
167 2727 292 2764 distare
305 2737 443 2765 certum
460 2726 510 2764 sit.
541 2726 654 2775 ldque
665 2726 760 2774 apud
773 2726 996 2763 Ciceronem
1014 2728 1126 2765 etiarn

80 2779 324 2816 animadverti
347 2779 452 2815 facile
471 2777 608 2826 potest,
639 2778 701 2825 qui
726 2778 763 2814 in
786 2777 890 2814 Orat.
908 2789 974 2824 pro
996 2777 1026 2815 S.
1050 2778 1128 2815 Ro·

80 2825 154 2866 scio
178 2831 361 2867 Amerino
383 2829 509 2867 litteris
540 2827 767 2876 consignavit
791 2856 800 2872 ‚
831 2828 1020 2865 Ameriam
1049 2828 1128 2865 Ro-

83 2888 144 2916 ma
177 2880 235 2918 sex
266 2881 302 2918 ὅ(
339 2881 606 2930 quinquaginta
648 2879 760 2916 millia
796 2877 958 2925 passuum
991 2878 1129 2917 distare.

83 2929 198 2969 Nunc
228 2943 317 2970 vero
348 2944 459 2969 κιιν.
486 2929 603 2969 abesse
632 2930 801 2967 constat:
845 2929 946 2978 quod
975 2929 1127 2979 quidem

83 2979 152 3018 iter
167 2982 297 3020 aestate
318 2984 430 3020 unico
455 2983 528 3020 fere
550 2981 608 3019 die
641 2979 855 3025 conficitur,
885 2988 922 3018 ut
942 2992 1012 3029 ego
1028 3009 1037 3025 ,
1064 2980 1128 3030 qui

85 3030 122 3069 id
141 3032 255 3081 ipsum
277 3034 397 3072 dedita
418 3045 530 3082 opera
558 3032 602 3070 ab
629 3032 758 3069 incolis
778 3032 888 3080 petii,
917 3035 1049 3069 certior
1071 3033 1127 3070 fa·

86 3081 163 3120 ssus
181 3085 271 3123 sum.
299 3084 432 3122 Rursus
458 3084 686 3132 perspicuum
711 3082 750 3120 fit
769 3094 813 3120 ex
836 3094 899 3126 ea,
928 3095 1039 3132 quam
1061 3095 1129 3131 po-

85 3144 197 3178 nam,
225 3136 469 3185 antiquissima
502 3135 747 3183 inscriptione.
790 3134 899 3180 Juxta
921 3135 1100 3182 oppidum
1116 3162 1127 3178 ‚

86 3185 191 3234 quod
215 3188 419 3236 Arlularum
446 3187 578 3224 dicitnr
601 3214 612 3231 ,
652 3185 696 3224 ad
717 3186 862 3222 fontem
888 3213 897 3227 ‚
928 3197 1039 3234 quem
1064 3198 1132 3223 vo·

88 3243 173 3272 cant
193 3236 403 3275 Somnulam
422 3269 428 3277 .
461 3238 661 3277 secundum
690 3236 786 3274 viam
800 3236 983 3274 Valeriam
1002 3265 1011 3280 ‚
1040 3249 1133 3285 quae

85 3285 198 3322 etiam
218 3298 315 3324 nunc
339 3287 461 3328 visitur
480 3288 657 3339 lapidibus
679 3287 803 3336 strata,
834 3294 932 3327 extat
951 3286 1038 3337 lapis
1052 3289 1134 3339 mil-

88 3335 182 3377 liaris
199 3337 253 3376 his
276 3338 402 3389 verbis,

2100 1204 2223 1262 Nec
2272 1168 2274 1171 ἡ

1603 1342 1809 1383 XXXVIII

1539 1406 1644 1447 IMP.
1675 1409 1859 1447 NERVA

1438 1467 1646 1508 CAESAR
1675 1469 1962 1509 AVGVSTVS

1408 1532 1693 1573 PONTIFEX.
1723 1533 1978 1572 MAXIMVS

1538 1597 1859 1638 TRIBVNICIA

1404 1666 1747 1706 POTESTATE.
1776 1666 1888 1706 COS.
1916 1663 1989 1705 111.¹

1408 1726 1598 1765 PATER.
1627 1726 1866 1764 PATRIAE

1405 1792 1744 1832 FACIENDVM.
1776 1791 2040 1832 CVRAVIT.·

1181 1894 1300 1935 Distat
1321 1903 1447 1936 autem
1471 1896 1515 1935 ab
1535 1896 1624 1936 urbe
1638 1923 1649 1942 ,
1676 1904 1717 1935 ut
1739 1907 1840 1934 nunc
1859 1894 2010 1945 quidem
2031 1894 2125 1934 ratio
2146 1897 2232 1936 mil⁴

1181 1947 1371 1986 liariorum
1392 1949 1462 1994 est,
1492 1949 1634 1988 circiter
1656 1945 1821 1997 paffuum
1854 1946 2126 1996 duodetriginta
2145 1949 2229 1987 mil·

1182 1998 1243 2037 lia.
1277 2000 1403 2048 Quam
1426 1999 1702 2050 inscriptionem
1737 1997 1758 2035 a
1780 1998 1816 2036 se
1839 1999 2032 2037 inventam
2055 1998 2148 2037 mihi
2167 1999 2232 2038 de·

1184 2049 1238 2088 dit
1258 2049 1393 2089 acutiss.
1432 2052 1582 2100 ingenio
1605 2052 1660 2088 vir
1684 2077 1696 2095 ,
1734 2049 1772 2087 &
1800 2049 1987 2098 utriusque
2008 2049 2153 2098 linguae
2173 2051 2231 2088 in-

1184 2100 1488 2150 telligentiffimus
1509 2130 1520 2146 ‚
1559 2102 1598 2139 P.
1630 2099 1838 2138 Franciscus
1863 2099 2043 2145 Bencius,
2071 2101 2133 2150 qui
2151 2102 2231 2139 Ro·

1186 2162 1271 2189 mae
1290 2153 1326 2190 in
1339 2153 1532 2190 Societatis
1542 2151 1624 2200 Jesu
1638 2179 1649 2197 ,
1678 2152 1780 2200 cujus
1791 2150 1955 2188 sacerdos
1973 2149 2043 2196 est,
2071 2151 2230 2200 collegio

1187 2202 1424 2252 eloquentiae
1443 2211 1557 2241 artem
1571 2203 1715 2241 summa
1734 2213 1819 2240 cum
1839 2201 1947 2240 laude
1959 2200 2134 2240 sexennio
2147 2214 2229 2250 pro-

1187 2252 1318 2292 fitetur.
1358 2255 1495 2304 Neque
1525 2252 1696 2293 audiendi
1722 2251 1802 2291 sunt
1822 2254 1884 2302 qui
1907 2252 2126 2301 opinantur,
2154 2252 2230 2292 sive

1186 2304 1309 2353 potius
1335 2304 1568 2344 contendunt
1590 2334 1601 2351 ,
1646 2305 1771 2342 Roma
1803 2302 2020 2342 Sulmonem
2056 2314 2131 2340 non
2165 2314 2230 2351 per

1186 2355 1401 2400 Carseolos,
1429 2368 1471 2394 ac
1493 2356 1657 2400 Marsos,
1688 2363 1728 2394 ut
1758 2365 1858 2392 nunc
1878 2383 1888 2400 ,
1917 2355 2114 2403 antiquitus
2140 2365 2226 2401 pro·

1186 2406 1302 2444 feeos
1321 2406 1413 2451 effe;
1443 2407 1503 2445 sed
1526 2418 1590 2456 per
1619 2417 1701 2445 eam
1730 2407 1946 2454 regionem,
1974 2405 2154 2460 ubi-nunc
2173 2405 2229 2442 A·

1184 2457 1283 2507 quila
1302 2458 1375 2502 est;
1404 2458 1508 2508 quod
1532 2458 1614 2496 sane
1646 2458 1714 2495 iter
1735 2455 1866 2493 Ovidii
1891 2455 2090 2493 sententiae
2110 2465 2229 2504 aeque

1183 2509 1410 2557 respondeat·
1461 2509 1610 2547 Etenim
1646 2506 1804 2545 Ovidius
1832 2505 1906 2554 ipse
1933 2504 1969 2542 id
1997 2504 2124 2542 falsum
2155 2504 2227 2545 effe

1183 2568 1307 2607 aperte
1321 2559 1543 2598 demonstrat
1555 2588 1565 2605 ,
1593 2559 1657 2608 qui
1677 2556 1806 2596 aestate
1821 2568 1906 2594 curn
1929 2554 2146 2593 Sulmonem
2161 2568 2227 2605 pe·

1183 2619 1276 2648 teret
1297 2638 1306 2654 ‚
1342 2611 1376 2648 se
1400 2623 1462 2660 per
1484 2609 1674 2648 Carseolos
1697 2637 1708 2654 ,
1743 2608 1807 2657 qui
1834 2607 1914 2645 sunt
1939 2607 1976 2644 in
1998 2607 2058 2644 via
2078 2607 2225 2644 Valeria

1183 2661 1322 2707 (hodie
1339 2660 1368 2699 il
1392 2662 1496 2711 piano
1518 2661 1555 2698 di
1580 2660 1694 2698 Perito
1713 2688 1724 2705 ,
1762 2669 1805 2698 ω’
1824 2658 1908 2695 delle
1935 2655 2052 2705 Celle)
2077 2658 2227 2696 transire

1182 2712 1330 2750 solitum
1351 2712 1528 2751 adfirmat.
1555 2715 1632 2760 ejus
1653 2711 1762 2748 verba
1785 2709 1865 2747 sunt
1885 2707 1946 2747 lib.
1964 2719 2017 2746 1v.
2040 2706 2176 2747 Fastor.

1235 2773 1375 2822 Frigida
1396 2771 1562 2818 Carseolis
1581 2785 1639 2808 nec
1661 2769 1762 2807 olivis
1781 2777 1863 2818 apta
1878 2768 2034 2815 ferendis

1286 2830 1390 2861 Terra
1403 2852 1413 2869 ,
1431 2823 1487 2870 sed
1509 2824 1555 2860 ad
1565 2825 1688 2872 segetes
1707 2819 1896 2869 ingeniosus
1920 2832 2012 2868 ager.

1235 2881 1310 2912 Hac
1331 2888 1383 2923 ego
1410 2874 1578 2922 pelignos,
1608 2871 1746 2909 natalia
1764 2883 1849 2907 rura
1863 2872 2020 2918 petebam

1287 2933 1409 2962 Parva
1424 2954 1432 2968 ,
1456 2924 1517 2972 sed
1534 2922 1670 2972 affidut's
1699 2921 1801 2958 obvia
1812 2923 1945 2969 semper
1963 2922 2077 2974 aquis.

1232 2977 1382 3025 Hospitis
1406 2974 1546 3026 antiqui
1558 2975 1683 3024 solitas
1704 2972 1922 3010 intravimus
1938 2977 2060 3019 aedes,

1288 3029 1486 3076 Dempserat
1506 3026 1655 3064 emeritis
1667 3027 1747 3075 jam
1759 3025 1845 3073 juga
1875 3022 2026 3064 Phoebus
2046 3024 2155 3076 equis.'

1185 3079 1356 3117 CioFAN.

1242 3144 1272 3178 5.
1302 3130 1426 3167 Editus
1444 3129 1526 3167 hine
1554 3143 1609 3178 ego
1630 3125 1750 3176 firm]
1804 3124 1870 3161 Hic
1889 3126 2072 3166 meliores.
2101 3138 2167 3176 pro
2187 3134 2227 3162 ut

1187 3190 1341 3230 tempora
1370 3183 1458 3218 noris
1481 3210 1490 3226 ‚
1529 3180 1764 3218 Richeliunus
1786 3204 1795 3220 ‚
1838 3173 1869 3220 si
1893 3186 2042 3226 tempora
2078 3177 2226 3228 quaeris.

1188 3245 1273 3271 nam
1298 3234 1387 3269 noris
1408 3230 1648 3281 praecesserat.
1686 3229 1730 3266 lic
1755 3229 1789 3265 in
1813 3227 1917 3264 Fastis
1939 3242 1992 3266 vr.
2013 3228 2094 3274 767.

1240 3281 1447 3331 Tempora-ft*
1465 3283 1587 3320 veteris
1609 3281 1742 3331 quaeris
1763 3280 1946 3315 temeraria
1971 3277 2104 3314 damni.

1191 3335 1335 3386 Hssxusg
1388 3341 1513 3385 Noscas
1543 3333 1711 3373 Leidens.
1741 3330 1850 3369 Polir.
1871 3329 1909 3366 δί
1928 3328 2062 3377 septem
2085 3324 2234 3414 ali'ixiatlt:u
