2495 3675
216 183 324 257 „a
715 146 1270 232 P.oer11

505 277 580 335 Et
605 293 839 351 quorum
860 271 1004 329 libris
1019 266 1199 325 “modo
1227 254 1545 338 diffimulata
1572 251 1801 306 Perillae

1052 344 1246 410 legitur
1278 326 1414 384 dicia
1441 324 1663 380 Metella
1701 323 1811 378 suo,

879 416 1141 471 Phasiacas
1169 413 1323 476 Argo
1349 401 1441 473 qui
1466 398 1621 452 duxit
1650 398 1705 451 in
1734 395 1935 461 undas,'

945 483 1179 543 Veneris*
1200 481 1546 535 furtatacere
1583 470 1717 525 suae.

519 573 638 628 Nec
669 568 841 622 minus
873 558 1170 616 Hortensi,
1205 568 1304 606 nec
1331 548 1447 601 sunt
1476 545 1650 599 minus
1679 542 1923 614 improba
1949 540 2104 597 Servi

906 633 1023 704 quis
1051 627 1261 683 dubitet
1285 620 1503 676 nomina
1541 631 1689 671 tanta
1727 616 1907 688 sequi?

529 713 711 773 Vertit
744 707 1014 762 Aristiden
1041 703 1244 758 Silena:
1288 691 1590 773 nec-obfuit
1618 690 1691 745 illi

599 782 870 841 Historiae
896 793 1078 850 turpes
1103 767 1366 830 inseruisse
1391 781 1560 837 jocos.

583 351 817 407 Nomine
833 388 848 412 ,
885 362 1028 400 nunc

511 426 562 481 Is
591 440 808 495 quoque
823 460 837 483 ,

351 517 476 575 =440
586 499 712 552 Non
741 494 913 563 potuit

600 640 866 695 Carmina.

241 1003 314 1052 ipse
333 1001 443 1040 docet
465 1000 501 1037 in
534 1009 580 1036 eo
600 995 899 1046 Epigrammate,
929 988 1059 1038 Pisonis
1082 984 1218 1024 comites
1238 994 1291 1018 co·

240 1055 319 1090 hors
341 1052 468 1089 inanis.
504 1051 638 1087 Extant
671 1047 783 1083 etiam
1140 1088 1147 1093 ·

238 1106 338 1143 hunc
373 1106 440 1149 (ut
472 1100 631 1149 opinor)
670 1097 902 1134 Memmium
938 1095 1031 1133 libro
1069 1089 1292 1145 decrmoter-

241 1157 309 1194 tio.
341 1155 532 1191 MERULA.
561 1152 650 1189 Mss.
672 1148 826 1192 variant,
846 1145 961 1191 Meri,
991 1150 1137 1184 Naevi,
1167 1144 1294 1179 Nomi,

244 1206 381 1243 Maeni.

293 1268 377 1305 434.
406 1255 513 1292 Rebus
553 1252 641 1297 abest
683 1262 805 1288 nomen
822 1277 832 1293 ‚
858 1245 1121 1293 nominibusque
1145 1235 1293 1285 puden]

243 1308 362 1347 Nihili
382 1306 473 1344 haec
493 1305 584 1344 sunt.
603 1314 715 1351 quare
734 1300 905 1339 assentior
926 1295 1110 1335 Bernardo
1138 1292 1298 1348 Rotten-

234 1357 405 1406 'dorphio
435 1358 516 1393 viro
545 1353 777 1395 doctissimo,
805 1362 848 1389 ac
870 1350 915 1388 de
942 1347 1062 1387 studiis
1082 1353 1174 1381 meis
1197 1349 1299 1388 egre—

244 1411 305 1459 gie
329 1408 474 1445 merito.
502 1407 565 1455 qui
587 1403 786 1449 emendat,

296 1470 405 1509 Rebus
427 1471 515 1518 abest
537 1471 647 1507 omnis
667 1465 930 1515 nominibusque
942 1465 1063 1515 pudor.

246 1533 351 1572 Nihil
373 1535 503 1572 certius
523 1531 565 1570 ea
587 1529 813 1581 conJeetura.
841 1531 987 1568 Hirrus.
1016 1524 1195 1566 Defendit
1218 1521 1299 1561 vul-

244 1594 368 1634 gatam
396 1585 452 1622 Cl.
474 1584 591 1622 Bentl.
611 1583 656 1621 ad
680 1583 810 1619 Horat.
833 1594 877 1618 11.
897 1581 972 1618 Od.
1001 1592 1056 1617 12.

299 1648 386 1684 435.
413 1634 569 1683 Cinna.]
599 1636 649 1683 Q.
671 1633 828 1671 Helvius
843 1633 967 1670 *Cinna
989 1631 1107 1668 Poeta
1125 1628 1193 1664 fuit
1209 1654 1219 1669 ,
1237 1625 1301 1674 qui

251 1685 386 1734 scripfit
407 1693 595 1733 Smyrnam
610 1712 620 1729 ,
649 1696 761 1733 quarn
778 1683 908 1720 decem
931 1682 1033 1719 annis
1054 1679 1240 1720 elimavit,
1263 1684 1303 1712 ut

253 1737 398 1775 Servius
418 1745 534 1775 notat.
561 1737 753 1774 MERULA.
806 1734 929 1785 Hujus
958 1731 1079 1771 versus
1100 1731 1186 1768 citat
1206 1726 1302 1765 Gell.

256 1799 335 1826 xix.
360 1800 417 1827 12.

306 1851 365 1883 At
385 1859 476 1883 nunc
496 1860 550 1884 mc
572 1847 732 1884 Geniana
749 1855 808 1895 per
821 1844 950 1894 [alifia

308 1898 406 1934 Binis
423 1898 532 1935 rheda
548 1898 639 1944 rapit
658 1900 767 1935 citata
787 1897 901 1935 nanis.

255 1963 341 2010 ubi,
371 1965 437 2004 nifi
458 1966 570 2005 Gellii
591 1967 744 2005 obstaret
764 1965 982 2011 auetoritas,
1010 1964 1182 2009 mallem3

308 2028 399 2078 Bigis
420 2029 532 2067 rheda
552 2031 642 2080 rapit
663 2031 773 2067 citata
791 2028 945 2065 mannis.

258 2105 300 2138 ut
321 2099 417 2148 apud
435 2100 610 2139 Nostrum
629 2101 664 2138 in
689 2112 734 2137 ιι.
758 2099 891 2135 Amor.
913 2095 1016 2143 Eleg.
1041 2105 1100 2139 ¹7·

317 2170 509 2214 Parvaque
538 2177 645 2214 quam
667 2163 822 2213 primum
853 2159 1063 2210 rapientibus
1083 2157 1188 2207 effeda
1210 2168 1314 2193 man·

444 2229 511 2254 ms.

269 2283 436 2322 mannuli
456 2284 537 2323 sunt
557 2284 727 2322 Martiali.
755 2283 816 2322 lib.
841 2295 911 2320 xit.
933 2294 991 2328 24.
1037 2281 1181 2318 Herus.
1229 2279 1318 2327 Bigis

263 2334 341 2384 jam
365 2335 479 2373 edidit
505 2335 757 2383 Steplianusin
773 2334 997 2383 Fragmentis
1017 2333 1214 2369 Poetarum
1237 2341 1318 2379 pag.

269 2397 357 2432 413.
389 2388 454 2435 qui
485 2387 523 2423 ὃς
556 2387 643 2424 alios
675 2386 777 2423 nanis
799 2397 865 2432 pro
891 2383 1034 2421 mannis
1051 2383 1172 2431 legere
1196 2390 1316 2419 notat.

268 2435 317 2474 de
339 2435 459 2474 Cinna
485 2437 560 2474 vid.
582 2438 626 2474 ad
657 2437 758 2485 Virg.
783 2435 862 2473 Ecl.
893 2447 946 2473 ix.
968 2446 1024 2483 35.
1060 2434 1098 2470 δε
1130 2433 1266 2479 Georg.
1290 2443 1319 2468 1.

268 2486 356 2525 288.
383 2487 528 2525 vietor.
549 2488 636 2525 Var.
658 2487 742 2525 ledi.
769 2499 864 2524 xxix.
897 2497 952 2533 13.
972 2485 1110 2522 Barth.
1143 2482 1241 2521 Adv.
1262 2494 1317 2521 tv.

269 2549 331 2576 10.
358 2538 465 2576 Boes.
486 2539 531 2576 ad
553 2538 667 2576 Ovid.
688 2538 779 2576 Ibin.
803 2551 832 2576 1.
858 2536 989 2574 Buitm.

320 2590 403 2637 436.
433 2589 633 2639 Cornifici.]
664 2589 787 2627 Exstat
812 2589 889 2637 ejus
908 2587 1028 2625 versus
1049 2585 1147 2634 apud
1171 2586 1322 2622 Macro·

272 2639 373 2677 bium
395 2640 455 2677 lib.
476 2653 535 2678 v1.
559 2640 678 2678 Satur.
697 2654 730 2686 4.
759 2640 919 2676 Deducta
941 2639 1030 2675 mihi
1050 2650 1130 2674 voce
1144 2635 1326 2686 garrienti.

273 2690 314 2726 &
336 2702 381 2727 ex
405 2691 570 2739 ejusdem
595 2691 740 2728 Glauco
758 2718 768 2734 ,
793 2696 985 2728 Centauros
1008 2688 1150 2735 foedare
1179 2687 1325 2724 bimem-

274 2739 357 2776 bres.
389 2752 603 2789 cognomen
623 2742 671 2780 illi
697 2742 765 2779 fuit
786 2740 899 2777 Gallo.
928 2739 1070 2776 Citatur
1086 2740 1122 2774 ὃ(
1147 2738 1224 2786 ejus
1245 2748 1326 2773 vcr-

274 2789 330 2827 sus
350 2790 386 2827 in
406 2791 601 2840 Virgilium
620 2820 630 2837 ,
658 2791 772 2828 Ordea
795 2791 855 2841 qui
873 2790 958 2826 dicit
973 2817 982 2831 ,
1003 2787 1149 2837 superest
1167 2799 1206 2824 ut
1230 2787 1325 2823 triti-

272 2852 315 2876 ca
335 2841 439 2877 dicat.
467 2843 510 2879 ad
532 2844 633 2880 illum
658 2843 822 2880 Achilles
841 2841 969 2878 Statius
991 2842 1100 2878 refert
1121 2838 1179 2876 illa
1201 2838 1326 2875 Catul-

278 2891 373 2928 liana
393 2891 497 2939 Epig.
520 2905 649 2932 xxiux.
679 2893 777 2930 Male
795 2892 862 2938 est,
899 2889 1086 2938 Cornifici,
1114 2900 1172 2925 tuo
1198 2888 1325 2926 Catul-

273 2940 318 2978 lo.
356 2941 396 2978 Iri
430 2943 619 2980 Chronico
642 2943 844 2981 Eusebiano
866 2943 910 2980 ad
942 2943 989 2979 A.
1024 2951 1324 2979 mnccchxxvt.

277 2991 480 3038 Cornificius
507 2996 612 3029 Poeta
633 3006 654 3029 a
674 2993 844 3030 militibus
866 2992 1045 3040 destitutus
1062 2991 1220 3035 interiit,
1243 3003 1323 3040 quos

267 3044 365 3092 saepe
386 3044 556 3090 fugientes
577 3044 736 3080 Galeatos
762 3043 880 3092 lepores
907 3043 1153 3092 appellaverat.
1207 3041 1320 3083 Hujus

274 3099 373 3130 Soror
394 3093 575 3139 cornificia
593 3122 601 3137 ,
628 3095 723 3141 cujus
747 3094 882 3140 exstant
902 3092 1048 3142 insignia
1078 3093 1318 3143 Epigramma-

270 3154 324 3182 ta.
353 3145 413 3180 De
434 3143 614 3186 Cornificio
636 3144 816 3191 quaedam
853 3144 999 3192 collegit
1017 3143 1136 3180 Barth.
1159 3144 1205 3181 ad
1233 3143 1319 3181 Stat.

273 3206 328 3233 ιν.
351 3195 476 3232 Tlieb.
499 3194 581 3240 482.
609 3195 671 3244 qui
692 3206 735 3231 an
758 3194 857 3232 idem
879 3194 918 3232 fit
937 3193 1072 3231 nescio.
1099 3193 1232 3232 Eum.

321 3268 406 3306 435.
432 3258 615 3305 Cinnaque
633 3256 803 3305 procacior
832 3254 983 3305 Ansam]
1057 3255 1173 3294 Anser
1205 3261 1320 3305 poeta

259 3307 329 3348 fuit
351 3311 530 3355 Antonii,
559 3320 622 3359 qui
655 3309 731 3357 ejus
757 3306 882 3348 laudes
910 3305 1060 3361 scripsit.
1089 3305 1134 3347 de
1155 3318 1232 3357 quo
1256 3309 1321 3358 Εἰς

819 1043 1012 1082 Ciceronis
1042 1037 1223 1086 Epistolae
1246 1031 1292 1070 ad
1343 1026 1532 1076 pellantur.
1574 1023 1692 1071 Ipsum
1724 1024 1824 1060 enirn
1846 1023 1999 1059 donarat
2020 1022 2207 1058 Antonius
2230 1022 2264 1057 in
2288 1020 2401 1059 Cam-

1343 134 1877 214 NAsonts

2276 834 2392 891 Nee

1347 986 1433 1013 cero
1463 975 1500 1012 in
1522 971 1753 1020 Philippicis:
1784 975 1840 1009 Ex
1868 983 1948 1020 agro
1982 969 2156 1007 Phalerno
2187 968 2318 1018 anseres
2340 973 2399 1018 apa

1349 1079 1466 1127 pania.
1486 1075 1692 1122 Propertius
1713 1087 1756 1112 11.
1773 1073 1928 1122 xxv.83.
1960 1079 2030 1109 Nec
2050 1072 2163 1108 minor
2184 1070 2236 1107 his
2257 1070 2403 1116 animis,

1349 1141 1392 1168 (9·
1416 1126 1446 1175 fi
1473 1127 1587 1163 minor
1619 1138 1671 1160 ore
1690 1152 1701 1169 ,
1740 1137 1883 1161 canorus
1916 1125 2057 1170 ,anseris
2086 1123 2218 1158 indocto
2248 1121 2402 1159 carmine

1351 1177 1436 1227 ceffit
1455 1177 1534 1213 olor.
1576 1175 1658 1212 Fuit
1696 1185 1820 1212 autem
1861 1174 1976 1212 Anser
2004 1175 2039 1211 in
2061 1173 2128 1210 suis
2148 1171 2284 1220 scriptis
2304 1171 2404 1210 lasci·

1351 1240 1430 1265 vus.
1459 1230 1636 1264 MERULA
1680 1225 1768 1263 Viti.
1791 1226 1894 1262 Serv.
1911 1225 1955 1262 ad
1974 1225 2077 1272 Virg.
2099 1223 2174 1260 irsscl.
2193 1235 2261 1260 vrr.
2277 1235 2336 1260 22.
2364 1223 2404 1262 δε

1355 1290 1408 1317 xx.
1434 1281 1489 1327 36.
1516 1276 1709 1327 protervior
1728 1277 1787 1313 hic
1809 1274 1951 1312 Barber.
1971 1274 2155 1311 Proteolior
2172 1274 2322 1317 Lovan.

1406 1331 1490 1378 436.
1520 1326 1705 1376 Catonis.]
1737 1327 1925 1364 Valerium
1963 1326 2146 1362 Catonern
2181 1324 2409 1373 Grammatffi

1357 1393 1441 1420 cum
1466 1380 1634 1427 intelligit
1656 1378 1792 1415 Achill.
1821 1377 1952 1414 Statius
1969 1377 2013 1414 ad
2036 1375 2166 1413 Catull.
2184 1375 2289 1425 Epig.
2311 1382 2420 1423 1.vrt.,'⁴

1353 1433 1391 1471 ὃ(
1416 1432 1596 1478 Scaliger,
1625 1431 1686 1477 qui
1710 1441 1796 1466 eum
1818 1429 2008 1465 auctorem
2023 1427 2195 1465 Dirarum
2215 1427 2314 1465 facit.
2331 1426 2407 1474 vid,
2430 1427 2431 1430 ’

1354 1483 1454 1521 Suet.
1483 1482 1610 1518 Gram.
1635 1491 1711 1527 cap.
1741 1492 1799 1517 XL.
1832 1479 1961 1516 ssunm.
2433 1479 2435 1482 ⁴

1407 1545 1489 1581 437.
1522 1537 1564 1568 Et
1593 1544 1738 1580 quorum
1769 1530 1863 1567 libris
1894 1529 1992 1567 modo
2015 1527 2228 1576 diffimulata
2252 1527 2408 1573 Perilla‚'

1357 1585 1506 1622 Nomine
1536 1596 1628 1618 nunc
1657 1581 1778 1629 legitur
1798 1583 1892 1617 droia
1916 1580 2054 1618 Metelle
2077 1579 2172 1630 tuo.]
2228 1580 2408 1630 Ticidam
2424 1580 2435 1587 '¹

1356 1639 1509 1685 poetam
1534 1631 1729 1681 fignificat:
1759 1634 1819 1680 qui
1834 1631 1998 1669 Perillam
2015 1634 2174 1668 amavit:
2199 1643 2308 1680 quam
2324 1630 2410 1668 Me·
2432 1659 2436 1666 ,.

1357 1687 1479 1724 tellam
1502 1714 1511 1728 ,
1542 1683 1561 1721 a
1582 1683 1732 1720 Metello
1751 1684 1925 1720 Romano
1947 1684 2243 1730 cognominavit.
2266 1679 2412 1730 &quo-⁴

1359 1738 1457 1775 niam
1483 1737 1534 1772 bis
1556 1734 1715 1772 Ovidius
1736 1734 1895 1772 Ticidae
1920 1737 2092 1781 poemata
2124 1733 2315 1781 expreffit,
2336 1744 2415 1772 cre÷

1364 1789 1527 1825 demeum
1552 1785 1599 1822 est
1619 1786 1719 1821 illum
1756 1795 1894 1832 praeter
1926 1785 2068 1832 Elegias
2092 1783 2136 1820 de
2166 1787 2283 1821 amica
2307 1783 2435 1822 peril--

1363 1840 1422 1877 la.
1451 1839 1534 1875 alias
1560 1838 1671 1874 etiam
1706 1835 1844 1884 Elegias
1874 1836 2076 1883 impudicas
2107 1833 2254 1873 edidisse
2278 1849 2286 1872 :
2314 1831 2418 1883 quod

1367 1891 1514 1927 videtur
1548 1887 1733 1936 designare
1763 1899 1810 1923 eo
1839 1886 1943 1923 versu
1964 1915 1974 1929 ,
2021 1885 2122 1934 {Quid
2151 1887 2296 1929 referam
2335 1885 2417 1933 sici-

1369 1940 1460 1978 dae?
1489 1941 1678 1976 MERULA.
1717 1938 1806 1975 Non
1829 1938 1974 1974 videtur
1995 1938 2093 1974 hunc
2114 1937 2239 1974 locum
2263 1937 2340 1975 satis
2360 1948 2421 1975 ac·

1370 1989 1502 2038 cepisse
1526 1990 1682 2027 Merula.
1720 1989 1856 2038 Neque
1876 1990 1975 2026 enirn
1997 1988 2042 2025 de
2066 1988 2199 2025 Ticida
2214 2016 2224 2032 ,
2255 1987 2327 2025 five
2345 1995 2420 2033 eo‚'

1369 2053 1433 2090 qui
1454 2042 1618 2078 Perillam
1643 2040 1729 2078 falso
1749 2040 1907 2076 nomine
1928 2040 2159 2081 decantavit,
2190 2039 2348 2076 Ovidius
2360 2038 2421 2077 hic

1369 2103 1470 2129 nunc
1491 2091 1684 2139 intelligit,
1710 2090 1771 2127 *sed
1792 2091 1838 2127 de
1862 2089 1954 2133 illis,
1983 2091 2044 2138 qui
2077 2090 2141 2127 suo
2169 2102 2212 2127 ac
2238 2102 2327 2126 vero
2350 2100 2421 2126 no-

1371 2144 1473 2181 rnine
1492 2143 1683 2179 Metellam
1698 2168 1709 2185 ,
1735 2153 1831 2190 quae
1848 2141 2022 2178 haetenus
2043 2141 2103 2177 sub
2125 2140 2272 2176 Perillae
2293 2139 2422 2176 nomia

1371 2205 1419 2231 ne
1441 2193 1514 2230 five
1538 2193 1558 2229 a
1581 2192 1740 2234 Ticida,
1768 2192 1842 2229 five
1867 2192 1912 2228 ab
1937 2191 2010 2227 alio
2043 2190 2153 2226 celata
2185 2189 2299 2225 fuerat
2321 2217 2331 2232 ‚
2360 2201 2422 2226 ce-

1369 2244 1553 2282 lebrarunt
1576 2256 1584 2279 :
1621 2254 1783 2290 quorum
1817 2252 1943 2278 tamen
1970 2242 2121 2277 nomina
2155 2239 2226 2287 ipse
2254 2239 2318 2276 hic
2337 2240 2426 2278 reti-

1374 2305 1455 2340 cet,
1484 2294 1558 2332 five
1577 2294 1683 2330 metri
1705 2292 1915 2329 necestitate
1937 2291 2083 2328 coat‘ius
2099 2318 2109 2334 ‚
2138 2289 2211 2326 five
2224 2290 2332 2327 etiam
2356 2291 2428 2328 ho-

1373 2349 1473 2383 noris
1504 2346 1628 2393 gratia.
1657 2344 1834 2381 Micrtr..
1870 2341 2096 2390 &stimulata
2124 2350 2182 2388 per
2213 2339 2288 2376 ilios
2319 2341 2428 2380 multi

1374 2397 1507 2446 scripti.
1543 2396 1583 2433 in
1614 2390 1762 2446 quorum
1790 2393 1888 2432 libris
1917 2394 2066 2431 Lovan.
2097 2404 2186 2428 nunc
2215 2390 2428 2440 diffimulata

1375 2448 1474 2485 alius.

1426 2497 1511 2548 438.
1542 2498 1690 2536 Nomine
1717 2510 1809 2534 nunc
1838 2495 1962 2545 legitur
1991 2495 2108 2538 dieta,
2142 2493 2304 2539 Metelle,
2329 2481 2429 2548 tum]

1378 2549 1525 2595 Scribe,
1553 2550 1647 2586 diota
1669 2548 1820 2585 Metella
1831 2549 1908 2596 suo.
1951 2546 2087 2584 Ticida
2117 2546 2215 2582 enim
2241 2545 2433 2582 Meteiiam
2486 2591 2487 2594 Ἰ

1382 2601 1577 2649 appellarat
1614 2599 1793 2638 Perillam.
1838 2598 1944 2645 quod
1982 2609 2027 2634 ex
2069 2596 2215 2645 Apuleji
2248 2595 2434 2644 Apologia
2486 2627 2487 2632 ,

1384 2652 1567 2689 discimus.
1595 2662 1696 2688 nunc
1722 2650 1812 2687 alios
1839 2648 1963 2686 nescio
1988 2659 2081 2697 quos
2115 2656 2300 2684 memorat
2323 2672 2335 2691 ‚
2371 2644 2434 2695 qui
2488 2686 2495 2702 Ι

1385 2713 1465 2738 eam
1488 2702 1553 2738 suo
1585 2703 1622 2739 δε
1648 2713 1738 2738 vero
1761 2701 1918 2738 nomine
1938 2699 2176 2736 decantarint.
2231 2697 2341 2735 Forte
2359 2696 2432 2734 hoc

1380 2751 1562 2789 distichon
1584 2751 1759 2799 superiori
1783 2750 2102 2800 praeponendum.
2131 2749 2276 2785 Herus.
2331 2753 2434 2784 Nune

1382 2804 1509 2851 tegitur
1536 2802 1684 2840 Bonon.
1718 2802 1859 2840 Erudit.
1888 2801 2007 2839 Bentl.
2040 2799 2083 2836 ad
2122 2801 2253 2837 Horat.
2284 2811 2328 2837 11.
2358 2796 2432 2835 Od.
2479 2757 2492 2968 11

1387 2866 1441 2890 12..
1475 2853 1659 2903 vulgatam
1706 2862 1856 2896 tuetur,
1901 2852 1987 2900 quia
2018 2850 2152 2887 eodeni
2185 2849 2287 2888 redit.
2314 2858 2434 2898 neque
2493 2862 2495 2882 ;

1383 2915 1454 2953 ego
1478 2904 1523 2942 de
1554 2904 1723 2941 alterutra
1762 2903 2038 2950 pugnaverim;
2074 2901 2277 2950 elegantior
2310 2909 2433 2937 tamen
2488 2919 2495 2933 s

1381 2955 1530 2991 videtur
1557 2955 1693 2996 lectio,
1723 2952 1870 2989 Metella
1883 2953 1947 3000 suo
1967 2980 1978 2996 ‚
2016 2954 2102 3000 quia
2134 2962 2221 2989 tunc
2251 2949 2433 2999 oppofitio
2489 2960 2491 2962 ·

1380 3005 1428 3042 est
1454 3033 1463 3047 ,
1505 3006 1598 3042 inter
1627 3002 1884 3050 diffimulatam
1907 3031 1917 3048 ,
1960 3005 1998 3040 &
2036 3005 2102 3051 suo
2133 3002 2271 3039 nomine
2303 3001 2434 3038 leolam.
2481 2970 2495 3080 ιι·

1376 3054 1509 3092 Euam.

1429 3116 1516 3154 430.
1548 3111 1582 3142 15
1601 3118 1734 3155 quoque
1758 3103 1944 3153 Phasiacas
1963 3107 2083 3150 Argon
2106 3103 2166 3150 qui
2193 3102 2298 3140 duxit
2318 3103 2356 3140 in
2374 3113 2436 3139 un-
2487 3093 2495 3125 Ἰ

1376 3157 1460 3201 das,
1493 3162 1574 3193 Non
1590 3159 1702 3204 potuit
1738 3158 1871 3202 Veneris
1888 3156 1996 3201 furta
2027 3165 2136 3190 tacere
2148 3153 2274 3202 suaa]
2304 3155 2436 3191 Varro·
2490 3159 2495 3189 J

1375 3219 1462 3246 nem
1489 3209 1692 3244 Ataciiium
1715 3207 1886 3254 intelligit
1911 3233 1922 3249 ‚
1961 3205 2022 3254 qui
2046 3205 2271 3242 Leucadiam
2295 3203 2439 3242 amavit.
2493 3202 2495 3223 ²

1377 3259 1424 3296 de
1450 3271 1525 3307 qua
1560 3258 1799 3306 Propertius:
1852 3262 1945 3291 Haec
1978 3269 2108 3305 quoque
2133 3258 2275 3304 perfeeto
2305 3252 2439 3292 ludebat

1391 3309 1510 3360 Iasone
1530 3314 1649 3363 Karro.
1681 3314 1786 3361 Varro
1799 3307 1995 3346 Leucadiae
2007 3306 2169 3345 maxima
2179 3305 2334 3357 flamma
2347 3305 2442 3393 {itae-
2482 3313 2486 3359 i

2383 3364 2438 3402 ²¹:
2483 3363 2486 3404 l
