2495 3675
261 163 357 234 582

416 788 480 824 10

765 157 828 215 P.
902 154 1324 216 0V1D11
1396 151 1927 220 NASONIS

551 257 684 315 Huc
710 276 929 333 quoque
955 259 1152 316 Mileto
1175 254 1313 313 miffi
1339 271 1535 310 venere
1560 255 1773 318 coloni,

628 334 793 406 Inque
822 333 978 388 Getis
1008 331 1190 403 Grajas
1216 327 1538 382 constituere
1567 326 1776 383 domos,
1924 372 1927 373 γ

411 420 443 474 5
553 405 659 461 Sed
687 420 838 460 vetus
863 407 987 461 huic
1014 419 1212 458 nomen
1230 440 1243 462 ‚
1286 400 1561 474 politaque
1584 402 1852 474 antiquius
1878 403 2038 471 urbe,

629 479 850 533 Constat
875 477 938 530 ab
964 476 1181 548 Absyrti
1207 475 1374 529 caede
1398 474 1577 536 fuiffe‚
1615 475 1753 528 loco,

557 552 696 607 Nam
721 566 860 612 rate,
899 566 1035 620 quae
1059 549 1188 602 cura
1212 547 1466 618 pugnacis
1492 547 1623 601 fasta
1648 546 1960 614 Minervae,

631 626 733 677 Per
759 640 865 676 non
894 634 1121 675 tentatas
1145 621 1313 691 prima
1341 621 1577 674 cucurrit
1604 637 1793 693 aquaS‚

560 695 721 765 Impia
747 695 1013 749 desertum
1042 694 1249 766 fugiens
1274 691 1477 748 Medea
1504 707 1806 764 parentem,

626 767 839 821 Dicitur
863 767 943 821 his
970 785 1147 821 remos
1172 765 1476 838 adplicuisse
1503 767 1664 821 vadis,

563 839 742 910 Quem
769 840 955 912 procul
983 852 1038 894 ut
1063 839 1198 894 vidit
1226 840 1436 894 tumulo
1457 840 1754 910 speculator
1781 839 1844 894 ab
1869 840 2007 910 alto;

632 910 875 985 Hospes,
915 913 1014 976 ait,
1056 913 1247 976 nos00,
1286 911 1581 976 Colchide,
1619 914 1764 977 vela,
1800 915 1962 968 venit.

557 985 706 1041 Dum
736 986 1003 1058 trepidant
1032 985 1283 1058 Minyae,
1326 984 1457 1039 dum
1487 984 1704 1039 solvitur
1730 1004 1923 1058 aggere
1949 987 2119 1051 funiS,

641 1059 787 1113 Dum
813 1060 1049 1130 sequitur
1077 1061 1277 1113 celeres
1304 1057 1535 1112 anchora
1561 1057 1723 1112 trae’ta
1752 1076 1967 1124 mamm,

421 1150 485 1204 15
560 1130 788 1187 Conscia
815 1131 1069 1203 percussit
1094 1131 1411 1186 meritorum
1439 1129 1655 1202 pefiora
1681 1130 1935 1195 Colchis,

641 1206 783 1258 Ausa
809 1220 970 1276 atque
995 1205 1178 1259 ausura
1207 1205 1370 1258 multa
1399 1203 1624 1257 nefanda
1651 1221 1826 1258 manu.

564 1276 666 1339 Et,
701 1294 1022 1350 quamquam
1047 1276 1478 1348 superestingens
1505 1277 1721 1332 audacia
1746 1277 1948 1342 menti,

638 1349 814 1406 Pallor
840 1369 896 1406 in
919 1351 1150 1405 attonito
1177 1349 1394 1421 virginis
1419 1365 1513 1403 ore
1544 1349 1712 1406 sedet.

324 1567 361 1614 ζ’.
389 1564 566 1614 Pofitaque
577 1560 761 1614 antiquius
781 1561 894 1613 urba]
916 1563 1060 1613 Magno
1075 1560 1328 1618 consensuve-

276 1624 393 1661 teres,
415 1614 640 1665 pofitumque.
661 1614 812 1664 quidam
836 1616 946 1652 etiam
969 1642 980 1660 ‚
1017 1614 1218 1664 antiquitus
1235 1613 1326 1650 urbi.

277 1669 316 1705 ὃ(
335 1677 454 1715 ponere
477 1680 600 1703 nomen
623 1666 774 1715 quidem
798 1664 896 1702 reete
921 1665 1053 1703 dicitur
1074 1692 1084 1709 ,
1120 1664 1179 1701 sed
1201 1663 1326 1712 vulga-

274 1726 351 1756 tam
377 1718 515 1755 servare
544 1717 716 1765 praestat,
744 1723 784 1753 ut
806 1728 947 1754 nomen
970 1716 1079 1753 fuerit
1102 1715 1193 1752 olim
1214 1714 1324 1759 loco,

275 1769 339 1805 ubi
360 1768 482 1816 postea
500 1769 581 1804 urbs
603 1766 716 1815 posita
744 1766 792 1804 est
807 1795 816 1812 ,
839 1768 916 1816 jam
944 1766 1157 1815 impositum
1179 1765 1223 1802 ab
1249 1765 1326 1802 Ab·

277 1818 362 1868 syrti
386 1830 504 1861 nece;
533 1819 570 1855 &
592 1829 731 1855 nomen
757 1818 803 1855 ita
817 1818 858 1855 sit
879 1819 1063 1865 antiquius
1083 1815 1327 1855 urbe.vid.ad

277 1870 452 1908 111.Met.
482 1880 538 1917 13.
566 1878 603 1905 ut
625 1868 724 1906 idem
747 1868 864 1912 dicat,
891 1868 993 1917 quod
1015 1868 1120 1905 alibi:

332 1920 399 1956 Hic
421 1919 479 1957 ubi
499 1932 590 1956 nunc
612 1918 692 1956 urbs
711 1918 754 1967 est
768 1947 778 1964 ‚
807 1930 890 1957 tunc
911 1918 1001 1956 locus
1020 1918 1114 1956 urbis
1133 1928 1223 1956 erat.

277 1969 412 2009 Bunm.

332 2032 368 2067 7.
398 2027 494 2058 Nam
515 2030 611 2064 rate,
640 2033 727 2070 quae
750 2034 832 2058 cura
866 2020 1031 2070 pugnacis
1055 2020 1160 2067 sacra
1191 2020 1328 2058 Miner-

280 2085 350 2110 vae
374 2078 438 2109 Per
458 2085 526 2108 non
554 2082 709 2108 tentatas
735 2073 851 2119 prima
870 2071 1022 2108 cucurrit
1049 2070 1198 2121 aquas.]
1252 2072 1328 2109 Pri-

281 2134 384 2161 mam
405 2134 539 2160 navem
563 2134 643 2160 eam
667 2121 769 2160 fuiffe
788 2124 836 2161 ait
860 2150 870 2168 ‚
897 2123 934 2159 in
956 2132 1068 2171 quatu
1089 2123 1328 2172 Argonautae

282 2173 588 2212 conscenderunt.
620 2173 792 2211 Cxorm.

335 2224 371 2262 8.
399 2223 563 2274 Prima.]
594 2230 708 2261 Prona
727 2224 854 2262 Servii.

336 2286 395 2312 10.
424 2276 538 2321 Quem
561 2274 682 2323 procul
713 2285 752 2312 ut
782 2275 878 2312 vidit
910 2274 1044 2312 tumulo
1066 2273 1258 2325 speculator
1286 2273 1331 2311 ab

283 2324 394 2376 alta]
425 2325 519 2363 Tres
551 2325 671 2363 Vatic.
691 2326 855 2375 spel‘lator
874 2352 885 2370 ,
919 2338 996 2363 non
1022 2327 1236 2375 speculator,
1266 2326 1331 2363 lia-

285 2376 384 2414 bent.
399 2376 568 2413 CxofAN.
597 2379 766 2422 Spectator
786 2378 898 2414 etiam
920 2376 1019 2413 octo.
1040 2376 1176 2414 cumulo
1196 2376 1239 2412 ab
1258 2376 1330 2413 alto

287 2438 394 2466 unus.
415 2440 522 2476 quam
541 2426 891 2476 proculprirn.Polit.
910 2427 1066 2465 Palae&
1086 2428 1250 2476 quinque
1263 2427 1332 2464 alii.

341 2489 396 2515 12.
425 2477 546 2526 Hospes
575 2478 627 2514 ait
649 2478 741 2526 nosco
761 2478 922 2515 Colchide
949 2478 1029 2514 vela
1057 2477 1195 2526 venit.]
1251 2477 1332 2514 Vela

286 2527 367 2564 dari
389 2528 552 2577 plerique
575 2536 717 2566 veteres
739 2540 822 2565 cum
845 2528 961 2577 priscis
982 2528 1217 2566 editionibus.
1253 2528 1332 2564 Col-

289 2578 390 2614 chida
426 2580 534 2616 etiam
570 2580 728 2627 plurimi.
764 2589 840 2627 opt.
860 2579 982 2615 Vatic.
1014 2579 1212 2616 Colchidas.
1241 2578 1332 2623 duo,

288 2629 368 2663 vela
391 2629 500 2668 (ledit.
533 2631 638 2677 prim.
659 2630 763 2667 l’olit.
785 2629 866 2664 «μία
887 2629 986 2668 velit.
1017 2628 1333 2674 Zulichemianus,

288 2678 368 2725 vela
386 2680 490 2729 sequi.
519 2679 590 2717 Sed
609 2680 743 2717 frustra.
770 2680 895 2717 Scribo
912 2708 922 2724 ,

342 2730 470 2774 Hostis,
499 2731 574 2774 ait,
603 2733 718 2777 nosco,
746 2729 1042 2775 Colchidi,vcla‚
1072 2730 1184 2768 venit.

291 2778 357 2815 Ait
377 2780 545 2819 Colchidi
563 2810 572 2825 ‚
600 2781 708 2818 hostis
736 2781 861 2825 venit,
890 2781 1002 2818 nosco
1032 2782 1124 2819 vela.
1153 2781 1258 2818 Haec
1286 2781 1334 2819 est

292 2828 526 2882 constructio.
554 2830 710 2868 Colchidi
735 2833 839 2869 tertia
860 2840 1047 2881 correpta,
1076 2841 1116 2871 ut
1138 2832 1234 2881 apud
1255 2832 1334 2869 Sta-

292 2886 384 2916 tium
409 2881 636 2924 Atliillcide,
666 2894 712 2918 11.
733 2882 792 2919 88.

342 2928 484 2966 Palladi
500 2931 653 2967 littoreae
671 2931 861 2969 celebrabat
882 2938 997 2982 Scyros
1016 2945 1178 2971 amorem.

286 2996 472 3046 ‘Apposite
498 3005 619 3034 autern
648 2997 819 3044 perplexa
848 2999 960 3034 utitur
979 2999 1145 3036 oratione
1176 2998 1335 3047 specula-

294 3058 365 3086 tor.
409 3048 508 3096 quod
536 3049 723 3094 proprium
756 3047 804 3084 est
832 3048 1146 3087 conllcrnatorum
1167 3051 1204 3087 ὅ(
1227 3050 1336 3098 trepi-

294 3098 474 3136 dantium.
503 3098 598 3134 Vide
613 3098 730 3135 Notas
750 3097 808 3134 lib.
830 3098 1051 3141 11.Fast.>’ss.
1075 3111 1159 3148 370.
1192 3101 1336 3138 Hfims.

295 3148 470 3185 Colchidis
500 3147 667 3185 Beruens.
701 3148 858 3184 Colchica
885 3149 1036 3186 Morcti.
1075 3153 1112 3187 δε
1153 3150 1336 3189 Bersman.

296 3211 381 3237 curn
405 3210 494 3236 vero
515 3210 591 3235 non
613 3197 673 3234 soli
696 3198 877 3241 Medeae,
905 3197 962 3234 sed
986 3201 1157 3238 omnibus
1179 3203 1335 3251 Minyis,

295 3251 360 3299 qui
384 3249 633 3297 trepidabant,
664 3248 796 3286 (lamet
819 3249 1044 3295 speculator,
1070 3250 1254 3299 legerem,

348 3300 457 3350 ‚Hostis
478 3300 553 3348 ait,
583 3301 676 3350 nosco
693 3327 704 3348 ,
733 3298 911 3347 Colchide,
937 3299 1041 3348 vela,
1069 3301 1180 3352 venit.

2278 1427 2425 1509 Ergo

1383 1559 1433 1600 fic
1455 1560 1660 1611 perturbate
1684 1561 1780 1611 apud
1802 1562 1886 1602 Val.
1907 1563 2002 1602 Flac.
2026 1575 2081 1603 vr.
2103 1565 2165 1604 28.

1874 1622 1976 1653 Mars
1990 1620 2120 1664 saevus
2139 1616 2183 1654 ab
2201 1617 2287 1656 altis

1432 1663 1543 1711 Hostis
1562 1664 1594 1701 i‘o'
1615 1664 1808 1702 conclamat
1823 1693 1833 1710 ,
1849 1670 1964 1717 equis,
1988 1668 2098 1716 agite,
2119 1667 2184 1713 ite,
2209 1669 2422 1721 propinquas}

1381 1725 1458 1752 non
1483 1716 1594 1753 etiarn
1609 1717 1703 1753 mala
1717 1716 1764 1753 est
1783 1716 1894 1754 lectio
1914 1718 2050 1756 codicis
2072 1720 2210 1757 Moreti
2226 1748 2236 1765 ,
2265 1724 2421 1771 &quam
2482 1742 2483 1750 κ

1383 1765 1489 1803 multi
1527 1777 1572 1804 ex
1610 1766 1714 1804 editis
1744 1768 2014 1815 expresserunt,
2040 1779 2294 1821 praeterquam
2324 1772 2423 1822 quod>
2481 1773 2485 1824 ᾖ

1384 1815 1493 1864 hospes
1512 1818 1748 1862 retinuerint,
2482 1841 2483 1847 ¹

1383 1915 1412 1954 B
1435 1867 1547 1914 Hostis
1565 1869 1638 1913 ait,
1668 1870 1760 1920 nosco
1782 1869 1944 1908 Colchica
1967 1870 2046 1908 vela
2060 1899 2069 1916 ,
2099 1872 2212 1912 venit.
2236 1909 2276 1917 s„

1419 1931 1517 1956 uum.

1439 1982 1494 2015 14.
1526 1969 1689 2020 Trana]
1721 1976 1806 2008 Tota
1823 1972 1937 2010 Servii
1960 1972 2092 2010 codex.
2482 1994 2483 1998 =

1437 2031 1494 2065 17.
1522 2021 1689 2057 Audacia
1716 2023 1865 2071 mmm]
1899 2025 2031 2061 Mentis
2049 2025 2199 2074 quidam
2216 2037 2259 2064 ex
2278 2026 2429 2077 scriptis.
2481 2062 2483 2068 .

1386 2071 1494 2109 male.
1524 2071 1598 2109 vid.
1618 2071 1663 2109 ad
1680 2072 1741 2110 lib.
1762 2086 1810 2112 11.
1829 2075 1890 2122 69.
1951 2094 1954 2095 ⁷
2480 2069 2483 2116 l

1442 2121 1502 2160 18.
1529 2122 1646 2159 Pallor
1665 2122 1704 2159 in
1727 2126 1898 2162 attonitae
1921 2125 2068 2173 Virginis
2089 2141 2141 2164 oro
2156 2127 2265 2177 fuit]
2297 2135 2361 2166 Ore
2374 2127 2426 2176 fi·
2480 2149 2482 2169 ;

1385 2173 1443 2210 det
1461 2181 1531 2210 tres
1551 2173 1681 2220 scripti.
1707 2176 1810 2222 quod
1832 2177 2046 2223 amplector.
2074 2179 2166 2213 Met.
2189 2190 2231 2214 11.
2248 2180 2328 2224 776.

1439 2223 1560 2260 Pallor
1579 2223 1616 2259 in
1638 2237 1691 2260 ore
1703 2225 1822 2272 sidet,
1849 2227 1972 2262 macies
1993 2227 2030 2263 in
2050 2237 2176 2276 corpore
2197 2239 2277 2265 toto.

1387 2275 1521 2322 Juven.
1542 2274 1614 2311 Sat.
1633 2286 1685 2311 1v.
1709 2286 1767 2323 73.

1440 2332 1482 2362 In
1504 2338 1649 2372 quorum
1666 2326 1757 2372 facie
1777 2326 1917 2376 miserae
1939 2341 2149 2379 magnaeque
2160 2329 2303 2378 sedebat
2478 2333 2482 2355 ¹

1440 2376 1556 2414 Pallor
1577 2376 1763 2414 amicitiae.

1388 2454 1511 2492 neque
1531 2443 1631 2480 aliter
1663 2455 1708 2480 ex
1738 2443 2048 2482 Pirckeimeriano
2080 2445 2153 2483 five
2179 2446 2435 2486 Arondeliano·
2478 2422 2482 2496 l

1389 2494 1604 2531 Gronovius
1628 2493 1817 2531 Observat.
1840 2495 1898 2532 lib.
1921 2508 1968 2533 11.
2006 2507 2083 2544 cap.
2111 2508 2144 2546 3.
2181 2498 2242 2547 qui
2274 2499 2431 2536 adeatur..
2478 2537 2480 2542 ,

1389 2544 1487 2582 Vide
1508 2546 1543 2582 ὅ(
1564 2557 1657 2593 quae
1681 2554 1773 2582 noto
1794 2546 1949 2583 Remed.
1971 2547 2103 2584 Amor.
2127 2547 2183 2590 ys.
2202 2548 2285 2586 268.
2318 2549 2423 2587 scribe
2477 2550 2481 2568 ²

1388 2604 1570 2643 practerea
1585 2623 1594 2638 ,
1622 2599 1772 2632 attonito
1790 2596 1938 2645 virginis
1959 2611 2012 2634 ore
2034 2609 2117 2636 cum
2141 2600 2422 2648 Gottorphiano.
2478 2610 2479 2635 ι

1390 2646 1551 2694 vulgati,
1578 2646 1761 2683 attonitae.
1787 2647 1932 2684 Hzrns.
2477 2642 2480 2672 l

1444 2709 1499 2743 19.
1529 2702 1613 2744 Ergo
1626 2696 1726 2745 ubi]
1758 2702 1842 2745 Ergo
1863 2709 1904 2735 ut
1920 2698 2129 2744 Leidenfis,
2156 2699 2429 2747 quaesolemnis-
2476 2693 2480 2753 l

1384 2746 1613 2784 librariorum
1649 2748 1831 2786 confufio.
1874 2749 1948 2787 vid.
1978 2762 2006 2787 1.
2034 2751 2114 2787 Art.
2144 2754 2225 2799 565.
2274 2749 2431 2788 Remed..
2476 2757 2479 2802 ς

1394 2809 1474 2845 135.
1505 2798 1542 2833 ὅ(
1566 2810 1653 2835 mox
1677 2799 1780 2847 Eleg-
1799 2799 1871 2847 seq.
1900 2800 1954 2842 iss.
1990 2812 2044 2846 ις.
2070 2800 2129 2837 hic
2152 2814 2239 2839 vero
2260 2802 2318 2838 ubi
2337 2799 2426 2838 mol·
2476 2803 2479 2839 l

1389 2848 1520 2885 liorem
1552 2849 1637 2885 facit
1670 2850 1826 2887 versum.
1857 2850 2023 2899 conspexit
2044 2851 2191 2890 Lovan.
2223 2853 2261 2890 ὅ(
2289 2853 2435 2898 junian..
2476 2841 2479 2874 ¹

1391 2899 1535 2947 respexit
1556 2900 1655 2936 alius,
1685 2900 1814 2937 Euam.
2475 2877 2479 2972 l

1442 2962 1502 2986 20.
1530 2953 1575 2985 Et
1591 2960 1689 2999 pater
1710 2950 1752 2995 est
1769 2950 1890 3000 aliqua
1903 2952 2035 2999 fraude
2051 2952 2278 3003 morandus]
2307 2956 2434 2989 Tenen--

1391 3000 1455 3035 dus
1488 3002 1594 3047 prim.
1627 3000 1734 3037 Polit.
1765 3003 1801 3038 &
1835 3014 1900 3050 pro
1932 3003 2068 3041 diversa
2092 3003 2254 3042 lec'tione
2281 3003 2431 3046 Gottotf

1390 3050 1555 3098 phianus.
1583 3049 1726 3095 Scribe,

2031 3108 2221 3151 Tenemur,

1443 3155 1522 3187 Aut
1539 3159 1638 3199 pater
1656 3151 1698 3198 est
1718 3151 1841 3202 aliqud
1851 3153 1982 3199 fraude
2004 3155 2191 3199 tenendus,
2220 3156 2286 3194 ait.

1392 3201 1428 3239 Si
1448 3202 1528 3250 quis
1552 3204 1593 3237 ‘rb
1614 3203 1803 3239 morandus
1824 3203 1949 3248 malit,
1975 3205 2025 3241 nil
2047 3217 2224 3254 repugno.
2253 3207 2395 3244 Ηεῐκς.

1438 3264 1496 3288 22.
1524 3250 1631 3288 Flexa
1657 3252 1782 3301 tulin]
1811 3254 1920 3293 Dedit
1945 3266 2035 3294 unus
2057 3256 2215 3297 Gallicus
2229 3257 2358 3296 codex.
2376 3256 2428 3301 lue

1389 3303 1491 3353 mina
1510 3304 1609 3353 versa
1637 3301 1799 3352 plurimi,

2283 3367 2343 3407 23.
2371 3355 2427 3404 Vig-
2473 3339 2477 3416 Ι
