2495 3675
209 177 319 247 ‘540‘
701 165 762 223 P.
838 153 1256 220 0V1D11

1328 154 1868 220 NASONIS

506 259 706 337 Inspice
735 259 989 316 ludorum
1017 257 1244 318 sunum,
1282 249 1552 322 Auguste,
1591 263 1839 311 tuorum:

369 351 473 403 510

580 335 738 388 Emta
760 334 858 388 tibi
884 347 1078 401 magno
1103 327 1222 381 talia
1247 324 1413 378 multa
1439 324 1598 396 leges,

517 406 676 463 Haec
704 422 761 460 tu
787 404 1048 476 spectasti,
1086 396 1471 470 spee'tandaque
1495 399 1647 469 saepe
1674 397 1884 455 dedisti.

592 480 838 550 Majestas
862 477 1000 528 adeo
1027 471 1195 526 comis
1218 469 1417 544 ubique
1443 484 1532 526 tua
1555 471 1645 525 est.

518 553 955 619 Luminibusque
973 544 1074 598 tuis
1089 583 1105 607 ,
1145 556 1290 598 totus
1313 544 1508 617 quibus
1531 546 1732 600 utimur
1759 545 1944 612 orbis;

591 624 813 678 Scenica
840 617 1011 673 vidisti
1045 618 1216 672 lentus
1243 616 1517 672 adulteria.

380 718 478 769 515
518 698 762 754 Scribere
787 693 823 747 s1
849 691 924 746 fas
957 689 1032 744 est
1051 690 1318 751 imitantes
1343 690 1515 762 turpia
1540 690 1765 756 mimos;

595 766 858 824 Materiae
885 764 1061 819 minor
1087 761 1162 818 est
1189 761 1366 817 debita
1389 780 1563 835 poena
1591 780 1759 820 meae.

230 991 434 1035 grammate
466 988 551 1019 ante
574 979 683 1018 libros
703 991 874 1017 amorum
890 1006 899 1023 ,
927 976 988 1016 ubi
1008 974 1189 1027 voluptati
1208 987 1278 1025 op-

233 1038 404 1085 ponitur,
434 1032 666 1070 manifestum
687 1032 747 1068 est.
779 1033 828 1068 ita
847 1030 957 1067 senex
979 1028 1038 1066 ille
1058 1028 1092 1066 se
1121 1028 1276 1076 puniens

230 1086 329 1134 apud
347 1086 570 1123 Terentium
585 1082 720 1119 arando
733 1109 743 1126 ‚
757 1081 958 1123 fodiendo,
987 1090 1123 1127 poenas
1144 1077 1250 1116 dabat
1263 1105 1274 1122 ‚

233 1139 320 1185 quia
334 1136 398 1184 ista
415 1149 482 1172 non
496 1133 670 1182 voluptati
682 1143 799 1177 erant,
811 1141 850 1169 ut
861 1132 1038 1169 Chremes
1052 1129 1140 1167 dicit
1152 1127 1236 1166 Λᾶ.
1249 1141 1276 1166 1.

236 1189 340 1226 Sc.1.
358 1199 412 1234 19.
434 1186 502 1224 Sed
523 1185 547 1222 fi
569 1185 648 1233 quis
675 1185 792 1221 animi
823 1180 939 1220 caussa
969 1180 1175 1219 durissimos
1195 1179 1277 1217 illos

239 1239 361 1287 operis
373 1237 490 1275 rustici
508 1235 648 1273 labores
667 1234 797 1272 subiret
810 1261 822 1278 ,
842 1245 888 1272 an
907 1233 944 1270 &
965 1233 1004 1270 hi
1019 1241 1142 1281 poenae
1152 1231 1279 1286 nomi-

235 1301 286 1328 ne
307 1290 474 1326 venirent
502 1286 516 1322 ?
546 1285 593 1323 sic
622 1286 750 1323 Senec.
780 1285 895 1334 Hipp.
918 1294 1003 1331 439.
1037 1282 1138 1331 Qid
1166 1291 1199 1318 te
1215 1280 1279 1330 tpsb

230 1340 344 1389 poenis
360 1338 530 1388 gravibus
549 1337 686 1384 infestus
707 1336 826 1372 domas
847 1345 862 1373 ,Ρ
889 1346 1003 1384 quem
1026 1333 1172 1370 versum
1192 1330 1280 1368 idco

235 1391 366 1439 rejecit
388 1390 565 1437 Scaliger,
598 1388 682 1436 quia
701 1398 860 1435 poenam
877 1414 887 1430 ,
916 1384 1126 1432 improbum
1149 1395 1191 1419 ac
1211 1382 1282 1419 rni-

233 1440 356 1478 serum
377 1440 541 1477 laborem
561 1439 632 1476 dici
653 1448 728 1475 non
740 1444 893 1486 putaret.
905 1436 1003 1474 reete
1018 1446 1106 1472 vero
1117 1434 1282 1472 summus

240 1492 458 1529 Gronovius
471 1491 600 1528 docuit
614 1516 624 1534 ,
638 1488 807 1526 miserum
821 1487 985 1525 laborem
1001 1514 1011 1531 ,
1033 1497 1129 1536 quae
1148 1483 1281 1533 suppli-

240 1542 289 1581 cii
317 1543 403 1580 loco
435 1541 484 1578 est
504 1567 515 1583 ‚
551 1542 598 1578 ita
629 1539 720 1577 sumi
742 1567 752 1584 ,
777 1538 900 1577 multis
918 1538 1094 1587 exemplis
1113 1536 1159 1574 ad
1177 1535 1281 1573 illurn

242 1593 370 1631 locum
386 1621 397 1637 ‚
426 1593 464 1630 ὃ(
481 1592 541 1629 lib.
563 1604 608 1628 u.
627 1591 825 1638 Observ.9.
851 1589 1033 1627 Producat
1045 1599 1134 1637 ergo
1154 1597 1284 1624 exem-

240 1645 344 1692 plum
363 1643 534 1681 Dictator
560 1641 680 1680 noster
711 1641 850 1690 reipub.
874 1641 1074 1683 literariae,
1102 1650 1179 1687 quo
1199 1648 1286 1686 pro-

240 1694 304 1732 bet
324 1695 509 1738 laborem,
532 1694 643 1730 etiam
662 1692 840 1740 sponte&
855 1691 1044 1740 voluptate
1066 1689 1286 1736 susceptum,

241 1755 385 1794 poenam
408 1745 547 1782 Latinis
566 1744 650 1781 dici.
673 1743 770 1780 rec'te
791 1753 881 1779 vero
908 1743 946 1779 &
963 1744 1046 1791 jure
1065 1740 1212 1788 vapulat
1229 1738 1288 1775 ille

244 1798 419 1834 omnium
438 1795 665 1832 eruditorum
686 1792 909 1830 obtrectator
936 1793 1017 1829 viro
1049 1790 1290 1828 eruditiffimo

249 1846 340 1883 Chr.
358 1849 454 1894 Aug.
470 1846 698 1882 Heumanno
713 1845 749 1881 in
763 1844 923 1892 Parergis
941 1843 1096 1880 Criticis.
1116 1853 1197 1890 pag.
1211 1844 1293 1887 163.

246 1897 320 1935 Sed
342 1906 382 1934 ut
404 1898 565 1934 frontem
598 1895 760 1932 hominis
788 1894 912 1932 videat
941 1893 1037 1931 orbis
1058 1892 1218 1930 eruditus
1254 1893 1292 1930 in

247 1947 478 1986 Bibliotheca
502 1946 641 1984 Seleeta
662 1946 714 1983 T.
732 1957 840 1983 xxvi.
858 1956 939 1993 pag.
958 1944 1042 1991 267.
1071 1943 1180 1980 tribus
1211 1954 1293 1980 ver-

246 1999 299 2036 bis
319 2000 478 2037 refutans
509 1997 778 2034 Heumannum
792 2024 801 2040 ‚
829 1997 1024 2034 nominare
1044 2002 1171 2031 tamen
1193 1993 1294 2042 quafi

247 2049 464 2098 pudendum
484 2057 588 2086 tanto
612 2049 690 2086 viro
714 2047 956 2084 adversar-ium
971 2073 981 2090 ,
1008 2057 1086 2082 non
1106 2045 1294 2093 dignatus,

247 2112 298 2138 ne
319 2100 436 2138 lec'tor
455 2100 557 2138 sciret
576 2111 620 2137 ex
651 2096 809 2148 profeffo
839 2109 860 2134 a
889 2099 969 2133 viro
1003 2096 1117 2133 docio
1141 2095 1297 2143 plurima

249 2152 329 2200 ejus
349 2152 513 2189 facinora
533 2152 689 2188 literaria
718 2147 788 2186 esse
808 2146 1026 2196 deprehensa
1047 2148 1087 2183 &
1110 2146 1298 2195 castigata,

249 2202 587 2240 dicitGronovium
608 2201 706 2238 idem
721 2200 850 2237 sentire
861 2197 1071 2247 quodipse,
1100 2198 1138 2234 &
1153 2206 1301 2246 poenam

248 2264 318 2302 pro
342 2253 454 2290 labore
481 2253 598 2302 sumi;
628 2255 729 2300 quod
743 2249 988 2292 falsissimum,
1017 2250 1054 2285 &
1075 2248 1302 2296 in'expudo-

252 2311 352 2341 ratae
382 2305 511 2341 frontis
544 2302 797 2340 mendacium.
825 2311 909 2336 nam
935 2300 1150 2336 Gronovius
1169 2300 1207 2335 in
1235 2300 1302 2337 ob-

251 2354 516 2392 servationibus
546 2354 706 2391 refutans
735 2351 955 2399 Scaligerum
983 2378 993 2394 ,
1028 2350 1091 2399 qui
1122 2349 1301 2388 Senecam

252 2415 397 2455 poenam
418 2417 483 2451 pro
501 2405 624 2442 labore
646 2401 769 2440 dixitl‘c.¹
793 2414 870 2438 non
892 2409 1034 2449 poterat
1054 2411 1303 2450 concoquere.

256 2456 368 2494 addit.
395 2456 487 2492 dixit
505 2457 593 2504 (scil.
613 2455 767 2499 Seneca)
783 2463 843 2502 pro
871 2451 984 2488 labore
1012 2451 1179 2489 M1sERo
1209 2453 1302 2500 ejus,

257 2521 359 2556 quem
391 2507 509 2544 innuit
538 2507 662 2544 nutrix
688 2504 790 2541 iratis
818 2503 884 2540 diis
913 2514 1041 2540 natum
1063 2504 1187 2549 frublu
1206 2503 1305 2540 vitae

260 2571 383 2596 carere.
411 2557 508 2595 Vide
522 2558 659 2606 reliqua
683 2558 721 2593 &
736 2555 780 2592 ad
796 2554 1194 2604 TragicumSenecam
1209 2582 1220 2598 ‚
1242 2554 1305 2593 ubi

259 2609 399 2645 videbis
431 2609 532 2646 illum
567 2621 643 2645 non
671 2606 882 2655 simpliciter
905 2617 1048 2654 poenam
1080 2617 1146 2654 pro
1169 2605 1304 2650 labore,

261 2657 321 2695 sed
343 2671 407 2706 pro
427 2658 754 2707 miserescimprobo
767 2668 906 2706 capere.
925 2668 970 2694 an
991 2657 1090 2693 enim
1106 2657 1165 2694 ille
1186 2656 1231 2694 de
1252 2656 1306 2693 Ici-

262 2708 361 2752 bore,
390 2711 452 2757 qui
474 2711 615 2758 summa
640 2722 723 2747 cum
744 2709 959 2756 voluptate,
987 2708 1026 2744 ὃς
1048 2707 1137 2744 lucri
1166 2707 1307 2755 cupidi·

262 2770 310 2795 ne
334 2759 353 2795 a
375 2760 494 2797 Poetis
523 2761 714 2799 insumitur
743 2759 934 2796 scribendis
961 2756 1138 2802 versibus,
1162 2767 1306 2806 poenam

263 2808 336 2846 dici
357 2810 587 2849 credidiffet?
615 2811 701 2848 absit
722 2811 812 2847 haec
839 2809 1044 2858 ignorantia
1067 2809 1212 2857 linguae
1236 2809 1310 2846 La-

263 2860 364 2896 tinae
393 2872 411 2896 a
441 2861 586 2898 summo
617 2863 692 2909 ejus
719 2861 853 2898 arbitro
887 2862 924 2896 &e
945 2858 1103 2897 vindice.
1153 2861 1308 2907 Quanto

265 2910 398 2948 melius
428 2913 527 2948 vocis
560 2919 687 2948 Poenae
716 2923 800 2948 vera
832 2912 883 2947 vis
916 2923 959 2948 ex
990 2910 1112 2958 lingua
1143 2911 1311 2955 Graeca,

265 2972 361 3010 quae
381 2970 497 2997 mater
515 2963 562 2998 est
586 2963 738 2998 Latinae
757 2962 875 2999 habita
899 2989 909 3005 ,
947 2973 1059 3009 quam
1084 2973 1128 2998 ex
1152 2962 1313 3006 Gallica,

265 3023 361 3060 quae
380 3011 450 3048 filia
462 3011 532 3054 est,
560 3011 779 3049 deducitur?
809 3012 948 3048 Graece
962 3021 1085 3048 autern
1111 3013 1210 3051 πείνη
1230 3024 1314 3060 pro-

265 3063 343 3111 prie
366 3061 413 3098 cll
440 3073 576 3099 merces
592 3090 600 3102 ,
626 3062 837 3104 retributio,
866 3074 959 3109 quate
981 3064 1082 3100 datur
1102 3074 1167 3110 pro
1189 3064 1314 3113 aliquo

268 3113 380 3150 facto.
410 3113 447 3148 ἃ
476 3124 559 3149 cum
591 3114 683 3149 facta
711 3112 778 3148 sint
809 3111 865 3148 vel
887 3113 983 3148 bona
1004 3113 1061 3149 vcl
1082 3114 1200 3158 mala,
1228 3114 1315 3152 hinc

269 3164 365 3212 apud
397 3163 557 3199 Graecos
594 3167 630 3199 ὃ(
678 3163 830 3199 Latinos
860 3163 987 3199 omnia
1017 3164 1076 3199 ilia
1111 3165 1314 3210 vocabula,

265 3225 362 3261 quae
384 3222 513 3250 notant
537 3215 813 3250 1·ct1·2¹.>nz;r›neni
830 3240 838 3255 ,
868 3211 1051 3260 duplicem
1075 3213 1315 3260 lt-ibcntvim,

268 3265 308 3303 &
336 3267 371 3301 in
397 3266 531 3301 bonam
563 3267 598 3299 ζκ*
625 3264 755 3299 mfltm
783 3272 920 3309 partein
951 3263 1041 3300 sumi
1072 3263 1199 3301 solent.
1230 3267 1316 3304 vide

262 3314 310 3353 de
332 3316 397 3354 hac
423 3327 514 3354 voce
536 3318 633 3356 noi-m
653 3314 763 3353 baim.
784 3313 829 3352 de
853 3313 960 3366 Usur,
983 3325 1060 3363 cap.
1085 3327 1129 3354 11.
1150 3327 1232 3364 pag.
1256 3329 1316 3356 22.

2291 846 2381 906 An

1332 975 1530 1025 Spanhem.
1539 976 1584 1016 ad
1596 976 1686 1015 Call.
1698 976 1866 1028 Hym.in
1877 975 1990 1018 Dian,
2002 989 2038 1018 v,
2049 979 2134 1029 263.
2148 981 2186 1020 &
2199 982 2380 1026 D.Heins.

1333 1028 1378 1065 ad
1398 1029 1457 1066 Sil.
1482 1028 1562 1066 Ital.
1584 1040 1631 1065 ιι.
1661 1041 1744 1076 592.
1781 1037 1893 1080 atque
1915 1031 1965 1068 ita
1984 1030 2101 1079 poffet
2121 1032 2207 1077 hic,
2237 1035 2380 1083 vulgata

1331 1078 1496 1136 lezftione
1517 1086 1687 1134 retenta,
1714 1079 1831 1118 sensus
1861 1079 1954 1126 effe,
1982 1093 2136 1132 quoque
2158 1086 2279 1122 minus
2297 1097 2382 1134 pro-

1333 1129 1407 1167 dest
1428 1129 1586 1178 (scilicet
1615 1129 1812 1178 moribus)
1849 1131 1965 1169 Po'e'ta
1985 1160 1997 1177 ‚
2032 1134 2147 1182 (haec
2174 1136 2275 1173 enim
2306 1148 2381 1176 vox

1333 1179 1410 1216 ἀπὸ
1428 1183 1537 1217 κοινοῦ
1556 1181 1780 1229 repetenda)
1808 1193 1856 1218 eo
1879 1183 1999 1237 major
2017 1195 2157 1222 merces
2177 1185 2241 1235 ipsi
2269 1186 2384 1229 datur.

1335 1232 1428 1279 Quo
1456 1239 1719 1279 argumentum
1740 1231 1790 1270 est
1809 1231 1976 1270 lasciv1us
2007 1234 2047 1271 &
2076 1237 2189 1284 magis
2219 1227 2415 1278 moribuss
2478 1224 2481 1225 ⁷

1333 1289 1480 1326 nocet,
1526 1293 1573 1319 eo
1619 1283 1738 1332 majus
1775 1282 1919 1322 lucrum
1960 1284 2077 1323 adfert
2112 1290 2260 1334 poetae.
2309 1290 2390 1329 hoc*

1336 1341 1434 1370 certe
1454 1331 1676 1372 tolerabilius
1697 1331 1785 1371 effet
1800 1361 1812 1378 ,
1846 1345 1958 1383 quam
1975 1344 2122 1385 pomam
2142 1338 2305 1377 laborem
2328 1340 2414 1378 invv

1334 1384 1535 1431 terpretari.
1556 1384 1728 1432 potuisset
1747 1385 1860 1423 etiarn
1883 1413 1894 1430 ‚
1940 1385 1966 1423 fi
1991 1388 2133 1425 acutior
2172 1389 2211 1426 &
2239 1389 2385 1430 doetior
2416 1395 2422 1408 ¹
2480 1406 2485 1414 =

1337 1432 1448 1478 effer,
1470 1434 1529 1472 ille
1550 1436 1722 1474 omnium
1745 1435 2087 1476 Grammaticorum
2109 1445 2251 1478 tremor
2270 1442 2309 1479 ὃς
2329 1443 2386 1480 in-
2414 1436 2416 1442 ⁸
2484 1429 2486 1434 ¹

1296 1525 1301 1530 ,
1339 1486 1476 1530 famia,
1496 1485 1712 1533 praesidium
1742 1487 1779 1524 in
1801 1488 1943 1537 origine
1971 1490 2074 1527 vocis
2105 1500 2280 1538 quaerere
2299 1519 2310 1537 ,
2346 1493 2420 1532 &⁴¹¹

1340 1547 1425 1574 cum
1445 1537 1661 1586 quibusdam
1682 1538 1799 1579 ποὶνην
1819 1538 2000 1578 deducere
2021 1552 2041 1578 a
2063 1539 2163 1583 πόνος
2174 1541 2289 1588 labor,
2302 1537 2402 1593 quia¹

1339 1586 1439 1625 nulla
1457 1599 1578 1636 poena
1600 1588 1675 1626 fine
1692 1589 1816 1629 labore
1837 1591 1875 1627 δε
1894 1590 2060 1629 molestia
2080 1591 2127 1629 est
2139 1606 2151 1635 ;
2178 1593 2238 1631 sed
2257 1587 2429 1637 rectius

1343 1639 1465 1678 ποὶνην
1494 1638 1594 1687 quasi
1614 1639 1738 1686 <poium
1757 1640 1919 1686 dictam,
1946 1641 2082 1680 discere
2107 1654 2153 1681 ex
2173 1643 2389 1684 Camerario

1344 1688 1390 1725 ad
1411 1688 1586 1736 Sophocl.
1606 1690 1737 1728 Ele-(Str.
1757 1691 1810 1734 Μ.
1829 1705 1872 1730 21
1885 1704 1914 1729 r.
1941 1692 1967 1730 fi
1984 1693 2071 1731 tales
2088 1693 2196 1732 libros
2210 1708 2390 1745 umquam
2404 1703 2416 1706 “

1343 1738 1522 1777 tractasset
1544 1739 1713 1784 ὀψιμαθῆς
1732 1741 1816 1787 ille,
1829 1741 2124 1793 potuiffet,quia
2135 1745 2294 1794 primum
2307 1759 2392 1796 pro·
2425 1785 2430 1788 .

1345 1792 1423 1838 prie
1441 1791 1587 1829 notavit
1613 1794 1772 1840 pretium
1794 1821 1805 1837 ‚
1841 1793 1946 1843 quod
1973 1794 2022 1832 ob
2048 1805 2290 1844 perpetratam
2312 1810 2394 1837 cae-

1346 1841 1434 1879 dem
1455 1841 1682 1888 solvebatur,
1712 1844 1751 1881 &
1779 1855 1864 1881 cum
1896 1844 2031 1883 deinde
2049 1858 2170 1894 poena
2192 1849 2316 1896 capitis
2338 1853 2396 1888 re-‘

1349 1899 1459 1949 cepta·
1475 1890 1585 1938 esset,
1613 1894 1733 1932 tenuit
1753 1903 1856 1933 vetus
1875 1896 2028 1934 verbum
2041 1925 2051 1941 ,
2080 1898 2183 1946 quod
2202 1900 2246 1937 ad
2266 1902 2396 1939 omnia

1347 1942 1579 2000 supplicia&
1604 1956 1742 1992 poenas
1774 1946 1844 1984 fuit
1869 1946 2086 1986 adhibitum.
2107 1948 2164 1986 sed
2191 1951 2244 1987 his
2273 1951 2396 1996 mistis,

1349 2005 1418 2030 nos
1439 1994 1619 2031 credimus
1633 2023 1643 2039 ,
1669 1997 1781 2034 tutius
1800 1997 1900 2035 hunc
1925 1997 2050 2036 locum
2076 2000 2246 2039 constitui
2263 2014 2308 2040 ex
2319 2002 2397 2041 sen-

1350 2044 1463 2081 tentia
1485 2044 1683 2083 doetiffimi
1703 2047 1944 2093 Heumanni,
1971 2050 2034 2098 qui
2055 2050 2164 2098 legit,
2392 2045 2400 2049 ⁵

1404 2096 1549 2150 Quoque
1570 2097 1687 2133 minus
1698 2098 1829 2146 prodest
1841 2127 1852 2143 ,
1874 2101 1980 2147 scena
1997 2100 2041 2145 eli
2061 2100 2192 2150 lucrosa
2215 2105 2349 2141 Po'e'tae.

1353 2144 1454 2183 senlu
1473 2145 1551 2202 satis
1569 2147 1776 2196 eleganti&
1790 2149 1901 2198 plano
1916 2178 1926 2195 ‚
1939 2150 2036 2188 illam
2050 2151 2226 2188 scenicam
2240 2153 2398 2201 Poefinj

1356 2207 1451 2243 quae
1469 2208 1589 2234 minus
1612 2198 1777 2236 moribus
1796 2200 1965 2246 prodest,
1993 2211 2040 2237 eo
2060 2203 2174 2249 magis
2194 2200 2264 2239 esse
2277 2204 2400 2242 lucro-

1357 2245 1430 2284 sam
1451 2245 1605 2284 Po‘e'tae.
1623 2249 1688 2297 qui
1711 2250 1749 2286 &
1769 2261 1848 2286 non
1870 2250 2028 2287 insolens
2050 2249 2120 2288 effe
2141 2251 2299 2291 ostendit
2320 2255 2401 2303 post

1358 2310 1447 2348 quo,
1473 2309 1549 2334 non
1575 2298 1675 2347 sequi
1697 2312 1730 2334 eo
1753 2326 1764 2343 ,
1800 2300 1859 2338 vel
1890 2314 1924 2337 eo
1945 2300 2066 2350 magis.
2094 2303 2132 2339 ὅ(
2161 2312 2251 2350 puto
2273 2316 2400 2346 veram

1358 2349 1454 2386 hanc
1476 2347 1546 2385 effe
1565 2349 1766 2387 leetionem
1780 2350 1967 2389 &sensum
1982 2379 1993 2397 ‚
2023 2353 2080 2389 cui
2107 2354 2402 2403 acquiescemus,

1358 2398 1481 2456 donec
1502 2400 1583 2447 quis
1602 2400 1797 2438 meliorem
1821 2402 1998 2440 inveniat.
2027 2416 2158 2453 quoque
2182 2405 2298 2442 minus
2310 2418 2401 2446 vero

1354 2462 1434 2499 jam
1455 2449 1694 2489 Bersmannus
1717 2451 1892 2489 ediderat.
1935 2458 2043 2489 scena
2063 2463 2185 2492 autem
2215 2467 2281 2504 pro
2297 2466 2402 2506 poena

1360 2500 1558 2550 legendum
1572 2500 1642 2541 esse
1659 2501 1703 2540 ab
1727 2502 1884 2540 Heinsio
1901 2503 1980 2553 jam
2005 2511 2080 2542 erat
2099 2507 2404 2548 animadversum.

1360 2552 1491 2593 Euam.

1414 2605 1498 2652 508.
1525 2605 1706 2656 Praetor]
1736 2606 1884 2644 Aediles
1903 2606 1978 2644 hoc
1990 2606 2104 2655 magis
2124 2605 2243 2645 feciffe
2263 2620 2308 2646 ex
2321 2610 2406 2648 Me·'

1361 2656 1438 2693 rula
1457 2666 1562 2694 notat
1580 2659 1700 2695 editor
1713 2657 1888 2696 Parisinus
1902 2682 1914 2703 ,
1935 2658 1974 2695 δε
1987 2669 2071 2695 cum
2085 2657 2326 2702 Nostrofacit
2342 2660 2407 2709 Ju-,

1362 2707 1481 2745 venai.
1502 2720 1554 2746 vr.
1577 2720 1661 2756 379.

1416 2758 1451 2794 si
1471 2759 1598 2806 gaudet
1618 2769 1745 2805 cantu,
1771 2759 1904 2796 nullius
1922 2758 2025 2808 fibila
2043 2757 2151 2796 ducat

1418 2814 1533 2845 Vocem
1555 2811 1738 2848 vendentis
1750 2810 1976 2861 praetoribus.

1367 2859 1404 2897 &
1426 2859 1498 2897 Sat.
1519 2873 1608 2898 vm.
1641 2874 1721 2910 194.

1417 2916 1489 2946 Nec
1508 2911 1674 2948 dubitant
1695 2911 1770 2958 celsi
1787 2910 1960 2949 Praetoris
1979 2912 2126 2949 vendere
2143 2912 2222 2950 ludo

1369 2962 1544 2997 Carmina
1567 2969 1709 2999 Praetor
1729 2963 1876 3001 Lovan.
1898 2963 1938 3000 δε
1965 2971 2035 3000 tres
2058 2965 2128 3001 alii.
2148 2971 2291 3002 Praetor
2310 2964 2408 3005 habet

1369 3010 1540 3048 Politian.
1567 3010 1696 3049 Buram.
2408 3011 2411 3013 ’

1424 3073 1506 3109 5¹0·
1534 3062 1694 3111 Malta]
1725 3070 1855 3114 Nempe
1876 3063 2043 3102 Bernens.
2060 3064 2188 3113 scripta
2211 3066 2354 3111 Junian.

1423 3123 1506 3160 5¹¹·
1534 3118 1632 3168 saepe
1651 3114 1809 3163 dedisti.]
1833 3115 1954 3151 Multa
1965 3115 2110 3151 Lovan.
2124 3118 2161 3152 ὃς
2176 3116 2414 3158 Sari-avianus,

1371 3174 1463 3200 mox
1476 3190 1486 3205 ‚
1511 3163 1608 3199 mnis
1630 3164 1755 3214 ubique
1774 3164 1941 3202 Bernens.

1426 3224 1508 3261 513.
1540 3218 1642 3250 Totus
1670 3216 1794 3262 quibus
1812 3214 1928 3251 utitur
1945 3214 2075 3264 orbim}
2104 3217 2243 3254 Uzimur
2264 3219 2415 3258 Gottor-'

1371 3263 1536 3314 phianus.
1565 3265 1648 3302 vide
1668 3267 1786 3302 Notas
1810 3266 1903 3302 Met.
1922 3266 2027 3308 v.>·‘ss.
2051 3278 2134 3315 342.
2164 3270 2307 3307 i—iams.
2410 3259 2416 3266 ¹

1426 3327 1508 3365 5¹4·
1535 3316 1669 3355 scenica
1692 3315 1847 3365 schasti
1867 3315 1978 3356 taetus
1998 3316 2217 3371 adulterim]
2273 3319 2419 3358 Rectius

2298 3381 2418 3408 omni-
