2495 3675
450 151 1699 219 FASTORUML113.

1772 166 1866 227 IV.

223 283 290 348 65
365 275 607 332 Venerat
634 273 886 330 Evander
912 273 1067 346 plena
1092 288 1216 352 cum
1242 271 1395 328 claffe
1423 273 1666 331 suorum:

438 348 680 404 Venerat
706 347 953 410 AlcideS,
991 344 1183 414 GraJus
1212 358 1443 420 uterque
1468 366 1650 421 genus,

366 421 582 494 Hospes
614 419 894 477 Aventinis
933 432 1233 472 armentum
1261 422 1405 490 pavit
1428 422 1481 477 in
1508 422 1682 478 herbis

438 495 716 566 Claviger:
757 492 813 545 &
839 503 991 544 tanto
1015 490 1090 544 est
1122 491 1314 546 Albula
1340 507 1466 565 pota
1493 497 1632 552 Deo.

360 569 492 624 Dux
514 583 732 640 quoque
760 563 1015 621 Neritius,
1053 564 1207 618 testes
1232 564 1620 640 Laestrygones
1637 570 1868 628 exstant:

212 660 281 712 70

426 637 673 711 Et-quod
711 636 886 690 adhuc
925 636 1112 692 Circes
1138 639 1355 693 nomina
1383 641 1501 696 litus
1526 644 1699 701 habet.

358 714 429 770 Et
448 713 554 782 jam
578 709 880 780 Telegoni,
912 708 1019 779 jam
1043 712 1253 766 moenia
1278 710 1497 769 Tiburis
1524 718 1616 771 udi

429 783 673 838 Stabant:
715 782 1004 853 Argolicae
1028 784 1182 855 quod
1211 784 1432 856 posuere
1463 805 1663 846 manus.

356 857 594 914 Venerat
624 855 845 909 Atrides
871 855 988 909 fatis
1014 857 1237 927 agitatus
1263 857 1521 925 Halesus;

429 931 482 984 A
511 946 621 1001 quo
646 928 698 982 se
724 926 922 982 dietam
948 942 1088 983 terra
1114 928 1307 985 Falisca
1335 946 1500 1003 putat.

209 1023 273 1075 75
348 1002 541 1074 Adjice
567 1000 838 1070 Trojanae
867 1000 1129 1058 suasorem
1153 1005 1434 1060 Antenora
1471 1008 1642 1078 paciS,

425 1075 496 1131 Et
520 1091 779 1146 generum
803 1074 1086 1142 Oeniden,
1126 1077 1341 1150 Appule
1367 1078 1589 1145 Daune,
1633 1093 1799 1140 tuum.

60 1265 63 1269 ’
89 1320 93 1322 .
115 1290 175 1337 67.
202 1288 314 1328 pavit
334 1287 373 1326 in
391 1286 536 1338 herbis]
551 1287 609 1326 sic
628 1287 793 1336 quinque
804 1287 931 1323 Varie.
949 1286 1051 1324 statii
1074 1287 1113 1324 sc

67 1342 146 1380 Urs.
174 1343 342 1380 C1orAN.
379 1339 543 1387 Quidam
569 1338 715 1376 codices
751 1337 909 1382 habent,
937 1337 976 1374 in
1000 1338 1113 1376 arvis.

65 1393 201 1443 Regius
222 1393 333 1430 etiam
350 1418 360 1435 ,
385 1390 481 1440 ponit
500 1390 537 1426 in
558 1388 682 1426 herbis.
773 1437 781 1444 θ
804 1436 812 1444 ·
952 1438 957 1443 .

113 1447 175 1492 69.
202 1449 289 1480 Dux
313 1454 443 1492 quoque
462 1438 665 1488 Naritius.]
695 1444 852 1475 Nermus
871 1437 1054 1475 meliores.
1073 1438 1111 1476 &

61 1494 173 1534 recte.
212 1494 297 1532 vide
325 1502 421 1542 quae
454 1499 549 1529 noto
584 1488 741 1528 Remed.
777 1488 913 1526 Amor.
941 1487 996 1531 sss.
1029 1490 1112 1536 264.

62 1546 304 1645 Hlbgfsfi‘estes
317 1593 550 1642 Laestrygones
559 1588 733 1642 exstant.]
762 1588 841 1639 Ipse
859 1588 1002 1640 Ulysses
1015 1591 1111 1640 apud

62 1648 280 1685 Homerum
301 1647 337 1683 in
358 1642 540 1693 Odyffea:

121 1710 278 1762 Ἐξῖξμοις
300 1706 356 1760 [ἃᾶ
384 1709 471 1758 &pize
489 1705 626 1756 πλέομῆμ
650 1704 772 1747 νύκτας
791 1721 826 1743 τι
848 1709 880 1756 ³3⁸
901 1698 1007 1758 ἔμας.

119 1763 312 1816 Ἐἷέομοίτῃ
332 1762 374 1810 ΑΓ
395 1763 567 1813 ixdpoersoe
586 1758 694 1812 Adys
711 1758 793 1800 οιίπδ
810 1759 1008 1812 πἿολιέθςον,

118 1821 301 1863 Τηλέπυλον
320 1816 576 1872 Λαιςςυγονίάυ.

64 1874 242 1913 ΝΕΑΡΟΙ..

115 1955 178 1993 70.
206 1943 317 1982 Circes
335 1941 478 1981 nomina
500 1941 601 1979 littus
622 1937 769 1988 habet.]
798 1938 929 1978 Idemz

109 2006 224 2048 ’Ἔνθεν
246 2007 264 2058 5
283 2008 426 2057 ωτέρω
446 2003 581 2056 πλέομῖμ
603 2000 810 2053 οἷκκχῆμῧὶυοι
829 1997 929 2056 ἧτος,

108 2060 267 2113 ''Ao-(Spar
286 2063 332 2100 ὠι
353 2059 538 2110 θανάτοιο,
570 2058 678 2108 φίλοις
698 2059 866 2099 ὀλέσαντες
883 2057 1022 2109 haspra.

115 2116 242 2157 Aiaeiba
261 2118 302 2164 ΔΙ]
319 2121 346 2160 ἒς
366 2119 451 2159 νῆα-ον
472 2116 671 2166 οἷφικομεθ-’.
694 2114 776 2151 ’ένθοι
798 2114 839 2160 dl]
855 2112 935 2151 ’ἔναιε

115 2178 229 2226 Κίρκη.

62 2238 220 2279 Insulam
257 2248 368 2279 vocat
386 2268 396 2285 ‚
442 2250 555 2289 quam
585 2236 712 2275 Strabo
753 2233 889 2273 insulae
926 2232 1107 2294 speciem:

60 2293 169 2328 Μετῖι
188 2291 227 2328 δε
249 2320 260 2337 ,
297 2292 418 2340 inquit
445 2291 508 2329 hb.
528 2302 564 2328 v.
589 2287 726 2325 Ἄντιον
747 2287 789 2323 τὸ
819 2286 981 2328 Κιρκαῖον
1004 2295 1102 2340 ξςιν,

61 2341 134 2388 ’όρος
154 2342 317 2390 νησιάζον
335 2342 508 2387 θαλάττῃ
527 2342 594 2384 τὲ,
622 2339 685 2376 καὶ
704 2337 816 2374 ἕλεσι.
837 2336 962 2392 Nun.
985 2340 1105 2391 Litora

64 2405 187 2430 nomen
203 2393 330 2430 habent
347 2394 502 2430 Putean.
519 2391 640 2428 Circae
662 2390 737 2428 duo
753 2403 763 2431 ;
785 2388 918 2424 Latina
933 2385 1106 2423 flexione.

64 2442 139 2480 vid.
161 2443 360 2481 Broukhus.
378 2442 423 2480 ad
442 2442 603 2489 Propert.
622 2452 670 2476 11.
691 2451 762 2475 vu.
781 2437 841 2485 83.
862 2436 993 2473 Euam.
1080 2487 1088 2494 .

119 2503 178 2539 71.
207 2497 253 2530 Et
266 2493 346 2541 jam
365 2490 557 2539 Telegoni.]
588 2488 799 2526 Tusculum
822 2486 866 2521 ab
884 2487 958 2522 hoc
979 2485 1108 2524 condi-

64 2549 147 2581 tum
159 2555 237 2581 non
257 2554 349 2591 opus
366 2550 407 2579 ut
424 2541 591 2589 probem.
610 2538 732 2586 Hujus
750 2535 876 2584 oppidi
895 2536 956 2571 vix
970 2535 1108 2574 exstant

64 2593 180 2632 hodie
201 2605 316 2643 pauca
346 2592 473 2630 rudera
495 2601 609 2639 prope
631 2588 862 2625 Frascatium.
890 2585 1015 2622 NEAP.

121 2655 180 2686 71.
209 2643 350 2680 Moenia
380 2641 562 2691 Tyburis.]
594 2640 697 2677 Haec
714 2638 864 2675 statuere
877 2643 947 2673 tres
967 2636 1104 2681 fratres,

66 2693 240 2739 Catillus,
265 2694 400 2737 Coras,
427 2692 656 2740 Tyburtius‚
682 2686 1000 2745 five-Tyburnnus3
1030 2692 1105 2722 Ar-

61 2744 351 2795 givajuvemus,
378 2745 495 2792 inquit
514 2742 639 2779 Vates.
666 2740 701 2777 A
718 2748 940 2795 primigenio
963 2748 1105 2793 nomen

66 2796 146 2834 urbi
166 2796 338 2834 inditum.
390 2794 461 2831 Sed
481 2794 518 2830 δε
547 2792 680 2829 moenia
709 2788 855 2834 Catilli,
884 2799 960 2825 non
984 2799 1104 2826 minus

68 2856 180 2895 quam
200 2846 374 2896 Tyburni,
400 2856 478 2882 non
498 2842 641 2890 pauculi
654 2841 848 2890 appellant.
878 2839 1001 2898 Neara

120 2907 179 2944 71.
207 2897 351 2946 Tyburis
370 2894 469 2944 udi.]
499 2894 674 2932 Horatius
693 2892 752 2930 lib.
777 2904 842 2930 111.
863 2889 949 2928 Oda
967 2901 1105 2929 xxvm.

122 2954 203 2985 Non
218 2949 348 2998 semper
366 2946 476 2984 udum
497 2945 633 2994 Tybur,
658 2953 702 2983 Φ
722 2941 874 2992 AEsulae.

64 2998 381 3099 Νξγζῐῖοῗᾶνςοίὶεαε
400 3061 487 3100 quae
501 3047 633 3096 posuere
654 3043 818 3094 manus]
849 3044 975 3083 Strabo
996 3042 1056 3081 lib.
1068 3055 1105 3081 v.

67 3097 117 3138 de
132 3101 285 3151 Tybure
316 3101 354 3138 &
379 3097 567 3138 Praeneste
588 3111 597 3135 t
637 3098 726 3132 Φασὶ
745 3095 774 3131 δ’
793 3095 1008 3136 Ἑλληνίδας
1033 3094 1104 3150 ξιμ-

65 3151 232 3198 φοτέρας.
257 3151 379 3191 NEAP.
406 3149 512 3200 Qod
523 3149 657 3198 posuere
677 3148 818 3185 Mazar.
835 3146 977 3185 Zulich.
998 3155 1104 3200 prim.

68 3201 236 3240 Ambros.
252 3203 376 3240 Petav.
397 3204 436 3240 ὅ(
466 3201 597 3239 decem
628 3199 699 3237 alii.
724 3198 834 3236 redte.
861 3197 907 3235 de
928 3196 1006 3236 solo
1035 3195 1105 3232 Ti-

68 3251 156 3290 bure
175 3252 344 3302 intellige.
375 3253 510 3290 Horat.
528 3250 605 3289 Od.
627 3261 682 3287 vi.
706 3249 769 3288 lib.
788 3261 835 3287 11.
855 3247 965 3306 Tibur
991 3249 1103 3293 Argeo

59 3301 206 3354 positum
226 3302 346 3343 colono.
369 3303 457 3346 hinc
469 3303 507 3343 &
519 3299 725 3342 Herculeum
738 3299 843 3342 Tibur
853 3298 1010 3341 dietum.
1029 3297 1105 3348 Ca:

2122 1158 2215 1215 Se-‘

1168 1288 1263 1327 tillus
1286 1301 1439 1346 quoque
1460 1292 1573 1331 Coras
1594 1294 1632 1332 ὃς
1662 1294 1853 1335 Tiburtius
1877 1296 2027 1336 Tiburis
2043 1296 2217 1335 condito:

1168 1351 1222 1377 res
1242 1345 1387 1389 Argiva
1400 1343 1573 1390 juventus
1597 1346 1754 1394 Virgilio
1774 1348 2011 1395 appellantur.
2039 1350 2216 1397 Sequenti

1168 1391 1278 1428 etiam
1300 1392 1427 1438 versu,
1458 1395 1602 1432 Atrides
1625 1396 1767 1444 Halesus
1791 1398 1989 1448 legendum
2011 1428 2021 1446 ,
2057 1410 2135 1438 non
2158 1404 2217 1436 A·

1168 1440 1301 1497 tridae‚
1331 1454 1415 1480 cum
1438 1444 1562 1483 Ursini
1579 1446 1671 1484 libro
1694 1450 1729 1485 ὅ(
1756 1449 1929 1499 Naugerii
1945 1451 2095 1500 aliisque
2118 1450 2216 1488 mul-

1167 1498 1222 1530 tis.
1252 1492 1396 1550 Hirrus.
1432 1495 1568 1534 Nescio
1596 1510 1687 1536 num
1718 1500 1870 1547 praestet
1898 1501 2050 1539 Atridae
2073 1530 2083 1546 ,
2111 1501 2215 1550 cujus

1167 1543 1240 1581 fata
1267 1544 1305 1581 ὅ(
1335 1545 1536 1585 infortunia
1574 1548 1611 1586 in
1641 1549 1801 1597 posteros
1828 1552 2006 1590 transiere.
2044 1553 2101 1591 vel
2132 1552 2215 1591 fatis

1171 1595 1466 1643 Agamemnonis
1481 1626 1492 1642 ‚
1510 1599 1546 1636 id
1558 1600 1605 1636 est
1626 1600 1752 1644 caede,
1772 1611 1809 1639 ut
1822 1602 1879 1639 lib.
1895 1616 1956 1640 111.
1969 1604 2103 1642 Amor.
2120 1615 2211 1642 xm.

1169 1655 1228 1694 31.
1254 1658 1324 1683 nec
1344 1647 1422 1685 satis
1445 1649 1606 1695 constat,
1634 1663 1678 1688 an
1703 1653 1852 1691 Halesus
1872 1654 1979 1692 fuerit
2003 1654 2162 1693 Atrides.

1220 1707 1274 1753 74.
1305 1703 1411 1734 Terra
1432 1699 1564 1745 Falisca
1581 1701 1724 1750 putat.]
1772 1704 2011 1743 Veriffimum
2027 1734 2037 1750 ,
2066 1714 2213 1744 mutato

1166 1752 1215 1784 N.
1240 1760 1276 1784 in
1297 1753 1333 1803 F.
1362 1761 1446 1787 cum
1480 1750 1609 1789 Servio
1639 1752 1785 1800 loquor.
1815 1755 1905 1792 Urbi
1920 1765 2051 1801 'autem
2083 1756 2216 1794 Falerii

1167 1798 1206 1834 &
1230 1799 1362 1847 Falisca
1381 1801 1450 1838 fuit
1469 1813 1621 1840 nomen.
1651 1803 1779 1842 Strabo
1798 1806 1835 1843 δε
1860 1806 2004 1845 Solinus
2015 1816 2139 1856 aperte
2150 1807 2216 1846 de-

1168 1850 1263 1898 cepti
1288 1877 1298 1894 ,
1336 1852 1398 1900 qui
1424 1851 1484 1889 lib.
1507 1865 1539 1890 v.
1567 1857 1739 1899 Φαλέριον
1757 1857 1817 1891 καὶ
1839 1859 2013 1894 Φαλῖτκον
2040 1858 2218 1896 discrimi-

1165 1901 1278 1938 navit.
1309 1901 1407 1939 unde
1430 1903 1835 1958 AueiorPolyhistoris:
1867 1909 1955 1955 (gliris
1968 1910 2127 1957 ignorat,
2155 1909 2214 1946 vel

1166 1950 1298 1988 dieram
1330 1952 1389 1990 vel
1411 1955 1586 1992 conditam
1613 1956 1657 1992 ab
1690 1957 1810 2007 Halefh
1834 1961 1969 2008 Argivo
1989 1959 2186 2008 Phaliscam
2200 1988 2213 2006 ,

1164 2000 1190 2038 ιὶ
1212 2002 1372 2041 Phalerio
1393 2005 1530 2053 Argivo
1551 2006 1725 2045 Phalerios
1740 2019 1755 2048 ,θ
1783 2009 1886 2047 Idem
1905 2011 2082 2059 oppidum
2108 2019 2213 2060 puta-

1165 2053 1202 2090 vi
1229 2054 1320 2153 0113n
1354 2066 1399 2093 ex
1427 2056 1502 2094 hoc
1532 2068 1718 2098 marmore
1738 2072 1760 2106 ,·
1789 2061 1920 2110 (apud
1953 2062 2098 2100 Gruter.
2130 2072 2212 2111 pag.

1165 2114 1272 2143 zxvx.

1213 2205 1538 2247 LIBERO
1594 2211 1860 2252 PATRI

1268 2270 1618 2313 SACRVM
1670 2277 1825 2316 PRO

1263 2334 1816 2381 SALVTEIMP.

1265 2398 1772 2442 CAES.M.AVR

1339 2462 1762 2503 COMMODI

1266 2522 1724 2563 ANTONINI

1261 2583 1766 2627 AVG.PIIP.P.

1214 2645 1794 2689 L.CALVISIVS
1848 2651 1894 2691 L.
1947 2652 1995 2699 F„

1213 2709 1877 2753 VELINASECVN

1212 2771 1942 2816 DVS.FALERIONE

1214 2837 1241 2875 P
1305 2837 1330 2874 P
1400 2837 1557 2876 LEG
1625 2839 1839 2878 X111.G.
1898 2869 1907 2878 .

1210 3039 1255 3078 C.
1308 3038 1704 3077 AVRELIO
1762 3039 1920 3080 SAL.
1973 3041 2102 3081 D.D.·

1160 3140 1299 3179 dicstum
1324 3142 1434 3179 etiam
1457 3141 1694 3180 Falerionem:
1723 3142 1812 3182 istud
1835 3155 1925 3181 vero
1948 3144 2034 3182 illud
2056 3143 2104 3181 est
2123 3144 2200 3182 nori

1160 3193 1286 3240 procul
1304 3190 1324 3229 a
1340 3192 1498 3231 Tennae
1512 3194 1686 3232 fontibus.
1711 3194 1745 3232 Si
1766 3192 1904 3233 vidisset
1926 3195 2023 3232 hunc
2040 3194 2199 3241 lapidem

1159 3243 1342 3292 Philippus
1371 3244 1586 3290 Cluverius,
1614 3257 1693 3283 non
1722 3243 1903 3283 titubaffet
1929 3245 1973 3282 de
2000 3256 2087 3281 vero
2108 3243 2200 3281 illius

1158 3293 1235 3335 loci
1254 3296 1423 3335 nomine.
1452 3296 1576 3346 Naar.
1620 3295 1712 3346 vid.
1733 3308 1798 3337 m.
1818 3295 1950 3335 Amor.
1967 3306 2056 3333 xm.
2077 3304 2103 3328 1.

1336 3345 1403 3395 Gg
1431 3357 1451 3385 2
2032 3353 2090 3390 75·
2113 3343 2200 3392 Suq-j
