2495 3675
236 156 337 223 πὶ
740 143 1297 205 P.0V1Dtt

1369 112 1912 207 NAsoN1s

535 248 772 313 FeliceS,
810 249 1000 321 quibus
1029 250 1126 303 hos
1156 246 1304 300 licuit
1331 244 1562 316 speffitare
1590 245 1920 317 triumphos,

616 323 687 379 Et
714 324 885 380 Ducis
912 341 1005 376 ore
1036 321 1183 374 Deos
1209 322 1584 390 aequiparante
1608 318 1729 373 frui.

399 414 468 473 95
544 399 619 452 At
649 397 777 450 mihi
809 398 1149 451 Sauromatae
1175 408 1274 461 pro
1296 390 1534 445 Caesaris
1564 408 1658 445 ore
1692 391 1948 459 videndi,

620 470 903 538 Terraque
931 467 1069 536 pacis
1093 465 1279 535 inops,
1321 465 1570 536 undaque
1596 464 1769 518 vineta
1797 467 1938 537 gelu.

545 543 601 598 Si
628 557 802 597 tamen
829 541 957 591 haec
989 537 1164 600 audiS‚
1204 537 1255 590 δε
1284 555 1395 592 vox
1422 556 1538 592 mea
1568 538 1811 609 pervenit
1837 539 2002 604 istuc3

625 617 701 669 Sit
733 628 822 665 tua
848 610 1110 664 mutando
1135 610 1301 682 gratia
1323 610 1510 665 blanda
1540 618 1676 666 loco,

548 688 678 745 Hoc
704 698 853 756 pater
878 686 964 739 ille
989 699 1110 737 tuus
1127 723 1142 746 ‚
1179 685 1355 756 primo
1384 684 1511 738 mihi
1538 686 1710 739 cultus
1737 686 1800 738 ab
1836 703 2003 753 aev0,

410 772 516 819 '100

629 760 682 814 Si
707 757 838 830 quid
864 757 1022 811 habet
1047 757 1217 812 sensus
1247 758 1432 811 umbra
1459 758 1682 820 diserta,
1720 762 1872 830 petit.

550 833 680 888 Hoc
710 829 843 902 petit
870 829 924 883 δε
949 829 1137 884 frater:
1178 832 1417 902 quamvis
1441 830 1650 884 fortasse
1677 845 1925 897 veretur,

625 903 880 959 Servand'i
910 918 1100 957 noceat
1128 921 1195 956 ne
1224 903 1316 956 tibi
1344 921 1467 957 cura
1493 906 1615 958 mei.

552 978 702 1034 Tota
726 977 919 1030 domus
949 977 1080 1046 petit
1109 975 1230 1030 hoc.
1270 994 1369 1031 nec
1397 991 1456 1030 tu
1488 993 1637 1046 potes
1662 977 1769 1047 ipse
1795 995 2024 1049 negare,

626 1051 695 1104 Et
723 1066 821 1103 nos
851 1049 905 1102 in
933 1048 1119 1103 turbae
1148 1064 1298 1121 parte
1326 1049 1474 1103 fuiss‘e
1501 1065 1636 1102 tuae.

408 1143 510 1195 105
551 1123 753 1195 Ingenii
781 1135 959 1185 certe,
995 1139 1106 1194 quo
1133 1139 1229 1176 nos
1256 1124 1391 1175 male
1418 1121 1664 1175 sensimus
1691 1121 1837 1186 usos,
1911 1147 1915 1150 ·

628 1197 846 1250 Artibus
873 1197 1139 1265 exceptiS,
1178 1196 1329 1266 saepe
1356 1195 1610 1265 probator
1639 1212 1767 1248 eras,

548 1271 667 1327 Nec
695 1285 838 1329 mea,
879 1268 916 1322 fi
952 1283 1157 1322 tantum
1184 1281 1399 1337 peccata
1427 1265 1700 1322 noviffima
1730 1268 1941 1336 demas,

620 1341 742 1398 Esse
768 1343 941 1415 potest
967 1341 1155 1397 domui
1178 1342 1285 1396 vita
1309 1340 1562 1414 pudenda
1590 1356 1725 1398 tuae.

265 1612 303 1652 ‘Is
332 1608 466 1662 Illyrico
490 1610 700 1660 praefie'lum
728 1606 832 1648 fuin'e
852 1608 1043 1655 nosti-utu,>
1073 1607 1142 1646 Dio
1170 1611 1311 1647 Panno}

268 1665 346 1702 viae
365 1663 570 1712 praesectum
595 1665 669 1701 hoc
689 1661 786 1699 bello
809 1661 993 1698 testantur.
1047 1657 1165 1698 Fuiffe
1185 1669 1309 1698 autem

265 1715 465 1765 gratiosum
495 1715 595 1751 hunc
622 1713 738 1762 ipsum
773 1710 1021 1750 Messallinum
1046 1739 1057 1756 ,
1095 1723 1172 1748 non
1216 1711 1313 1759 apud

269 1766 477 1814 Augustum
508 1763 748 1802 solummodo
780 1790 791 1806 ‚
829 1763 888 1800 sed
916 1764 1027 1800 etiam
1072 1762 1168 1810 apud
1196 1762 1314 1800 Tibe·

268 1817 364 1855 rium
385 1815 425 1853 fit
452 1815 645 1853 verisimile
669 1841 678 1857 ,
717 1825 802 1851 cum
831 1821 968 1860 patrem
999 1814 1076 1861 ejus
1103 1813 1313 1850 Corvinum

268 1865 473 1905 Messallam
500 1866 579 1915 jam
608 1865 732 1903 senem
763 1864 807 1900 ab
834 1864 908 1900 hoc
936 1862 1166 1901 adolescente
1195 1863 1314 1900 Tibe-

270 1918 328 1957 rio
357 1916 587 1954 observatum
627 1913 730 1953 fuisse
760 1916 888 1951 innuat
928 1914 1137 1951 Suetonius.
1197 1913 1313 1952 Porro

269 1975 411 2018 praeter
442 1966 688 2004 Messallinum
724 1971 942 2002 ornamenta
972 1964 1206 2012 triumphalia
1232 1965 1315 2002 sunt

272 2018 465 2056 consecuti.
479 2019 552 2055 hoc
570 2017 666 2054 bello
681 2043 691 2061 ,
722 2016 871 2063 Vellejo
889 2015 977 2052 teste
992 2042 1002 2059 ,
1032 2015 1075 2051 C.
1099 2015 1226 2052 Vibius
1239 2015 1311 2052 Po-

272 2069 409 2107 stumus
432 2069 590 2117 Legatus
610 2077 755 2115 procos.
792 2065 936 2102 Tiberii
956 2064 1114 2102 Caesaris
1134 2066 1171 2102 in
1193 2065 1309 2114 llyri-

273 2132 320 2158 co
336 2148 346 2164 ,
374 2120 412 2156 &
439 2120 495 2156 M.
516 2119 694 2161 Plautius,
732 2116 796 2165 qui
818 2115 1043 2153 Dalmatiam
1068 2116 1215 2152 Procos.
1243 2115 1311 2152 ob-

273 2170 422 2209 tinebat.
433 2170 602 2207 Marmor
612 2169 804 2216 antiquum
818 2195 827 2210 ‚
839 2172 894 2203 M.
908 2165 1069 2202 Plautius
1084 2172 1135 2202 M.
1147 2171 1184 2203 F.
1201 2172 1248 2202 A.
1264 2172 1309 2204 N.

273 2222 441 2258 silvanus
469 2221 543 2268 Cos.
565 2231 635 2256 vu.
657 2219 715 2254 vir
737 2216 867 2266 epulan.
894 2216 972 2253 huic
1009 2223 1152 2253 Senatus
1181 2217 1307 2254 trium-

270 2271 394 2322 phalia
416 2280 622 2307 ornamenta
645 2268 797 2305 decrevit
817 2269 855 2304 ob
873 2281 922 2304 res
945 2268 983 2304 in
1006 2268 1139 2315 illyrico
1157 2267 1235 2304 bene
1256 2281 1311 2317 ge·

274 2323 352 2368 stas.
378 2321 556 2359 Ceterum
580 2320 817 2369 praetermitti
836 2330 913 2356 non
938 2319 1046 2355 debet
1072 2347 1081 2362 ‚
1109 2319 1145 2355 in
1170 2320 1314 2368 Argen-

276 2375 357 2412 tino
387 2373 518 2409 codice
541 2400 551 2416 ‚
590 2382 703 2420 quem
738 2372 830 2407 inter
863 2369 1076 2406 vetustiores
1110 2381 1317 2406 connume-

275 2436 397 2463 ramus
411 2451 422 2468 ,
450 2432 635 2460 exaratum
658 2432 849 2458 occurrere
864 2448 873 2464 ‚
901 2433 1079 2469 quaquam
1101 2421 1234 2456 decreta
1252 2430 1314 2468 pa·

277 2475 370 2514 renti
417 2485 484 2523 pro
503 2485 696 2521 quamqua.
767 2472 819 2508 Ut
851 2471 927 2508 dies
955 2473 1130 2519 triumphi
1153 2473 1312 2519 Aquita-

276 2527 352 2564 nici
372 2523 558 2562 Messallae
593 2523 748 2560 Corvini
780 2521 1010 2570 designetur,
1040 2522 1140 2571 cujus
1163 2533 1312 2559 mtmo-

275 2579 367 2615 riam
389 2576 585 2625 quotannis
605 2574 695 2611 fssto
718 2575 754 2610 in
777 2582 887 2622 gente
910 2573 1055 2610 Valeria
1075 2574 1135 2610 die
1156 2573 1314 2611 celebra-

278 2635 354 2666 tam
378 2625 479 2665 fuifl'e
502 2626 541 2663 fit
563 2624 768 2663 verisimile.
798 2624 942 2661 Hms.
995 2625 1054 2661 De
1088 2624 1315 2671 triumphali·

281 2678 346 2715 bus
375 2679 622 2720 ornamentis,
645 2677 870 2712 Germanico
902 2677 940 2712 &
963 2675 1110 2723 Legatis
1131 2674 1273 2712 Tiberii
1296 2686 1315 2712 a

281 2728 405 2766 senatu
425 2729 600 2771 decretis,
625 2726 685 2764 sed
707 2727 743 2763 &
768 2724 961 2763 Messalino
975 2727 1074 2773 (ante
1087 2725 1175 2762 alios
1186 2737 1316 2762 omnes

283 2787 324 2815 ut
357 2780 523 2823 videtur)
560 2790 614 2815 res
633 2778 681 2815 est
703 2776 908 2815 certissima.
962 2778 1057 2813 Nam
1089 2775 1314 2824 Vellejusu.

287 2842 368 2868 ιη.
397 2829 489 2864 Felix
511 2840 662 2872 eventu,
684 2829 776 2874 sorte
795 2838 939 2871 conatu,
966 2833 1080 2874 prima
1098 2827 1223 2872 aestate
1235 2826 1316 2863 belli

285 2879 461 2928 Meſjalim'
480 2888 555 2926 opus
575 2878 819 2914 mandandum
839 2881 880 2924 est
909 2879 1091 2914 memoriae
1114 2906 1124 2922 ,
1163 2878 1222 2926 qui
1242 2889 1315 2916 (φτ.

289 2930 327 2967 ὃ(
342 2958 350 2971 ,
365 2928 567 2978 praepofitus
595 2929 724 2977 .ll·yrico
741 2956 749 2970 ‚
772 2928 890 2976 subita
912 2928 1088 2965 rebellione
1117 2942 1193 2964 cum
1206 2928 1313 2974 semi-

283 2980 384 3028 plena
407 2982 528 3027 legzone
549 2980 707 3026 vicesima
739 2978 973 3015 cucumdasus
1003 2978 1113 3024 hostili
1140 2979 1314 3024 exercitu,

289 3032 437 3076 amplius
461 3041 517 3065 xx.
558 3033 669 3065 mlllta
696 3030 840 3074 holitum
862 3029 963 3074 fudit
990 3029 1204 3080 fugavitque
1226 3057 1237 3074 ‚
1273 3041 1316 3069 (φ

286 3087 328 3118 ob
350 3081 385 3115 td
416 3082 681 3127 artumplmlibus
709 3081 923 3116 ornamentis
950 3078 1139 3116 honoratus
1167 3081 1221 3126 est.
1256 3080 1316 3119 led

288 3143 377 3181 qun-¹.
399 3141 433 3167 m
457 3141 537 3164 ame
557 3130 690 3167 damin
709 3130 904 3167 Heinliana
920 3132 1218 3176 interpretatione
1238 3143 1315 3168 non

287 3188 413 3220 κωκυ.
446 3182 750 3216 mundationem
787 3185 820 3214 ά·
853 3192 922 3227 cgo
945 3184 1096 3216 tentavi.
1123 3181 1181 3217 sed
1201 3183 1318 3220 vereri

290 3235 404 3275 fateor
425 3260 434 3274 ‚
462 3241 497 3266 ut
522 3230 576 3265 vel
599 3230 740 3266 Heiniii
771 3231 827 3266 vel
849 3231 965 3266 nostra
986 3231 1145 3267 ledtzone
1169 3231 1246 3268 saris
1264 3244 1319 3269 ar—

284 3283 350 3333 ζᾶὲε
371 3293 455 3322 cum
477 3280 652 3330 prioribus
672 3281 762 3318 haec
783 3288 1021 3332 conveniant.
1056 3281 1245 3333 Legebam
1267 3292 1320 3332 τες

2317 1470 2407 1528 Sic

1366 1619 1454 1649 men
1472 1638 1482 1655 ,
1517 1609 1610 1660 Qis
1629 1613 1641 1655 ;
1668 1610 1752 1656 vel,
1765 1621 1872 1661 quam
1892 1608 1984 1648 colat
2002 1617 2085 1648 ante
2105 1608 2194 1648 diem
2216 1638 2226 1655 ,
2265 1608 2410 1658 quicum

1369 1662 1503 1698 decreta
1530 1661 1676 1698 merenti
1703 1663 1803 1699 venit
1825 1660 1927 1701 &c.?
1963 1661 2088 1709 aliquis
2112 1660 2255 1699 fortasse
2279 1662 2408 1707 malit,

1369 1726 1479 1763 quam
1498 1726 1568 1761 qua
1586 1740 1597 1756 ‚
1635 1724 1700 1761 pro
1720 1712 1877 1764 quicum.
1932 1713 1990 1751 Sic
2011 1722 2135 1750 autem
2157 1712 2410 1761 interpretabi-

1371 1775 1465 1801 mur.
1502 1765 1598 1812 Quis
1620 1766 1720 1801 enim
1747 1765 1861 1813 magis
1881 1773 2077 1802 veneretur
2103 1763 2200 1801 diem
2224 1765 2317 1801 hanc
2339 1763 2409 1802 Ti-

1369 1814 1506 1852 beriani
1524 1815 1726 1862 triumphi,
1753 1827 1864 1864 quam
1887 1813 2097 1852 Messalinus
2112 1843 2124 1859 ‚
2150 1826 2233 1852 curn
2255 1826 2326 1864 qua
2348 1814 2410 1853 die

1372 1866 1473 1902 venit
1504 1866 1538 1901 ei
1569 1865 1690 1902 laurea
1718 1866 1827 1903 initio
1858 1865 1942 1903 belli
1968 1864 2137 1903 decreti?
2166 1866 2225 1903 vel
2249 1893 2258 1908 ,
2297 1878 2407 1916 quam

1371 1917 1471 1953 enim
1487 1916 1596 1963 magis
1616 1926 1799 1952 veneretur
1817 1916 1909 1952 diem
1930 1915 2151 1965 Meffalinus‚
2178 1918 2407 1966 quamnam,

1373 1980 1465 2017 qua,
1494 1967 1554 2003 seu
1584 1968 1725 2016 quicum
1762 1966 1863 2004 δίε..)
1889 1967 2006 2014 potest
2043 1968 2154 2004 etiam
2185 1968 2286 2015 legi,
2314 1967 2406 2006 hanc

1369 2016 1452 2054 colet
1472 2029 1577 2065 usque
1598 2016 1689 2052 diem
1712 2016 1853 2065 quicum
1874 2017 1950 2054 &c.
1980 2029 2066 2055 narn
2087 2019 2328 2056 animadverti
2350 2032 2411 2056 us-

1367 2081 1432 2116 que
1455 2069 1491 2104 ὅ(
1511 2078 1594 2103 ante
1611 2069 1647 2103 in
1669 2067 1762 2104 libris
1786 2076 1989 2116 permutata
2005 2096 2016 2113 ,
2041 2078 2080 2106 ut
2106 2069 2210 2118 Eleg.
2238 2068 2406 2117 praeced.

1364 2118 1420 2160 fis.
1445 2117 1505 2155 60.
1536 2119 1709 2155 Aue-roa
1729 2118 1882 2157 Erec-r.
1903 2119 2033 2157 ETON.
2056 2121 2180 2158 Locus
2201 2120 2406 2168 perplexus.

1367 2170 1404 2205 ὃ(
1430 2168 1559 2206 durum
1585 2170 1727 2205 videtur
1744 2168 1858 2212 hunc,
1885 2170 1944 2207 vel
1963 2171 2054 2207 ham·
2075 2172 2207 2207 referre
2225 2172 2267 2206 ad
2289 2170 2408 2206 Tibe-

1366 2220 1487 2262 rium,
1520 2220 1619 2268 .ujus
1641 2221 1784 2256 mentio
1807 2221 1841 2256 in
1865 2221 2041 2268 proximis
2061 2231 2137 2258 non
2160 2220 2342 2269 firmeque
2364 2220 2408 2257 il·-

1367 2269 1452 2314 lud,
1481 2280 1563 2305 ante
1591 2269 1682 2305 diem
1711 2270 1890 2317 intelligo,
1926 2281 2009 2306 cum
2047 2281 2168 2307 aurem
2207 2268 2405 2318 prat-cesse·-

1369 2321 1440 2358 rint
1476 2321 1550 2357 duo
1583 2321 1707 2357 fratres
1730 2347 1739 2362 ‚
1771 2331 1864 2368 quos
1894 2319 2025 2357 similes
2045 2321 2183 2358 Castori
2208 2324 2243 2358 &
2266 2321 2406 2359 Polluci

1370 2370 1441 2408 effe
1461 2373 1534 2415 ait,
1562 2371 1599 2407 ὅ(
1622 2369 1794 2408 Heinsius
1817 2370 2082 2409 Germanicum
2106 2373 2144 2408 &
2167 2371 2324 2410 Drusum
2348 2372 2407 2417 inq

1368 2422 1515 2469 telligat.
1545 2421 1669 2458 malim
1683 2449 1694 2465 ,

1419 2491 1488 2522 Hos
1508 2484 1586 2521 colis
1605 2512 1616 2529 ‚
1634 2496 1760 2542 ‘atque
1777 2484 1886 2531 fidem
1911 2513 1921 2529 ,
1954 2495 2015 2534 per
2041 2496 2149 2534 quam
2182 2485 2314 2522 decreta
2335 2487 2408 2534 mei

1548 2546 1652 2572 renn-

1370 2587 1436 2625 Tu
1463 2586 1654 2623 Mefl'alme
1683 2587 1770 2624 colis
1807 2586 1874 2623 hos
1894 2614 1905 2629 ,
1950 2586 1987 2623 ὃ(
2016 2585 2121 2623 fimus
2149 2585 2258 2624 fidem
2286 2615 2295 2630 ‚
2331 2599 2404 2637 qua

1372 2637 1530 2676 meruisti
1559 2637 1734 2674 laurezm.
1771 2636 1840 2673 dies
1871 2638 1909 2674 δε
1931 2636 2019 2683 fides
2054 2636 2183 2674 millies
2211 2649 2229 2674 a
2257 2638 2408 2677 librariis

1373 2687 1533 2726 confusa.
1561 2687 1644 2732 sed,
1670 2697 1709 2724 ut
1731 2699 1862 2724 verum
1887 2690 2022 2732 fatear,
2044 2698 2128 2725 vera
2153 2688 2272 2726 adnue
2292 2688 2406 2727 lectio

1372 2741 1411 2778 ὃ(
1429 2739 1544 2777 sensus
1562 2738 1779 2788 quaerenda.
1807 2738 1940 2777 Buam.

1420 2814 1482 2854 93.
1512 2805 1631 2841 Felices
1649 2805 1773 2855 quibus
1795 2804 1887 2855 hoc.]
1924 2805 2090 2853 Quibuso
2110 2807 2247 2845 Sarrav.
2263 2808 2301 2846 ὃ(
2315 2819 2408 2849 unus

1370 2856 1540 2893 Vatican.
1572 2856 1720 2894 Herus.

1423 2917 1485 2966 96.
1514 2922 1685 2967 Terraque
1699 2920 1793 2968 pacis
1812 2919 1941 2968 inops]
1971 2920 2054 2957 Lib.
2068 2921 2283 2970 1¹1.Eleg.1.

1422 2986 1522 3028 Optet
1543 2990 1583 3016 ut
1602 2979 1760 3028 exfilium
1776 2991 1857 3031 pace
1879 2995 1992 3020 carere
2013 2996 2140 3021 meum.

1370 3038 1417 3076 Et
1441 3039 1542 3090 Eleg.
1560 3053 1627 3079 111.

1423 3110 1499 3140 Huc
1516 3119 1649 3157 quoque
1671 3108 1806 3154 venisti.
1827 3117 1900 3156 pax
1925 3105 1968 3152 est
1989 3105 2049 3142 ubi
2068 3115 2210 3156 tempore
2228 3108 2336 3152 nulla-3

1373 3167 1418 3205 Et
1439 3167 1539 3217 Eleg.
1563 3170 1691 3208 1x.hb.
1713 3184 1739 3208 1.

1375 3280 1408 3319 C
1426 3229 1732 3282 Vivtmusaffiduis
1751 3241 1897 3281 expertes
1912 3230 2008 3280 pacis
2027 3230 2065 3271 in
2085 3233 2205 3274 armis.

1410 3290 1545 3323 sofan.

2250 3334 2313 3388 962
2338 3338 2411 3386 Has*
