2495 3675
421 145 983 206 EPISTOLARUM
1019 147 1126 205 EX
1165 145 1432 204 P'ONTO
1470 146 1592 203 Lm.
1629 149 1688 204 II.
1729 147 1905 208 EPIST.
1944 153 2003 208 II.

2168 151 2263 216 761‘

264 237 325 309 85
406 239 675 296 Fratribus
701 243 968 307 adsimilis,
1007 261 1141 317 quos
1163 243 1404 324 proxima
1430 242 1626 313 templa
1649 253 1892 299 tenentes

477 313 650 369 Divus
680 316 742 369 ab
767 316 1153 386 excelsaJulius
1181 316 1313 370 aede
1339 315 1502 368 videt.

403 382 510 439 His
538 387 891 450 Messallinus,
928 389 1117 459 quibus
1142 389 1319 441 omnia
1345 387 1539 441 cedere
1565 385 1794 449 debent,

476 458 717 514 Primum
740 461 967 513 laetitiae
993 477 1102 513 non
1127 473 1284 530 negat
1308 459 1411 513 esse
1438 460 1633 514 locum.

408 531 690 602 Qudquid
718 533 782 585 ab
806 532 884 585 his
908 531 1137 602 superest
1159 571 1174 594 ,

474 602 597 657 Hac
628 604 905 658 hominum
933 605 1059 658 nulli
1087 617 1234 676 parte
1259 604 1519 658 secundus
1547 606 1661 659 eris.

258 619 329 671 90

1213 533 1357 585 venit
1381 533 1434 585 in
1462 546 1732 586 certamen
1757 531 1976 586 amoris:

400 673 572 730 Hunc
603 677 762 737 εοΙίς,
799 688 919 730 ante
947 676 1091 730 diem
1116 694 1209 748 per
1235 692 1396 748 quem
1422 675 1638 731 decreta
1662 675 1897 732 merenti-

481 747 646 805 Venit
671 748 942 804 honoratis
969 750 1143 804 laurea
1168 748 1328 819 digna
1352 748 1536 804 comis.

2102 869 2236 926 Feli-

106 1009 231 1048 astum
249 1009 294 1048 de
312 1009 441 1061 Illyriis
461 1013 703 1063 triumphum.
731 1014 1063 1056 autoreSuetonio.
1090 1013 1142 1056 Ui:
1197 1013 1424 1065 Cupidinum
1455 1014 1642 1057 fimulacra
1671 1008 1838 1063 intelligit
1862 1027 1870 1052 :
1916 1012 1975 1051 sed
2006 1010 2161 1050 Castoris
2191 1011 2231 1049 &

105 1061 226 1099 obiter
245 1062 321 1110 ejus
346 1074 497 1111 quoque
515 1065 791 1104 reiradmoneat
816 1068 995 1107 lestorem
1017 1072 1141 1117 poeta.

104 1111 205 1149 Nam
241 1112 335 1159 apud
366 1113 404 1149 P.
422 1113 615 1154 Vi&orem
646 1117 801 1155 invenio
825 1145 835 1163 ‚
869 1119 908 1156 in
929 1119 1057 1157 eadem
1081 1131 1138 1158 re-

1195 1069 1364 1107 Pollucis.
1391 1069 1571 1117 templum
1596 1097 1606 1113 ‚
1642 1066 1743 1117 quod
1767 1066 1977 1120 proximum
2000 1063 2142 1110 templo
2165 1061 2232 1109 Ju-

1192 1120 1232 1158 lii
1257 1120 1414 1158 Caesaris
1436 1121 1514 1158 fuit.
1543 1119 1585 1157 Id
1603 1128 1724 1156 autern
1746 1116 1782 1153 in
1805 1117 1888 1153 foro
1909 1113 2009 1152 fuiffe
2034 1112 2054 1151 ὲ
2075 1113 2229 1157 Plauto„

103 1162 217 1210 gione
234 1162 328 1199 urbis
349 1164 530 1212 templum
551 1167 659 1212 Juiii,
682 1168 720 1204 δε
741 1170 922 1216 ternplum
944 1169 1136 1209 Castorum
1195 1170 1343 1209 Catullo
1357 1198 1367 1214 ‚
1394 1170 1538 1207 Ovidio
1554 1197 1564 1214 ‚
1591 1177 1775 1218 praeterea
1799 1164 1819 1203 ὲ
1840 1166 2020 1204 Suetonio
2042 1165 2079 1202 &
2099 1164 2230 1210 Minu-¹

103 1211 220 1250 fuiffe.
247 1212 317 1250 Sed
337 1213 382 1251 de
401 1214 475 1253 hoc
493 1228 572 1254 non
601 1218 708 1256 anxie
735 1219 844 1257 nimis
866 1221 1137 1260 contenderim.

103 1261 284 1301 chrrr„

154 1312 216 1361 83.
245 1314 457 1366 Vobiscum]
526 1319 713 1357 Nobiscum
743 1320 946 1362 Leidenfis.
964 1323 1019 1366 K&
1048 1322 1138 1362 editi

106 1364 270 1413 quidam.

153 1429 214 1477 83.
241 1431 440 1469 comitavit
459 1434 627 1484 euntem]
656 1435 786 1475 Malim
801 1464 811 1482 ,
834 1447 1015 1484 ovantem,
1043 1438 1136 1478 Sue·

99 1479 227 1518 tonius
244 1481 280 1518 in
310 1483 494 1522 Tiberio:
530 1484 692 1522 Rhaetioo
722 1497 827 1537 atque
858 1489 1028 1526 Vindelico
1048 1489 1132 1527 bello

99 1540 213 1578 gentes
241 1531 394 1580 Alpinas
416 1560 427 1577 ,
476 1535 672 1572 Pannonico
702 1542 845 1575 Breucos
865 1550 910 1578 <J
938 1541 1131 1578 Dalmatas

96 1580 241 1629 subegit.
275 1584 476 1621 Germanico
498 1586 736 1636 quadraginta*
754 1588 870 1626 millia
889 1589 1130 1629 dedititiorum

101 1633 238 1678 trajecit
256 1632 294 1669 in
315 1634 487 1675 Galliam.
521 1650 608 1685 quas
629 1636 668 1673 ob
698 1651 749 1674 res
769 1650 812 1678 ω’
832 1653 944 1677 ovans
959 1652 1002 1680 (θ’
1024 1655 1129 1679 curru

101 1681 221 1719 urbem
242 1683 397 1733 ingressus
413 1685 466 1732 est.
493 1686 595 1725 Paria
619 1687 727 1725 habes
749 1689 843 1737 apud
872 1691 1037 1729 Dionem
1066 1692 1128 1731 lib.

101 1741 164 1768 ιν.
187 1734 329 1772 Hiems.
356 1735 634 1775 Suetoniilocus
654 1738 702 1776 est
720 1738 766 1776 de
779 1741 897 1787 priore
908 1741 1015 1779 bello.
1041 1742 1128 1781 Sue-

98 1783 222 1821 tonius
242 1784 314 1832 ipse
329 1813 339 1828 ‚
373 1786 536 1834 Vellejus
557 1789 595 1825 &
615 1788 692 1826 Dio
713 1789 930 1835 ostendunt,
955 1793 1054 1830 hunc
1069 1794 1131 1841 ju-

97 1831 190 1871 stum
214 1833 576 1886 fuissetriumphum,
601 1849 680 1876 non
699 1841 931 1880 ovationem.
950 1843 1126 1882 Auctor<

100 1881 252 1922 Ειεετ.
274 1885 401 1925 ΕτοΝ.

149 1946 208 1994 83.
238 1949 386 2000 Proles.]
434 1951 498 1988 Per
515 1951 646 2001 prolem
664 1954 828 2003 intelligo
859 1956 1126 1995 Germanicum

97 1997 138 2035 &
158 1997 332 2037 Drusum.
383 2001 442 2039 De
463 2003 691 2041 Germanico
710 2004 885 2051 superiori
904 2006 1050 2053 epistola
1073 2009 1128 2045 vi-

99 2047 234 2086 dimus.
265 2050 382 2088 Druso
404 2052 452 2088 ob
475 2064 549 2090 rem
574 2053 667 2090 bene
685 2055 821 2101 gestam
837 2054 939 2092 locus
958 2057 1050 2094 inter
1062 2057 1127 2095 Se-

96 2101 261 2137 natorios
281 2101 446 2139 decretus
468 2130 478 2145 ‚
514 2112 629 2152 utque
659 2104 737 2151 post
769 2105 1012 2152 Quaesturam
1032 2107 1128 2145 inter

95 2146 300 2187 Praetorios
336 2152 549 2190 sententiam
588 2152 736 2191 diceret.
767 2154 812 2190 de
845 2164 1002 2202 utroque
1040 2168 1125 2195 cum

95 2205 178 2245 agat
197 2226 208 2243 ,
238 2201 360 2237 malim
385 2213 498 2245 mox,
529 2202 708 2239 Fratribus
722 2203 890 2248 affimiles.
933 2206 1129 2245 Germani-

94 2257 160 2285 cus
187 2250 288 2287 enirn
318 2251 519 2299 adoptione
550 2252 693 2290 Tiberii
723 2253 816 2291 filius
835 2281 849 2300 ,
875 2255 984 2293 frater
1007 2256 1129 2298 Drusi.

96 2297 239 2337 Hems.

149 2342 207 2395 84.
236 2352 508 2403 Nominibusque
518 2356 651 2408 datis.]
681 2358 810 2396 Malim
828 2386 839 2405 ,
860 2359 1128 2399 ratis.Germa-

94 2399 200 2437 nicus
219 2412 356 2440 nornen
379 2404 481 2442 suum
504 2419 579 2444 non
600 2408 673 2446 una
692 2409 738 2445 de
758 2411 952 2447 Germanis
976 2410 1126 2449 vic'iorifi

93 2458 217 2488 ratum
236 2452 333 2490 fecit.
350 2454 449 2492 hunc
468 2457 566 2494 ut&
586 2457 749 2496 Drusum
765 2471 840 2497 una
861 2472 944 2498 cum
968 2461 1123 2500 Tiberio

93 2501 328 2550 triumphasse
357 2505 434 2550 post
457 2505 591 2544 bellum
622 2509 876 2547 Pannonicum
910 2512 1122 2550 confeetum

94 2561 142 2587 ex
161 2552 286 2590 Dione
307 2555 500 2600 discimus,
529 2556 591 2594 etsi
614 2559 751 2596 Drusus
767 2559 831 2607 ipsi
855 2561 950 2598 bello
972 2573 1049 2599 non
1068 2563 1123 2600 in-

93 2601 281 2641 terfuisset.
309 2605 446 2642 Herus.
492 2607 733 2654 Germanici,
773 2610 907 2655 credo,
935 2623 976 2648 ac
1001 2612 1124 2660 Impe-

93 2660 256 2699 ratorum
277 2666 294 2691 a
317 2657 476 2703 principe
498 2657 535 2694 ὅ(
565 2657 711 2702 senatu,
741 2660 937 2698 Caesarum
970 2663 1077 2700 etiam
1100 2675 1120 2701 a

94 2703 207 2752 vulgo
236 2706 319 2741 κατ’
350 2706 480 2752 ἐξοχὴν
503 2734 512 2750 ,
547 2707 858 2759 principumque:
899 2712 1051 2750 alterum
1075 2726 1120 2751 ex

92 2750 231 2792 Tacito
252 2756 400 2794 constat.
416 2758 567 2795 alterum
589 2760 779 2804 credibile,
806 2762 908 2809 quod
935 2761 995 2807 filii
1015 2765 1122 2801 fami-

88 2800 153 2840 lias
175 2805 211 2842 in
230 2806 432 2855 principum
445 2808 586 2852 domo,
613 2817 722 2858 atque
739 2822 783 2847 ex
795 2810 901 2848 Drusi
920 2813 1015 2860 apud
1033 2825 1124 2850 eun-

94 2852 180 2891 dem
211 2857 345 2893 Annal.
368 2871 414 2894 iir
458 2871 513 2905 34.
543 2861 680 2896 verbis:
718 2861 929 2910 Principibus
958 2864 1122 2900 adeunda

84 2904 219 2953 saepius
234 2906 419 2956 longinqua
440 2909 584 2957 imperii.
618 2910 759 2957 §Quoties
777 2912 903 2947 divum
924 2914 1121 2960 Augustum

93 2953 132 2990 in
159 2957 362 2993 occidentem
391 2969 493 3008 atque
515 2959 675 2996 orientem
705 2962 864 3009 meaviffe
887 2990 896 3006 ‚
924 2964 1044 3000 comite
1062 2965 1122 2999 Li-

93 3003 184 3042 via?
207 3007 240 3051 se
261 3021 390 3055 quoque
407 3009 444 3044 in
467 3009 658 3057 illyricum.
679 3022 749 3049 wc.
776 3013 950 3050 Aucron
970 3014 1120 3052 Erre-r.

90 3053 219 3093 Eros.
248 3058 519 3108 Nominibusque
533 3060 610 3108 suis
629 3060 881 3100 Serviicodex.
898 3075 1039 3113 parente
1052 3066 1120 3112 sua

91 3105 208 3143 etiam
220 3107 365 3155 Regius.

138 3165 196 3214 85.
227 3169 404 3206 Fratribus
424 3170 631 3222 adsimilis.]
663 3175 750 3211 Hoc
769 3175 856 3212 loco
880 3175 988 3213 dubie
1005 3177 1113 3222 dicit,

84 3217 124 3254 &
142 3217 230 3254 nihil
250 3219 336 3255 dicit
356 3220 519 3259 Merula:
549 3236 625 3262 non
648 3226 746 3263 enim
771 3226 850 3274 Caji
871 3228 910 3262 ὅς
926 3228 1031 3265 Lucii
1054 3229 1115 3265 ba-

83 3266 219 3319 silicam
239 3280 382 3319 „quae
403 3271 469 3310 alia
503 3274 541 3312 in
569 3282 670 3323 parte
690 3276 784 3315 urbis
808 3277 936 3315 exstitit
950 3304 961 3324 ‚
988 3290 1111 3329 neque

1195 1222 1251 1260 tio
1271 1220 1389 1270 potest
1409 1220 1574 1269 intelligi.
1600 1220 1765 1258 FABRlc.

1245 1272 1305 1318 85.
1333 1271 1531 1320 Tenentes.]
1561 1276 1704 1308 Tuentes
1725 1270 1875 1307 Putean.
1897 1266 2035 1304 colentes
2053 1264 2155 1303 Bafil.
2218 1319 2229 1326 ,

1243 1323 1303 1360 86.
1329 1323 1430 1361 AEde.
1442 1321 1459 1372 ]
1471 1326 1563 1359 Arce
1573 1330 1739 1371 quatuor.
1756 1318 1861 1356 male.
1875 1319 1948 1356 vid.
1966 1330 2026 1355 xv.
2039 1317 2131 1354 Met.
2143 1315 2229 1361 842.

1192 1373 1254 1412 ubi
1275 1373 1405 1412 eadem
1429 1372 1592 1410 varietas.
1619 1372 1709 1408 Dius
1732 1370 1841 1407 etiam
1864 1396 1874 1412 ‚
1904 1368 1962 1405 vel
1977 1367 2225 1424 stertimus-*ch

1191 1425 1268 1464 dex
1288 1424 1459 1462 Gallicus.
1470 1425 1642 1472 summus.
1665 1421 1833 1460 Politiani
1852 1420 1890 1457 δε
1909 1419 2081 1456 undecim
2104 1417 2176 1456 alu.

1238 1487 1300 1526 88.
1326 1486 1500 1524 Laetitiae
1514 1483 1708 1536 primum]
1753 1483 1793 1521 In
1809 1481 2030 1538 ueteribus,
2059 1480 2220 1518 Primum

1186 1537 1356 1576 laetitiae.
1382 1539 1554 1576 Cxofnu.
1582 1542 1661 1573 Non
1682 1544 1782 1582 negat
1803 1533 1863 1569 ille
1889 1532 2040 1588 Argent.

1238 1589 1298 1638 89.
1324 1588 1507 1638 Qicquid
1521 1587 1565 1625 ab
1594 1586 1648 1623 his
1674 1583 1837 1634 superest,
1864 1593 1962 1639 vemt
1991 1595 2031 1638 fn
2052 1591 2224 1620 certamen

1184 1640 1350 1689 amoris.]
1398 1641 1487 1678 Hoc
1506 1639 1578 1683 est,
1605 1637 1833 1686 Quicunque
1851 1634 1895 1671 ab
1915 1634 1967 1670 his
1985 1645 2062 1681 Jam
2089 1645 2216 1690 recen-

1184 1690 1255 1728 fitis
1277 1692 1407 1740 reliqui
1423 1690 1527 1733 sunt,
1557 1699 1642 1726 cum
1663 1687 1706 1724 iis
1735 1693 1847 1722 certat
1869 1695 1998 1740 amore
2020 1685 2057 1720 δε
2085 1683 2221 1740 laetitia

1184 1741 1417 1785 Messalinus,
1447 1752 1564 1790 eaque
1585 1740 1623 1776 in
1642 1745 1742 1785 parte
1757 1763 1768 1780 ,
1795 1735 1868 1772 sive
1890 1746 1936 1771 eo
1957 1746 1993 1771 in
2021 1741 2221 1772 certamine

1187 1792 1289 1829 nullo
1310 1792 1486 1840 posterior
1506 1790 1578 1827 est:
1603 1788 1739 1836 quippe
1756 1786 1820 1834 qui
1840 1786 1876 1822 &
1896 1786 1989 1821 hanc
2001 1792 2139 1832 partem
2153 1797 2219 1822 co-

1185 1841 1324 1886 lendo,
1352 1849 1435 1879 ante
1454 1840 1552 1878 diem
1585 1838 1659 1876 five
1685 1846 1830 1884 tempus
1846 1836 2004 1872 lauream
2021 1862 2032 1878 ‚
2059 1833 2134 1871 sive
2160 1847 2222 1873 or·

1184 1901 1360 1930 namenta
1380 1889 1614 1940 triumphalia
1646 1887 1860 1926 consecutus
1878 1885 1933 1941 iit.
1971 1893 2021 1941 ut‘
2041 1885 2219 1940 intelliga-

1185 1955 1267 1980 mus
1289 1971 1300 1987 ,
1326 1943 1591 1990 huncquoque
1612 1937 1714 1976 fuisse
1736 1949 1781 1975 ex
1803 1935 1952 1973 ducibus
1973 1934 2060 1979 illis,
2088 1935 2221 1984 quibus

1182 1992 1358 2031 Tiberius
1375 1992 1420 2030 de
1440 1992 1568 2041 Illyriis
1590 1991 1626 2027 δε
1641 1988 1818 2026 Dalmatis
1834 1985 2079 2033 triumphans,
2109 1997 2218 2023 orna—

1183 2051 1308 2080 menta
1327 2042 1558 2090 triumphalia
1588 2041 1809 2086 impetrarat.
1836 2036 1881 2073 de
1912 2047 1982 2091 qua
2005 2047 2042 2091 re
2064 2036 2219 2092 Sueton.

1182 2094 1220 2129 in
1239 2093 1395 2130 Tiberio
1420 2090 1602 2129 meminit.
1639 2088 1814 2125 Μιεηῐ..
1861 2088 2035 2142 Qtsquis·
2065 2086 2214 2143 Junitan.

1183 2141 1232 2178 ad
1250 2152 1421 2180 certamen
1446 2139 1613 2179 Leidens.
1642 2139 1680 2176 in
1712 2136 1905 2178 certamina
1934 2135 2035 2184 nostri
2060 2137 2218 2187 Regius,

1184 2191 1223 2229 in
1244 2204 1416 2231 certamen
1436 2191 1573 2230 honoris
1593 2190 1682 2228 duo.
2115 2241 2121 2246 -

1225 2257 1298 2292 91.
1328 2251 1426 2282 Hanc
1452 2243 1556 2287 colit,
1581 2251 1663 2278 ante
1694 2240 1784 2278 diem
1810 2248 1868 2289 per
1889 2238 2036 2289 quam]
2092 2238 2213 2278 Iidem

1181 2294 1243 2332 lib.
1271 2302 1372 2332 Hanc
1382 2294 1461 2331 colit
1479 2304 1561 2330 ante
1579 2292 1668 2329 diem
1681 2292 2088 2346 quamquam—Clonii.
2105 2291 2221 2347 I-laeC'

1181 2346 1286 2384 nihili
1309 2346 1403 2383 sunt.
1427 2343 1638 2386 Ouornodo
1658 2344 1756 2379 enim
1781 2353 1862 2378 ante
1879 2341 1991 2384 diem,
2019 2353 2102 2378 cum
2128 2352 2208 2388 jam

1182 2395 1372 2434 consulatu
1398 2385 1542 2433 funestus
1573 2393 1660 2431 estet
1689 2391 1896 2429 Messalinus
1926 2392 2012 2428 totis
2032 2400 2207 2446 quatuor-

1180 2446 1301 2484 decim
1322 2447 1424 2484 annis
1444 2454 1528 2483 ante
1547 2445 1645 2482 hunc
1671 2443 1912 2488 triumphum.
1957 2441 2086 2477 Incidit
2106 2453 2208 2479 enim

1180 2497 1217 2534 in
1250 2497 1299 2533 V.
1329 2497 1375 2534 C.
1423 2507 1530 2533 Dccr..
1588 2494 1663 2542 ejus
1703 2491 1915 2529 consulatus.
1969 2488 2109 2527 Tiberii
2131 2491 2211 2546 „hie

1179 2547 1384 2595 triumphus
1404 2547 1441 2584 in
1455 2556 1590 2583 annum
1608 2541 2020 2580 DCCLX1V.SarraVi‘-mus
2033 2553 2205 2599 omnium

1178 2599 1412 2640 veterrimus,
1444 2603 1544 2632 Hanc
1565 2594 1646 2630 colet
1667 2619 1679 2638 ,
1717 2595 1753 2629 &
1784 2604 1956 2646 quamque
1977 2592 2121 2647 decreta.
2141 2592 2200 2630 alu

1177 2648 1408 2695 complures,
1436 2647 1536 2688 solis,
1569 2647 1604 2681 &
1628 2656 1844 2694 quanquam.
1877 2653 1995 2696 variae
2016 2642 2209 2698 coiij'eftu·

1175 2710 1235 2735 rae
1250 2699 1414 2735 subeunt.
1439 2697 1507 2734 Sed
1530 2695 1741 2733 tutissimum
1767 2694 1964 2729 Satrai-iani
1984 2691 2119 2730 codicis
2141 2704 2212 2751 ve:

1175 2749 1282 2796 ssigiis
1320 2747 1474 2786 insistere
1496 2775 1505 2791 ,
1543 2748 1578 2782 in
1617 2756 1693 2794 quo
1729 2743 1816 2780 nihil
1850 2744 2066 2779 mutandum
2089 2770 2099 2786 ‚
2136 2754 2208 2800 ³³¹¹}

1177 2812 1361 2847 quamque.
1390 2800 1426 2835 in
1454 2810 1559 2846 quam
1573 2809 1652 2844 qua.
1681 2806 1762 2831 nam
1793 2792 1889 2829 reete
1911 2793 2009 2830 idem
2032 2792 2206 2840 superiori

1176 2851 1279 2885 versu
1303 2877 1314 2893 ,
1340 2849 1512 2896 secundus
1541 2848 1604 2882 erit
1628 2874 1638 2889 ‚
1674 2857 1750 2881 non
1779 2843 1852 2880 eris.
1889 2843 1989 2891 quod
2009 2842 2203 2899 ’superiora

1177 2899 1420 2942 confirmant,
1446 2898 1508 2934 His
1533 2896 1756 2944 Messallinus.
1791 2905 1875 2931 cum
1895 2895 1979 2941 quia
2005 2893 2077 2930 illic
2107 2902 2203 2941 tam-A

1177 2960 1286 2998 quam
1312 2960 1394 2986 cum
1417 2949 1519 2986 tertia
1542 2949 1614 2995 agit
1637 2945 1807 2994 persona:

1230 3020 1330 3050 Hanc
1342 3013 1422 3049 colet
1440 3023 1521 3049 ante
1540 3011 1628 3046 diem
1642 3038 1651 3054 ,
1666 3023 1771 3060 quam
1795 3022 1863 3058 qua
1876 3008 2008 3046 decreta
2030 3009 2174 3047 merenti

1281 3070 1377 3100 Venit
1396 3063 1571 3100 honoratis
1593 3062 1710 3097 laurea
1733 3060 1836 3107 digna
1857 3060 1968 3097 comis.

1169 3134 1266 3163 certe
1287 3122 1490 3162 Messallino
1519 3131 1734 3160 ornamenta
1761 3123 1990 3170 triumphalia
2010 3121 2112 3160 fuisse
2134 3122 2204 3160 de‘

1170 3186 1266 3213 creta
1301 3174 1397 3212 bello
1427 3177 1499 3212 hoc
1535 3174 1744 3210 Dalmatico
1766 3201 1776 3217 ‚
1829 3175 1891 3210 nili
1924 3173 2031 3210 fidem
2062 3175 2194 3208 faceret

1170 3229 1230 3264 hic
1257 3226 1359 3263 locus
1379 3252 1389 3268 ‚
1419 3226 1561 3261 abunde
1581 3224 1764 3261 testaretur
1793 3224 1954 3271 Vellejus
1973 3221 2196 3262 Paternum,

1168 3278 1268 3327 quus
1302 3278 1549 3315 narrationem
1582 3275 1794 3314 exhibemus
1832 3275 1923 3312 libro
1950 3284 1977 3310 1.
2027 3269 2094 3318 Ep.
2123 3279 2195 3353 vul·

1341 3325 1520 3365 Ddddd
1549 3335 1567 3375 3
2186 3331 2199 3361 J
