2495 3675
247 209 354 265 474

753 182 816 240 P.
890 178 1314 239 OVIDII
1388 176 1921 244 NASONIS

402 305 471 360 45
547 285 695 343 Scire
720 302 870 340 meos
899 284 935 339 fi
960 285 1076 355 quis
1100 284 1244 337 casus
1270 279 1537 362 desideret
1566 296 1787 362 omnes;

545 364 559 368 “
628 359 779 423 Plus,
813 377 970 431 quam
1001 356 1149 430 quod
1181 354 1295 408 fieri
1327 371 1407 408 res
1437 359 1580 413 linlt,
1617 355 1701 408 11le
1730 369 1890 426 petat.

548 433 664 488 Tot
694 434 824 486 mala
849 433 960 484 sum
990 428 1183 501 passm,
1223 442 1355 498 quot
1381 427 1433 480 in
1462 427 1678 482 aethere
1703 428 1871 484 sidera
1894 429 2102 490 lucent:

629 507 899 576 Parvaque
924 517 1057 573 quot
1087 500 1248 555 sic-cus
1276 518 1503 572 corpora
1529 501 1698 571 pulvis
1727 503 1900 558 habet.

550 578 835 648 Multaque
863 575 1106 628 credibili
1137 576 1350 628 tulimus
1377 573 1597 644 majora:
1640 589 1947 649 ratamque,

409 678 475 729 50

623 649 880 722 Quamvis
906 648 1232 711 acciderint,
1268 665 1378 701 non
1406 648 1643 702 habitura
1669 649 1845 704 fidem,

550 726 676 781 Pars
703 723 862 777 etiam
891 738 1104 774 mecum
1135 721 1396 790 quaedam
1422 721 1681 774 moriatur
1707 737 1957 795 oportet:

625 798 831 868 Meque
860 794 1017 847 velim
1044 793 1200 866 poffit
1230 794 1587 848 diffimulante
1619 795 1744 865 tegi.

552 870 606 925 Si
634 888 740 923 vox
776 867 1054 938 infragiliS,
1092 867 1273 938 petius
1302 867 1428 921 milii
1463 867 1664 922 firmius
1693 887 1845 932 aere,

632 943 893 1013 Pluraque
920 959 1043 994 eum
1071 941 1261 1011 linguis
1287 941 1522 1011 pluribus
1553 959 1646 995 ora
1672 942 1883 1004 forent;

410 1039 469 1096 55
547 1019 676 1075 Non
703 1030 880 1069 tamen
905 1014 1112 1067 idcirco
1136 1013 1524 1085 complecterer
1555 1016 1734 1069 omnia
1759 1015 1957 1072 verbis:

634 1088 863 1144 Materia
892 1088 1029 1140 vires
1054 1088 1405 1157 exsuperante
1435 1105 1590 1140 meas.

556 1166 663 1222 Pro
689 1163 828 1216 duce
864 1160 1076 1213 Neritio
1103 1158 1249 1213 doeh
1276 1161 1408 1213 mala
1434 1159 1606 1212 nostra
1633 1159 1834 1216 Po'etae

628 1235 886 1292 Scribite:
927 1233 1137 1287 Neritio
1161 1250 1281 1287 nam
1307 1234 1436 1285 mala
1462 1234 1606 1302 plura
1635 1235 1745 1288 tuli.

556 1312 646 1368 Ille
675 1307 821 1362 brevi
852 1307 1018 1376 spatio
1046 1307 1222 1360 multis
1248 1307 1440 1359 erravit
1469 1307 1521 1358 in
1549 1307 1697 1361 annis

414 1394 483 1444 60

263 1604 351 1645 vide
376 1613 471 1653 quae
489 1597 702 1638 notavimus
720 1591 763 1629 ad
787 1590 967 1647 Quine'c'il.
991 1590 1095 1628 Decl.
1120 1603 1172 1628 ix.
1192 1603 1226 1629 2.
1254 1602 1315 1649 ea-

266 1657 352 1696 dem
379 1656 470 1692 ratio
492 1652 526 1688 in
552 1650 639 1690 illis,
668 1657 781 1680 meum
802 1641 950 1690 alfenus
973 1655 1095 1696 nomen
1111 1670 1120 1684 ,
1140 1644 1175 1679 &
1191 1642 1314 1699 simili-

265 1709 331 1746 bus
383 1705 427 1743 de
446 1703 574 1753 quibus
593 1696 666 1734 vid.
685 1695 772 1732 acal.
793 1694 933 1730 Auson.
960 1693 1062 1730 Leti.
1087 1705 1130 1729 11.
1150 1705 1203 1730 12.
1227 1694 1316 1730 Zin-

267 1735 355 1796 zerli
372 1754 534 1794 Promul.
549 1762 626 1798 cap.
654 1759 709 1794 35.
739 1756 805 1794 pro
821 1744 903 1789 fovi
925 1745 1060 1791 Regius
1078 1747 1189 1781 etiam
1204 1744 1315 1787 ,Ber-

267 1808 366 1847 nens.
389 1809 425 1844 &
448 1804 536 1843 msto
557 1802 638 1846 alii,
661 1798 767 1835 movi.
788 1795 848 1834 sed
860 1808 997 1833 movere
1018 1808 1121 1832 arma
1142 1807 1219 1832 non
1239 1803 1314 1833 erat

264 1859 434 1899 Nasonis.
464 1856 595 1894 Buam.
1126 1912 1132 1917 ·
1269 1912 1275 1917 ⁸

318 1938 376 1971 44.
406 1917 611 1968 Diminui.]
652 1914 821 1953 Deminui
843 1912 966 1951 edidit.
988 1912 1036 1949 D.
1058 1911 1186 1969 Heins.
1210 1912 1248 1949 ὃ(
1267 1920 1316 1950 ita

269 1975 472 2014 Graevium
486 1974 521 2010 in
536 1972 633 2009 Suet.
646 1970 742 2016 Aug.
753 1962 1021 2012 41.exhibuisse
1033 1970 1183 2006 notavi,
1194 1964 1232 2000 &
1244 1962 1317 2019 sae·

269 2038 316 2076 pe
345 2029 382 2064 in
416 2025 528 2062 Livio
559 2019 799 2059 Gronovium
819 2045 830 2063 ,
869 2018 907 2053 &
947 2015 1049 2053 alios.
1078 2018 1237 2062 Caesaris
1263 2026 1320 2052 ira

268 2079 381 2116 etiam
400 2074 571 2114 Beruens.
601 2073 729 2109 Euam.

319 2161 376 2195 45.
406 2143 587 2193 Defiderat
607 2137 759 2188 omnes.]
790 2134 960 2193 Deſjderet
979 2142 1049 2172 tres
1070 2133 1255 2174 meliores.
1281 2135 1321 2173 &

265 2208 362 2250 petat
383 2209 449 2247 pro
469 2195 556 2244 petit
575 2193 749 2241 proximo
775 2192 889 2224 verlu.
918 2187 1061 2223 Hiems.

324 2272 386 2307 47.
414 2254 579 2305 Lucem]
610 2253 754 2301 Fulgent
773 2249 941 2287 Bernens.
963 2250 1000 2285 &
1019 2257 1090 2286 tres
1110 2248 1183 2287 alii.

323 2335 382 2371 5¹·
410 2329 497 2359 Pars
516 2321 633 2358 esiam.
654 2318 662 2359 l
693 2316 837 2354 Merula
859 2315 1074 2362 ingenium,
1103 2313 1162 2351 vel
1182 2314 1321 2370 famam

268 2375 434 2417 Poe'tae,
462 2384 573 2422 quarn
588 2383 632 2408 ex
642 2362 716 2407 arte
729 2366 882 2405 poetica
903 2364 1119 2402 consecutus
1133 2365 1323 2421 est,1ntel·

271 2426 375 2475 ligit‚
403 2436 498 2473 quae
530 2422 622 2460 nihil
656 2416 924 2466 componendo
965 2417 1003 2453 in
1035 2416 1182 2464 Scythia
1215 2415 1323 2454 debet

274 2478 387 2515 mori.
413 2473 656 2522 ineptiffime:
684 2470 855 2518 intelligit
877 2478 1050 2524 arcanum
1080 2466 1193 2510 illud,
1221 2467 1325 2515 quod

271 2540 398 2566 veram
422 2525 549 2563 exfilio
562 2521 718 2562 cauffam
738 2520 860 2563 dedit,
886 2517 989 2568 quod
1002 2528 1111 2556 etiam
1129 2517 1209 2574 post
1224 2529 1324 2556 mor-

273 2587 350 2616 tem
386 2578 486 2616 suam
518 2576 606 2613 velit
634 2571 734 2623 poffe
767 2571 884 2609 celari.
925 2569 1026 2617 cujus
1057 2578 1136 2625 yoti
1166 2580 1324 2617 compos

273 2629 409 2667 faetus:
437 2635 572 2676 quanta
599 2626 698 2663 enim
732 2633 818 2661 cura
848 2623 885 2658 δέ
913 2620 1036 2676 labore
1058 2631 1094 2657 in
1116 2631 1242 2657 veram
1261 2631 1325 2658 ex-

277 2678 341 2717 silii
364 2679 518 2718 cauflam
549 2677 738 2726 inquirunt
759 2673 827 2711 viri
852 2669 980 2709 doen?
1010 2670 1143 2708 Buam.

333 2755 395 2791 53.
422 2744 457 2780 Si
475 2756 546 2780 vox
574 2739 771 2788 infragilis,
793 2737 906 2785 petius*
925 2734 1015 2771 mihi
1045 2734 1184 2790 firmitts
1209 2734 1323 2791 ψῃ]

280 2793 413 2842 Longe
440 2795 595 2837 melius,
622 2790 725 2840 quod
747 2791 784 2826 in
804 2787 903 2830 aliis,
925 2787 1039 2835 peetus
1071 2785 1161 2842 mghi
1185 2785 1327 2846 firmius

280 2857 366 2880 aere.
414 2854 546 2881 notum
583 2842 695 2885 illud,
745 2841 910 2884 χαλκοῖν
942 2835 982 2871 δέ
1011 2849 1066 2882 μοι
1099 2849 1181 2881 wop
1224 2839 1325 2878 ενεὶη.

280 2894 331 2932 D.
359 2895 499 2931 Heius.
560 2901 595 2929 ln
620 2891 744 2939 fragili
772 2888 861 2925 mihi
878 2890 1003 2936 patrare
1021 2887 1158 2933 firmior
1179 2887 1327 2933 Junian.

279 2946 387 2995 prim.
407 2944 529 2981 Vatic.
549 2945 586 2980 &
607 2943 664 2979 alii
686 2943 861 2990 quinque.
893 2942 968 2976 duo
988 2947 1171 2994 praeterea
1193 2950 1238 2976 ex
1258 2952 1328 2978 no-

279 2995 354 3034 stris
377 2996 413 3032 &
437 2995 567 3032 ssersrn.
586 2996 697 3041 pectus
719 2991 807 3027 mihi
829 2990 964 3034 firmius
982 3003 1068 3026 aere.
1099 2989 1244 3035 scribe,

334 3059 368 3096 Si
389 3072 458 3095 vox
479 3058 516 3093 in
530 3056 654 3105 fragili
676 3056 764 3091 mihi
780 3056 905 3101 pecfore
920 3053 1059 3098 firmior
1078 3066 1165 3094 aere.

280 3126 444 3166 Homeri
466 3124 522 3162 illa
542 3123 694 3172 respexit
720 3122 822 3161 Iliad.
844 3122 878 3167 β.
906 3122 991 3169 489.

337 3201 466 3243 ois's’l
485 3219 538 3249 μοι
559 3205 649 3242 δέκα
671 3207 735 3248 μὲν
752 3208 911 3248 γλῶσσαι
930 3202 1018 3237 δέκα
1035 3202 1074 3239 δὲ
1097 3199 1330 3248 ςόματέῗεν,

335 3260 428 3298 «bairan
446 3253 479 3294 δ’
499 3255 672 3302 ἄρ’ῥηκτος
686 3284 696 3300 ,
726 3262 890 3301 χαλκίον
911 3254 949 3289 δέ
973 3257 1031 3296 μοὶ
1052 3252 1132 3298 ἦτορ
1155 3256 1256 3295 swein.

283 3324 388 3379 quod
414 3327 493 3376 jam
527 3325 587 3363 alii
608 3322 790 3363 viderunt.
813 3323 901 3362 hinc
931 3334 1002 3359 vox
1021 3332 1119 3360 aerea
1139 3322 1237 3371 apud
1255 3322 1334 3372 Lu-¹

630 1383 770 1438 Inter
802 1378 1073 1434 Dulichias
1101 1379 1384 1451 Iliacasque
1411 1379 1622 1434 domos.

2306 1463 2423 1519 Nos

1371 1591 1540 1629 cretium.
1554 1592 1708 1636 ferream
1725 1592 1899 1643 Virgilius
1912 1594 2039 1634 maluit
2062 1595 2194 1636 dicere.
2223 1598 2427 1642 Cerberum

1373 1641 1559 1681 Hefiodus
1581 1645 1618 1681 in
1647 1644 1876 1694 Theogonia
1897 1657 2007 1685 vocat
2031 1676 2041 1692 ‚
2072 1648 2180 1685 Αἰδεω
2207 1653 2294 1687 κύνα
2322 1658 2426 1698 χαλ..

1371 1694 1559 1740 κεόφωνον.
1598 1695 1658 1733 ubi
1689 1695 1773 1733 vide
1806 1707 1981 1735 annotata
2012 1699 2162 1738 Graevii
2203 1701 2311 1739 nostri
2347 1715 2426 1753 cap.

1371 1756 1516 1783 xxxin.
1556 1746 1701 1785 Hzms.
1755 1747 1916 1786 Homeri
1946 1749 2050 1788 locus
2080 1750 2208 1790 stabilit
2235 1753 2422 1803 vulgatam

1370 1794 1573 1834 leffionem
1589 1825 1599 1841 ,

1423 1850 1459 1884 Si
1481 1861 1552 1884 vox
1571 1848 1767 1896 infragilis,
1791 1853 1906 1899 penus
1924 1851 2014 1889 mihi
2025 1850 2168 1900 firmius
2184 1866 2271 1892 aere.

1372 1910 1438 1934 non
1458 1899 1594 1948 fragilis
1614 1901 1721 1938 habet
1750 1901 1920 1940 Francof.
1939 1904 1974 1940 ὅ(
1995 1905 2162 1953 quinque
2191 1905 2262 1943 alii.
2290 1914 2330 1944 ut
2349 1905 2425 1946 sae-

1372 1960 1418 1996 pe
1438 1961 1504 1996 pro
1536 1951 1751 2000 compositis
1777 1965 1822 1990 ex
1853 1954 1914 1999 in,
1946 1968 2015 1990 non
2049 1956 2247 2002 posuerunt
2276 1957 2442 1997 librarii.'

1373 1999 1433 2037 sed
1454 2000 1627 2049 infragilis
1654 2003 1763 2040 reete.
1794 2005 1842 2041 ita
1861 2004 1996 2043 Plinius
2017 2005 2076 2043 lib.
2097 2018 2156 2044 xx.
2177 2020 2203 2044 1.
2231 2008 2426 2046 Adaman-
2450 2023 2454 2027 “

1374 2061 1445 2088 tem
1463 2052 1663 2101 infragilem
1681 2054 1777 2090 omni
1798 2057 1837 2091 vi
1858 2066 1901 2095 (9⁶
1929 2056 2107 2093 invictum
2127 2057 2226 2096 dicit.
2260 2059 2392 2099 BURM.

1430 2115 1488 2151 ςς.
1519 2103 1669 2154 Verbis.]
1698 2105 1811 2143 Dictis
1830 2107 1997 2146 Voffian.

1434 2167 1491 2212 56.
1521 2168 1659 2218 Meas.]
1691 2174 1778 2206 Suas
1802 2173 1948 2209 Lovan.
1968 2174 2006 2209 &
2029 2181 2098 2209 tres
2116 2172 2187 2209 alii.

1431 2227 1489 2263 57·
1521 2219 1695 2270 Neritia]
1728 2221 1869 2258 Naritio
1889 2223 1997 2260 multi
2024 2223 2143 2271 scripti
2166 2222 2205 2260 &
2227 2222 2327 2262 editi.
2346 2236 2430 2274 per-

1374 2277 1514 2314 peram.
1534 2269 1609 2306 vid.
1630 2282 1682 2307 iv.
1707 2271 1792 2309 Fast.
1813 2273 1873 2321 69.

1430 2330 1489 2365 59.
1517 2319 1646 2357 Multis
1664 2322 1800 2359 erravit
1832 2324 1871 2359 in
1889 2323 2030 2374 annis.]
2081 2324 2236 2363 variant
2258 2326 2428 2367 codices:

1376 2369 1528 2419 quidam
1544 2398 1554 2414 ,
1581 2372 1707 2417 undis;
1739 2373 2052 2419 alii,arvis;alii,
2078 2377 2188 2413 armis
2200 2377 2428 2427 habent.ego

1378 2420 1532 2458 libenter
1550 2421 1739 2461 scriberem
1762 2452 1771 2468 ,
1802 2426 1862 2462 Ille
1883 2425 1982 2462 brevi
2009 2426 2047 2462 in
2059 2426 2172 2476 spatio
2192 2427 2314 2465 multis
2333 2442 2429 2466 erra-

1379 2472 1472 2508 verit
1492 2473 1618 2511 annis:
1647 2474 1707 2512 sed
1729 2475 1916 2525 sequentia
1936 2486 2077 2516 vetant.

1431 2525 1490 2561 01.
1519 2530 1589 2561 Nos
1591 2526 1689 2570 freta
1701 2525 1872 2575 fideribus
1883 2529 1963 2565 totis
1981 2528 2184 2578 distantia]
2199 2529 2300 2568 Notis
2311 2529 2430 2569 Com-

1380 2572 1506 2612 bianus
1535 2576 1573 2612 ὅ(
1595 2588 1686 2614 unus
1708 2578 1963 2617 Bononiensis,
1995 2580 2140 2617 Herus.
2428 2629 2430 2631 ‚

1434 2625 1492 2662 62.
1520 2631 1594 2663 Sors
1624 2628 1710 2665 tulit
1748 2629 1786 2666 in
1827 2631 1959 2667 Geticos
1994 2630 2267 2680 Sarmaticosque
2287 2630 2428 2682 staura]

1381 2676 1521 2712 Detulit
1548 2677 1587 2714 in
1612 2680 1743 2717 Geticos
1762 2681 1922 2727 Caesaris
1941 2681 1994 2718 ira
2008 2681 2130 2728 sinus,
2152 2682 2251 2727 Junli
2273 2683 2311 2720 &
2339 2694 2430 2730 qua-

1384 2727 1593 2765 tuordecim
1624 2730 1696 2768 alii.
1729 2731 1862 2776 distulit
1888 2731 2074 2769 Leidenfis
2094 2733 2220 2770 &duo
2242 2733 2314 2770 alii.
2346 2733 2432 2780 An,

1383 2776 1552 2824 Depulit?
1580 2781 1721 2819 Detulit
1732 2783 1906 2820 sarmatis
1925 2796 1985 2819 ora
2011 2783 2119 2831 prim.
2146 2783 2254 2821 Polit.
2273 2784 2310 2822 ὃ(
2323 2785 2438 2833 prim.'
2491 2785 2495 2811 ἶ

1383 2826 1504 2866 Vatic.
1527 2837 1566 2867 ut
1585 2829 1678 2869 infra
1696 2861 1708 2875 ,

1434 2893 1607 2929 Sarmatis
1627 2894 1670 2941 est
1690 2895 1815 2941 tellus,
1842 2907 1950 2945 quam
1971 2908 2048 2932 mea
2068 2906 2154 2933 vota
2168 2906 2307 2947 petunt.

1384 2940 1494 2980 Trist.
1516 2956 1571 2982 ιν.
1593 2944 1654 2982 El.
1668 2957 1703 2981 x.

1436 3013 1577 3059 Junera
1595 3013 1809 3062 pharetratis
1833 3015 2009 3052 Sarmatis
2031 3028 2090 3052 ora
2111 3015 2218 3054 Getis.

1381 3064 1442 3103 lib.
1463 3075 1496 3100 V.
1516 3064 1617 3113 Eleg.
1641 3076 1704 3102 111.

1436 3115 1574 3160 Jumfla
1596 3126 1687 3152 tenet
1706 3116 1820 3153 crudis
1841 3116 2014 3154 Sarmatis
2034 3130 2094 3153 ora
2114 3117 2221 3155 Getis.
2492 3143 2495 3169 l

1386 3165 1434 3204 fic
1456 3167 1492 3204 ὃ(
1517 3167 1688 3204 Sarmatis
1708 3167 1834 3205 umbra
1853 3168 1960 3205 Pont.
1980 3167 2039 3205 lib.
2060 3180 2086 3205 1.
2114 3168 2170 3206 hl.
2187 3180 2233 3207 11.
2259 3167 2366 3207 Pont.
2385 3171 2435 3207 113
2490 3174 2495 3202 1

1388 3216 1489 3265 Eleg.
1513 3229 1584 3255 vu.

1441 3268 1574 3315 Frigore
1590 3277 1747 3318 perpetuo
1764 3267 1938 3305 Sarmatis
1955 3281 2016 3304 ora
2038 3269 2134 3319 riget.

1389 3330 1483 3359 unus
1501 3319 1622 3358 Vatic.
1650 3326 1731 3359 Fors
1751 3319 1848 3360 tulit.
1874 3320 2022 3360 Hr-zms.

2299 3368 2358 3419 63.
2378 3370 2436 3418 So}
2476 3379 2479 3427 j

2476 3432 2479 3454 l
