2495 3675
533 174 1897 240 FASTORUML1B.1.
2265 202 2287 249 3

421 298 661 355 Invenies
685 296 792 352 illic
819 295 874 349 δε
899 291 1025 349 festa
1053 289 1342 345 domestica
1368 290 1538 345 vobis,

324 390 387 428 10

501 372 666 443 Saepe
693 369 786 423 tibi
812 368 971 421 Pater
996 363 1100 427 est,
1138 364 1288 436 saepe
1315 365 1572 435 legendus
1598 366 1763 421 Avus,

429 445 690 517 Quaeque
718 440 898 494 ferunt
922 438 993 491 illi
1026 435 1192 506 ρὶᾶοε
1220 437 1470 508 lignantia
1494 436 1702 501 Fastm,

497 515 589 570 Tu
616 529 833 586 quoque
860 527 986 567 eum
1011 509 1189 565 Druso
1214 511 1443 582 praemia
1468 511 1631 565 fratre
1657 510 1811 567 feres.

140 739 235 779 nepos
265 729 331 777 esse.
366 725 489 764 Habes
519 725 645 773 itaque
670 720 870 772 quomodo
900 719 1074 759 Tiberius
1098 719 1185 759 effet

141 778 350 818 Germanici
372 785 494 825 pater,
522 776 560 813 ὃ(
581 773 764 824 Augustus
781 784 882 811 avus.
901 771 948 810 fic
958 783 1111 822 quoque
1122 772 1185 810 sub

142 831 254 868 finem
275 829 380 876 hujus
401 827 502 865 libri:

192 885 238 915 Et
257 889 338 914 tuus
359 876 511 926 Augusto
530 874 667 913 nomine
686 873 797 910 dinus
817 886 921 910 avus.

2098 586 2280 644 Caesa-

1241 732 1340 767 tum,
1360 721 1510 773 fidisque
1527 722 1750 770 Pontificibus
1763 732 1882 760 notum
1899 751 1908 767 ‚
1937 727 2002 762 Cn.
2017 724 2287 766 Flavius‚liber-

1241 773 1315 810 tino
1340 782 1437 822 patre
1465 773 1601 822 genitus
1628 775 1818 821 (Jscrila',
1846 787 1923 811 cum
1942 775 2071 824 ingenti
2093 775 2283 814 nobilitatis

1241 823 1478 872 indignatione
1497 826 1622 871 fabius
1651 824 1786 861 Aedilis
1817 825 1943 862 curulis
1963 854 1973 870 ,
2015 827 2204 874 vulgavit,
2243 842 2282 864 ac

1235 875 1343 921 fastos
1358 876 1464 923 paene
1482 885 1552 911 toto
1563 876 1641 921 foro
1658 875 1818 923 exposuit.
1847 877 1883 912 ἓ(
1908 877 2036 915 Livius
2054 877 2113 914 lib.
2136 890 2188 913 lx.
2207 889 2285 926 cap.

140 930 310 977 Adoptio
334 927 424 966 vero
452 939 529 977 quo
564 926 680 963 modo
701 923 803 962 fieret
830 924 941 962 docet
953 923 1133 971 Ulpianus
1146 924 1182 961 in
1240 926 1300 971 46.
1330 925 1376 962 de
1407 926 1556 963 eodem.
1595 926 1710 962 Civile
1747 926 1820 970 Jas
1849 926 2025 974 ressofitum
2052 928 2090 963 in
2115 928 2284 976 penetrali

142 980 367 1028 Fragmentis
396 981 449 1016 tit.
471 990 540 1015 nx.
559 977 613 1014 his
634 975 774 1013 verbis:
803 974 955 1022 Adoptio
970 973 1016 1020 fit
1043 985 1106 1010 aut
1124 984 1185 1023 per
1241 975 1450 1025 Pontificum
1479 975 1664 1024 evulgavit
1678 1004 1687 1019 ‚
1716 976 1889 1026 sasiosque
1910 977 1998 1013 circa
2009 980 2129 1024 sorum
2151 979 2189 1014 in
2210 979 2287 1014 albo

134 1030 320 1081 populum,
348 1038 414 1066 aut
437 1034 655 1071 Praetorem,
683 1025 741 1062 vel
761 1023 953 1074 Praesidem
972 1026 1185 1074 provinciae.
1234 1027 1405 1076 proposuit
1426 1055 1436 1072 ‚
1481 1038 1520 1063 ut
1550 1026 1689 1076 quando
1716 1027 1781 1075 lege
1814 1027 1868 1075 agi
1894 1027 1992 1076 posset
2023 1029 2180 1075 sciretur.
2237 1030 2285 1067 Et

142 1082 211 1119 Illa
240 1080 374 1128 adoptio
388 1107 398 1124 ‚
437 1092 524 1129 quae
538 1088 596 1127 per
611 1075 772 1134 populun}
786 1074 837 1132 fit
848 1103 856 1118 ‚
875 1075 1069 1132 specialiter
1088 1089 1185 1112 arro·
1240 1079 1331 1115 haec
1351 1077 1397 1115 de
1421 1077 1538 1126 prima
1559 1076 1716 1116 Tabula.
1753 1077 1834 1114 Alia
1853 1089 1929 1115 erat
1943 1106 1952 1122 ,
1981 1080 2017 1115 in
2040 1079 2110 1127 qua
2130 1081 2286 1117 nomina

138 1132 232 1181 gatio
251 1130 393 1169 dicitur.
445 1136 509 1167 Per
523 1128 687 1179 populum
706 1140 767 1177 qut
779 1127 837 1174 sut
850 1127 942 1174 juris
959 1138 1184 1174 arrogantur:

1241 1128 1319 1166 fere
1356 1129 1528 1166 omnium
1561 1129 1837 1178 Magillratuum
1866 1128 2177 1167 continebantur:
2216 1132 2288 1167 fre-

138 1193 199 1232 per
223 1188 418 1218 Praetorem
436 1191 580 1223 autem,
601 1177 673 1224 filii
675 1176 1084 1226 familiaeaparentib-as
1096 1177 1187 1214 dan·
1241 1191 1357 1229 quens
1387 1180 1495 1228 hujus
1525 1179 1621 1227 apud
1652 1179 1842 1227 scriptores
1865 1180 2020 1217 mentio.
2067 1179 2169 1217 Idem
2191 1181 2284 1219 libro

145 1244 205 1270 tur
224 1233 262 1269 in
282 1231 505 1280 adoptionem.
543 1229 691 1276 Adoptio
708 1228 756 1274 fit
776 1235 900 1265 Romae
927 1239 970 1267 (9⁴
988 1230 1028 1265 in
1043 1229 1188 1276 provin-

144 1284 199 1321 cia
229 1282 322 1332 apud
355 1281 557 1331 Praesident.
594 1281 643 1318 Et
662 1280 771 1328 Cajus
790 1280 851 1318 lib.
874 1292 900 1315 1.
931 1279 1012 1316 Tit.
1031 1292 1066 1315 v.
1088 1280 1188 1315 Ado-

140 1334 213 1383 ptio
228 1333 294 1380 est,
321 1332 381 1370 ubi
400 1333 475 1383 quis
490 1361 499 1377 ,
515 1341 651 1382 patrem
675 1329 824 1373 habens,
852 1329 897 1365 ab
917 1328 986 1365 alio
992 1338 1092 1377 patre
1103 1330 1188 1364 ado-

143 1395 282 1435 ptatur.-
305 1396 348 1422 (9⁴
366 1383 417 1419 ita
435 1384 492 1421 ille
506 1412 516 1427 ‚
545 1383 605 1432 qui
626 1381 833 1430 adoptatur,
861 1380 902 1415 de
921 1380 1187 1428 certipatrispo-

144 1435 262 1482 testate
291 1434 431 1481 discedit
444 1462 453 1477 ‚
489 1444 532 1473 (φ’
560 1435 598 1470 in
615 1432 771 1481 adoptivi
786 1431 897 1480 patris
917 1429 1036 1477 incipit
1054 1428 1110 1477 esse
1128 1439 1188 1477 po-

147 1484 276 1533 testate.
306 1485 409 1523 Idem
434 1484 544 1533 Cajus
565 1491 648 1520 ante
668 1484 758 1519 haec
773 1480 878 1517 verba
889 1482 935 1518 ita
946 1480 1187 1528 adoptionem

149 1535 340 1574 definivit:
370 1534 519 1583 Adoptio
539 1530 888 1582 naturaestmilitudo
909 1530 973 1578 est,
1002 1541 1040 1567 ut
1061 1530 1191 1580 aliquis

1248 1242 1299 1267 xv.
1320 1242 1398 1278 cap.
1423 1241 1455 1278 3.
1484 1231 1520 1268 in
1543 1230 1725 1267 Oratione
1749 1229 1917 1268 Canuleii
1940 1229 2207 1278 Trib.pleb.de
2220 1244 2290 1269 no-

1245 1292 1296 1317 vo
1321 1280 1481 1318 Consule
1510 1280 1656 1328 plebejo
1677 1280 1847 1317 faciendo
1870 1295 1878 1318 :
1909 1280 2047 1329 Obsecro
2068 1294 2150 1325 vos,
2170 1280 2204 1329 fi
2221 1296 2290 1318 non

1245 1330 1409 1377 adsastos
1422 1359 1432 1375 ,
1470 1343 1538 1366 non
1559 1332 1606 1367 ad
1628 1331 1878 1369 commentaria
1899 1330 2107 1378 Pontificum
2127 1332 2291 1368 admitti«

1246 1394 1337 1418 mur.
1364 1383 1403 1418 δε
1433 1381 1586 1419 Tacitus
1616 1381 1747 1419 Annal.
1773 1394 1836 1420 111.
1857 1393 1937 1430 cap.
1960 1394 2014 1427 17.
2043 1388 2177 1419 Nomen
2198 1383 2290 1432 Piso-

1245 1432 1299 1468 nis
1317 1432 1513 1469 radendum
1536 1431 1665 1477 efastis
1683 1431 1810 1481 censuit
1830 1444 1873 1472 ω’
1895 1432 2134 1480 Magistratus.
2163 1434 2201 1472 &
2223 1435 2291 1472 alia

1246 1491 1413 1521 veterum
1439 1491 1712 1532 martyremata.
1741 1483 1916 1521 NEAPOL.
1946 1483 2052 1530 Festos
2067 1483 2290 1531 fastusidem

1245 1533 1370 1571 Urfini
1399 1534 1518 1572 codex
1547 1535 1584 1571 &
1612 1533 1689 1571 duo
1716 1542 1778 1571 aut
1796 1543 1866 1572 tres
1885 1535 2206 1582 praeterea.fastus
2225 1547 2291 1583 pro

143 1586 264 1634 filium
302 1584 424 1622 habere
463 1581 553 1631 poffit
578 1611 588 1627 ‚
632 1596 732 1630 quem
773 1595 841 1618 non
880 1583 1075 1631 generavit.
1128 1581 1189 1619 De
1239 1584 1348 1631 fastos
1375 1586 1487 1622 etiam
1509 1584 1605 1632 apud
1629 1585 1852 1628 Horatium,
1883 1587 2102 1629 Lucanum,
2131 1586 2220 1622 alios
2238 1587 2296 1623 jn-

148 1636 351 1685 adoptione
379 1634 620 1673 consulendus
651 1634 699 1670 est
725 1632 911 1681 Agellius,
939 1632 1012 1670 five
1033 1633 1081 1670 A.
1102 1632 1191 1670 Gel-

150 1687 218 1726 lius
253 1685 312 1724 lib.
334 1697 370 1722 v.
400 1696 478 1733 cap.
506 1696 563 1732 19.
610 1685 722 1722 Hunc
765 1692 888 1722 autem
924 1684 1190 1721 Germanicum

151 1737 250 1776 idem
274 1736 469 1779 Tiberius,
498 1734 580 1773 cum
603 1734 649 1771 ad
670 1735 814 1783 imperii
836 1734 1014 1784 fastigium
1021 1736 1098 1784 jam
1112 1746 1194 1783 per-

150 1786 325 1831 venisset,
352 1798 500 1824 veneno
529 1785 735 1824 necandum
769 1786 919 1824 curavit.
954 1787 1015 1823 De
1036 1787 1193 1823 Germa-

150 1839 222 1876 nici
239 1837 344 1876 laude
373 1837 410 1874 δε
434 1838 637 1874 carminum
661 1836 870 1886 praestantia
888 1836 1066 1885 Quinetil.
1084 1837 1145 1874 lib.
1158 1849 1193 1875 x.

153 1890 322 1927 Cxorau.
348 1888 493 1934 Drusus
525 1887 722 1932 Claudius,
749 1899 855 1926 verus
874 1896 999 1935 pater,
1027 1887 1101 1926 five
1123 1886 1195 1926 Ti-

149 1939 291 1984 berius‚
317 1939 534 1987 adoptivus:
556 1939 680 1976 malim
702 1940 812 1976 hunc.
840 1939 1017 1977 Nemon-

209 2003 265 2027 10.
301 1990 472 2038 Legendus
517 1988 647 2039 avus.]
703 1990 932 2027 Octavianus
977 1989 1159 2039 Augustus
1183 2018 1193 2034 ,

152 2042 288 2089 quippe
318 2042 381 2089 qui
403 2040 596 2080 Tiberium
617 2040 818 2088 adoptavit:
839 2041 925 2078 hinc
943 2041 981 2078 in
999 2041 1195 2088 spec'tioni-

152 2093 216 2128 bus
238 2092 392 2140 antiquis
413 2091 572 2129 scribitur
591 2091 736 2129 Tiberii
756 2090 847 2129 filius
862 2120 871 2133 ,
903 2094 929 2129 A
939 2092 1195 2140 ugustinepos‚

153 2142 239 2188 Julii
272 2153 478 2190 pronepos;
509 2142 722 2190 exemplum
753 2143 819 2179 erit
841 2144 932 2180 haec
956 2145 994 2180 in
1016 2142 1196 2191 Hispaniis

153 2201 320 2241 reperta:
350 2193 462 2242 (apud
482 2193 590 2231 Grut.
609 2204 792 2230 ccxxxvi.
814 2194 863 2242 3.)

408 2244 442 2280 G
471 2244 503 2281 E
532 2245 565 2281 R
593 2244 638 2281 M
667 2247 700 2281 A
730 2244 767 2280 N
796 2244 809 2279 l
840 2246 870 2281 C
899 2245 935 2281 O

407 2294 738 2333 CAESARI
793 2294 889 2333 TI.
944 2295 972 2332 F

406 2345 795 2383 AVGVSTI
852 2347 900 2384 N.

410 2395 606 2433 DIVI
661 2394 896 2435 PRON.

554 2446 718 2485 COS.

414 2497 460 2533 L.
515 2497 1024 2535 TVRELLIVS

415 2545 461 2580 L.
513 2546 552 2580 F.
605 2547 996 2582 GEMINVS

517 2593 570 2631 AE
597 2593 646 2630 D.
700 2593 749 2630 D.
804 2593 837 2630 S.
890 2593 928 2630 P.
985 2593 1100 2630 IDEM.

217 2656 273 2682 11.
301 2643 550 2693 Piuossastos]
567 2641 665 2680 Bene
677 2643 956 2680 miscetannales
970 2643 1197 2686 Pontificios‚

164 2707 248 2734 cum
265 2695 367 2733 fastis:
383 2696 418 2732 in
431 2695 496 2731 illis
509 2695 607 2731 enim
621 2693 714 2731 libris
725 2692 902 2742 quidquid
916 2702 991 2730 erat
1005 2720 1014 2737 ‚
1030 2696 1065 2731 in
1079 2694 1132 2731 his
1144 2694 1199 2730 vi-

162 2747 301 2784 sebatur
321 2748 429 2783 etiam
444 2754 654 2782 exaratum:
672 2755 756 2781 nam
771 2744 843 2793 qua
854 2743 912 2781 die
924 2744 1102 2794 quidquid
1113 2756 1202 2782 eve-

164 2796 292 2840 nisset,
319 2795 403 2834 fasszi
434 2796 495 2833 seu
520 2793 673 2839 nefasta,
705 2793 966 2832 recensendum
989 2803 1063 2832 erat
1083 2795 1119 2832 in
1137 2806 1201 2832 an—

166 2848 315 2885 nalibus.
352 2845 422 2884 Sed
450 2855 589 2894 praeter
615 2847 683 2883 hos
713 2844 805 2883 duae
824 2853 924 2882 erant
944 2845 1037 2893 apud
1061 2854 1202 2884 veteres

166 2898 307 2936 tabulae
327 2925 338 2942 ,
372 2897 500 2946 quibus
532 2897 703 2934 fastorum
734 2907 874 2933 nomen
906 2905 981 2933 erat
1014 2895 1199 2939 inditum;

169 2959 262 2993 una,
289 2949 326 2985 in
355 2947 427 2997 qua
449 2949 547 2984 varia
575 2947 717 2984 dierum
744 2947 824 2996 jura
847 2947 976 2990 incisa,
1005 2946 1051 2984 de
1071 2948 1201 2995 quibus

166 3010 233 3036 nos
257 2998 375 3046 postea
389 3026 400 3041 ‚
427 2997 603 3035 solemnia
620 2998 788 3035 Deorum
809 2996 925 3041 sacra,
951 2997 1027 3035 ludi
1043 2999 1202 3035 &feriae

167 3050 206 3087 in
235 3049 452 3086 eorumdem
481 3048 691 3093 honorem,
728 3059 782 3085 res
811 3049 847 3085 &
869 3049 1046 3086 victoriae
1062 3049 1204 3097 aliquot

170 3099 322 3146 infignes
344 3112 353 3136 ε
393 3101 431 3137 &
471 3099 545 3136 hoc
583 3107 842 3148 argumentum
881 3099 1033 3149 hujusce
1070 3099 1203 3147 optimi

170 3150 321 3187 maximi
340 3150 478 3198 operis,
505 3158 646 3198 praeter
666 3151 912 3194 Α’ςρσνομικιέ.
953 3150 1072 3198 Hujus
1092 3161 1204 3197 gene-

172 3200 215 3237 ris
235 3200 338 3237 fastos
358 3200 518 3249 vulgavit
536 3202 672 3248 primus
693 3200 762 3236 Cu.
785 3200 946 3242 Flavius3
977 3210 1078 3237 notat
1097 3201 1203 3236 Vale-

177 3251 246 3286 rius
261 3251 319 3287 lib.
340 3262 382 3288 11.
411 3262 487 3299 cap.
509 3264 540 3296 5.
567 3251 640 3296 Jus
660 3249 775 3287 Civile
789 3259 847 3299 per
869 3251 981 3288 multa
993 3251 1133 3298 saccula
1153 3250 1207 3285 in.-

178 3309 228 3334 ter
241 3300 340 3347 sacra
360 3301 646 3351 caerimoniasque
669 3307 818 3339 Deorum
837 3301 1091 3340 immortalium
1111 3301 1210 3338 abdi--

1246 1636 1382 1672 venies.
1411 1635 1457 1673 de
1489 1647 1566 1685 quo
1601 1636 1710 1672 Notis
1738 1635 1783 1673 ad
1807 1635 2051 1674 Claudianum
2079 1648 2106 1672 1.
2131 1636 2167 1672 in
2189 1636 2294 1676 Eutr.

1247 1698 1332 1733 475-
1361 1688 1397 1724 ὅ(
1431 1699 1483 1724 1v.
1513 1686 1623 1724 Cons.
1646 1687 1752 1723 Hon.
1776 1698 1857 1735 155.
1886 1685 2202 1735 Lucaniquidem
2224 1697 2296 1735 po<

1249 1738 1425 1776 tiffimum
1449 1738 1558 1775 illud:

1302 1807 1373 1838 Nec
1391 1814 1486 1839 meus
1506 1800 1644 1838 Eudoxi
1664 1800 1827 1837 vincetur
1840 1798 1986 1848 fastibus
2003 1812 2131 1838 annus.

1249 1861 1354 1911 quod
1373 1862 1517 1900 Servius
1537 1871 1662 1899 tamen
1683 1862 1729 1899 ad
1745 1862 1805 1900 lib.
1823 1874 1886 1899 111.
1908 1860 1997 1899 AEn.
2016 1862 2097 1910 326.
2120 1869 2297 1911 tanquam

1251 1925 1415 2002 errogem
1443 1914 1482 1952 in
1506 1913 1664 1951 Lucano
1684 1920 1801 1951 notat.
1831 1913 2006 1951 Horatius
2027 1912 2086 1951 lib.
2111 1926 2157 1952 11.
2184 1914 2297 1964 Epist.

1252 1977 1277 2003 1.
1304 1977 1327 2011 4
1356 1994 1364 2002 .

1303 2029 1378 2076 ἐξά
1396 2029 1486 2066 redit
1502 2030 1549 2065 ad
1561 2028 1670 2076 fastos
1686 2038 1730 2068 ω’
1749 2029 1922 2066 virtutem
1941 2027 2099 2076 aestimat
2115 2029 2230 2066 annis.

1252 2090 1311 2128 ubi
1334 2091 1414 2128 libri
1436 2092 1751 2138 veterrimifastus
1762 2092 2052 2140 quoque.&111.
2067 2091 2140 2127 Od.
2156 2095 2300 2137 >tvm-1.

1253 2148 1319 2178 Per
1346 2155 1508 2179 memores
1528 2155 1634 2191 genus
1665 2155 1764 2178 omne
1786 2141 1900 2189 fastus
1929 2143 1964 2178 in
1987 2142 2135 2189 optimo
2157 2141 2299 2178 codice.

1253 2193 1412 2230 Notavit
1442 2201 1538 2231 certe
1559 2193 1754 2230 Priscianus
1776 2203 1928 2241 quoque
1944 2193 2020 2239 jam
2044 2193 2108 2230 suo
2128 2200 2299 2238 tempore

1254 2243 1459 2281 Horatiana
1486 2244 1544 2281 illa
1564 2245 1645 2281 loca
1665 2245 1764 2281 varie
1785 2242 2095 2280 fmffeleetalibro
2106 2242 2223 2288 sexto,
2238 2242 2300 2280 ubi

1255 2294 1316 2331 ille
1338 2295 1439 2342 plura
1457 2294 1501 2332 ad
1524 2306 1615 2332 rem.
1644 2294 1718 2331 vid.
1741 2293 1874 2331 Noster
1892 2293 1954 2330 lib.
1975 2305 2030 2330 vx.
2056 2305 2114 2341 59.

1310 2345 1435 2393 Inspice
1455 2358 1536 2394 quos
1558 2344 1684 2381 habeat
1706 2344 1890 2381 nemoralis
1911 2343 2036 2380 Aricia
2048 2343 2171 2390 fastus.

1254 2395 1304 2432 ita
1324 2396 1442 2433 codex
1460 2399 1554 2434 inter
1576 2396 1768 2433 Mediceos
1790 2397 1930 2443 primae
1950 2395 2142 2432 vetustatis.
2170 2394 2208 2430 δε
2225 2394 2300 2431 hoc

1254 2446 1331 2494 ipso
1353 2446 1446 2484 libro
1470 2447 1563 2484 infra
1581 2459 1666 2484 cum
1688 2458 1765 2483 uno
1788 2444 2026 2488 Fmefiano,
2055 2445 2138 2491 657.

1310 2502 1373 2532 'Ier
1392 2506 1516 2543 quater
1532 2497 1650 2532 evolvi
1662 2495 1838 2543 signantes
1862 2503 2011 2540 tempora
2028 2492 2150 2541 faslrts.

1257 2545 1305 2579 fic
1326 2546 1363 2580 δε
1386 2545 1571 2580 Columel.
1590 2545 1650 2581 lib.
1671 2557 1720 2580 ix.
1743 2556 1818 2591 cap.
1843 2556 1896 2589 14.
1925 2549 2047 2578 Verum
2069 2545 2108 2579 in
2127 2543 2193 2578 hac
2208 2543 2302 2580 ruris

1258 2592 1438 2640 disciplina
1470 2594 1595 2642 sequor
1635 2606 1727 2630 nunc
1758 2594 1895 2629 Eudoxi
1920 2604 1962 2631 εν
1995 2594 2177 2629 Mathonis
2201 2596 2300 2630 anti-

1257 2654 1469 2691 quorumque
1490 2643 1602 2688 fastus
1634 2643 1870 2691 astrologorum
1885 2671 1895 2686 ‚
1924 2643 2084 2691 quisunt
2103 2644 2217 2692 aptati
2235 2653 2298 2693 pu-

1257 2692 1352 2728 blicis
1365 2692 1557 2738 sacrificiis.
1592 2693 1714 2730 Varro
1737 2695 1772 2730 in
1795 2694 1992 2741 Ephemer.
2013 2694 2109 2741 apud
2130 2694 2298 2732 Priscian.

1255 2742 1316 2780 lib.
1335 2753 1389 2779 VI.
1408 2755 1487 2792 pag.
1502 2754 1587 2789 711.
1614 2743 1726 2789 Postea
1739 2743 1871 2780 honoris
1885 2743 2065 2780 virtutum
2079 2745 2188 2793 cauffa
2201 2745 2301 2790 Julii

1256 2793 1415 2840 Caesaris
1430 2822 1439 2836 ,
1467 2794 1649 2844 quisalius
1670 2794 1828 2836 correxit,
1840 2792 1960 2842 mensis
1972 2794 2099 2839 Julius
2111 2796 2300 2843 appellatus

1256 2845 1309 2889 est.
1337 2843 1411 2882 vid.
1432 2844 1551 2882 Barth.
1572 2846 1617 2882 ad
1641 2844 1773 2882 Claud.
1792 2846 1965 2893 Epist.1v.
1986 2845 2038 2885 5²1⁴.
2065 2857 2119 2892 15.
2149 2846 2298 2883 Hfims.

1255 2895 1369 2943 Apud
1388 2895 1561 2932 eumdem
1594 2896 1786 2932 Lucanum
1810 2896 1872 2933 lib.
1893 2906 1927 2932 v.
1950 2894 2031 2944 384.
2053 2896 2088 2932 in
2110 2893 2193 2932 Mff.
2217 2908 2299 2943 rep-

1257 2946 1359 2993 peri,
1395 2951 1514 2982 Laetos
1525 2946 1611 2990 fecit
1623 2948 1661 2993 se
1685 2945 1813 2995 consule
1826 2946 1951 2993 fastus.
1980 2945 2052 2982 vid.
2077 2945 2230 2995 Bentlej.
2253 2946 2298 2983 ad

1260 2997 1393 3033 Horat.
1414 3009 1476 3033 111.
1499 2996 1563 3034 Od
1580 3009 1677 3034 xvrr.
1695 3009 1728 3042 4.
1751 2998 1787 3034 ὃ(
1811 2995 1996 3033 Drakcnb.
2016 2995 2061 3033 ad
2082 2996 2158 3034 Silii
2175 2997 2234 3034 lib.
2254 3009 2300 3034 Π.

1262 3058 1319 3085 10.
1346 3046 1477 3085 Buam.

1315 3109 1367 3135 12.
1395 3103 1488 3134 Cum
1518 3098 1634 3146 Druso
1662 3095 1980 3146 praemiafratre.]
2011 3097 2088 3135 Hic
2108 3109 2182 3134 non
2204 3096 2296 3134 filius

1259 3147 1366 3185 Drufi
1388 3149 1547 3186 Neronis
1562 3176 1570 3191 ‚
1600 3148 1658 3185 sed
1680 3160 1794 3196 nepos
1816 3160 1861 3185 ex
1883 3149 1988 3185 fratre
2008 3147 2177 3185 Tiberio.
2206 3148 2298 3183 Ger-

1260 3199 1409 3236 manico
1429 3210 1516 3247 ergo
1540 3200 1648 3236 frater
1668 3199 1734 3236 erit
1754 3200 1958 3247 adoptivus.
2001 3199 2220 3246 Subjicerem
2242 3197 2297 3232 lu-

1263 3251 1312 3287 cis
1333 3248 1449 3286 causi-i
1477 3250 1629 3287 stemma
1643 3277 1654 3295 ,
1680 3251 1718 3287 ni
1748 3249 1810 3288 tibi
1831 3249 1915 3287 ess'et
1935 3249 2088 3287 obvium
2109 3250 2145 3285 in
2165 3246 2301 3283 multis.

1264 3301 1443 3339 Neapor..

1499 3351 1534 3387 A
1564 3362 1585 3388 2
2153 3356 2209 3395 13.
2236 3350 2309 3384 Ca-
