2495 3675
193 213 295 269 812

655 209 716 267 P.
787 206 1208 267 0V1D11
1280 198 1820 260 NASONIS

348 315 447 365 135
486 296 631 355 Cum
662 300 855 358 domus
883 299 1134 372 Augusti,
1171 293 1411 366 Capitoli
1439 308 1594 347 more
1631 290 1895 355 colenda‚'

572 374 739 429 Laeta
758 415 772 439 ,
813 379 834 446 (
860 375 1008 448 quod
1039 370 1139 431 est,
1178 367 1233 421 &
1261 365 1320 420 fit
1340 367 1391 435 ‚)
1432 366 1692 437 plenaque
1720 364 1864 436 pacis
1887 363 2016 431 e-rit3

495 445 647 501 Tum
675 449 774 503 tibi
806 448 874 502 Di
899 445 1090 499 faciant
1115 438 1351 495 adeundi
1374 439 1529 510 copia
1555 439 1671 501 fiat,

569 520 877 575 Profeeffira
902 514 1103 586 aliquid
1131 529 1246 568 tum
1273 527 1362 566 tua
1385 511 1547 566 verba
1580 527 1722 582 puta.

494 592 548 646 Si
575 594 704 661 quid
731 604 850 661 aget
879 588 1070 659 majoe,
1104 586 1265 640 differ
1293 599 1382 638 tua
1408 598 1633 655 coepta;
1674 599 1914 655 caveque

348 683 446 734 140

560 665 718 733 Spem
748 661 1047 717 festinando
1073 658 1423 733 praecipitare
1452 674 1643 711 meam.

495 738 613 791 Nec
643 734 816 790 rursus
836 736 1030 807 jube0‚
1071 736 1203 788 dum
1233 731 1292 785 fit
1319 728 1621 783 vacuiffima
1651 742 1887 802 quaeras,

572 808 922 880 Corporis‘ad
955 809 1158 862 cultum
1185 810 1276 859 vix
1298 815 1446 857 vacat
1472 803 1558 856 illa
1585 802 1676 856 sui.

492 880 656 936 Curia
682 899 806 936 cum
844 882 1079 953 patribus
1112 879 1272 934 fuerit
1305 876 1486 947 stipata
1512 874 1791 937 verendis3

568 955 668 1008 Pei·
692 973 872 1009 rerum
898 954 1108 1008 turbam
1136 967 1196 1005 tu
1221 966 1442 1022 quoque
1467 962 1683 1020 oportet
1710 965 1813 1003 eaS.

361 1045 455 1096 145
497 1027 638 1082 Cum
667 1028 761 1081 tibi
786 1027 1078 1098 contigerit
1104 1025 1311 1078 vultum
1331 1021 1557 1092 junonis
1582 1021 1755 1084 adire,

579 1101 684 1153 Fac
714 1100 771 1158 sis
799 1100 1078 1171 personae,
1116 1114 1277 1170 quam
1306 1110 1517 1155 tueare,
1554 1109 1780 1146 mernor.

500 1175 618 1230 Nec
647 1172 842 1227 faffilum
868 1173 1100 1227 defende
1128 1184 1336 1224 meum:
1378 1167 1511 1220 mala
1536 1164 1705 1219 caussa
1729 1165 1923 1221 silenda
1949 1166 2039 1223 est.

580 1247 667 1300 Nil
695 1246 790 1300 nisi
816 1247 1069 1300 sollicitae
1093 1245 1190 1298 fint
1219 1256 1308 1295 tua
1330 1239 1490 1293 verba
1516 1255 1716 1309 preces,

509 1320 660 1374 Tum
688 1319 914 1374 lacrimis
940 1316 1206 1372 demenda
1238 1330 1389 1367 rnora
1415 1311 1514 1365 est:
1555 1311 1905 1386 submissaque
1935 1324 2108 1369 terra-e

367 1411 465 1463 150

279 1672 361 1712 135.
390 1666 482 1699 Cum
507 1660 627 1713 domus
647 1659 796 1710 Augusti
815 1657 966 1710 Capitoli
988 1671 1077 1697 more
1095 1655 1267 1708 colendas]

223 1713 279 1752 Ut
301 1713 507 1759 κακοφωνὶοι
527 1713 663 1750 vitetur
677 1740 686 1756 ,
716 1711 842 1750 malim
861 1739 871 1756 ,

278 1781 438 1825 Cumque
461 1776 616 1825 Augusta
636 1777 756 1814 domus
779 1776 934 1826 Capitoli
958 1791 1049 1815 more
1069 1774 1210 1814 colendi.

227 1839 313 1864 narn
347 1828 476 1865 colendi
509 1828 743 1874 Argentinus.
781 1827 883 1865 Vide
917 1829 1034 1866 Notas
1064 1828 1174 1866 Trist.
1208 1838 1272 1865 111.

231 1878 334 1926 Eleg.
364 1891 457 1916 vm.
489 1877 606 1926 posset
636 1879 675 1915 ὅτ
699 1905 709 1922 ,
758 1877 911 1927 Capitoli
939 1880 976 1915 in
1017 1878 1102 1915 mole
1130 1877 1271 1916 colendi.

229 1928 378 1966 Heius.
425 1929 571 1966 Vellem
591 1956 602 1972 ‚
626 1941 772 1976 eumque
798 1929 956 1977 Augusta
975 1928 1097 1965 domus
1117 1929 1272 1977 Capitoli

232 1992 324 2014 more
344 1979 497 2016 colenda.
527 1981 701 2016 AUCTOR
726 1979 834 2016 Erec
846 1993 879 2017 T.
904 1980 1031 2017 Eron.
1081 1985 1160 2016 Voce
1180 1991 1272 2017 unus

232 2029 359 2067 Heins.
381 2042 451 2079 ego
467 2030 560 2067 «nihil
579 2041 731 2067 moveo.
758 2042 844 2067 nam
869 2029 972 2077 saepe
995 2033 1030 2068 in
1052 2031 1104 2068 his
1127 2033 1166 2069 &
1186 2032 1274 2069 Tri-

230 2079 337 2118 stium
359 2081 454 2118 libris
488 2081 690 2129 Augustum
721 2080 831 2127 Jovi,
860 2081 898 2118 3:
928 2081 1106 2118 Palatium
1129 2083 1272 2131 templo

233 2131 435 2179 Capitolini
458 2131 568 2178 >Jovis
593 2132 749 2170 confert.
777 2131 849 2170 vid.
874 2144 939 2170 111.
959 2132 1070 2171 Trist.
1093 2144 1122 2171 1.
1145 2143 1205 2183 35.
1234 2135 1273 2172 δε

234 2181 306 2231 seq.
324 2182 455 2220 Buam.

293 2242 379 2280 137,
409 2239 497 2269 Tum
528 2232 594 2269 tibi
626 2231 840 2280 olfaciant
868 2233 1023 2270 adeundi
1053 2235 1144 2285 copia
1164 2234 1273 2283 fian]

234 2282 360 2321 Etiam
383 2285 444 2321 hic
473 2284 591 2321 versus
621 2284 816 2322 mendosus
841 2284 902 2322 est.
931 2285 1069 2324 Sarrav.
1095 2292 1183 2322 Tum
1211 2287 1278 2324 tibi

238 2332 412 2381 deficiant.
440 2335 605 2384 quinque
633 2335 719 2377 alii,
750 2336 788 2371 di
807 2337 977 2381 faveant,
1003 2335 1041 2372 di
1060 2337 1172 2383 fuerit
1203 2339 1276 2376 Ar·

236 2386 376 2473 gentdin.
399 2386 487 2424 alius
511 2388 551 2422 τὸ
572 2385 611 2423 di
632 2398 708 2424 non
729 2385 903 2434 agnoseit.
933 2386 1077 2426 Hmas.
1105 2387 1210 2437 Copia
1221 2389 1279 2427 de·

236 2448 298 2474 tur
342 2448 404 2474 uo.

294 2487 377 2536 138.
403 2490 602 2533 Proseolura
637 2487 774 2536 aliquid
803 2501 881 2525 cum
916 2498 980 2526 tua
1006 2490 1117 2528 verba
1143 2492 1281 2542 putea]

240 2544 329 2575 Tum
353 2539 535 2576 meliores.
564 2539 795 2578 Sarravianus
818 2551 969 2590 quoque
991 2568 1001 2584 ,
1032 2550 1146 2590 putas.
1175 2551 1216 2580 ut
1242 2544 1282 2581 &

242 2590 301 2626 alii
323 2590 502 2626 nonnulli.
531 2599 624 2634 tres,
658 2601 768 2639 puta:
796 2590 904 2629 bene.
932 2590 998 2629 nifi
1014 2601 1135 2641 putem
1165 2595 1283 2633 mavis

245 2651 330 2677 cum
355 2641 719 2689 Rottendorphiano.
746 2643 891 2680 Hiems.

302 2702 382 2738 139.
411 2691 445 2726 si
467 2693 552 2740 quid
571 2693 687 2743 aget.]
718 2698 808 2741 Ages
830 2695 981 2742 Argent.
996 2696 1142 2733 Hfirns.
1172 2700 1283 2744 figes,

247 2740 285 2777 ὃς
306 2742 542 2779 emendatum
559 2771 568 2785 ‚
597 2757 679 2791 agas
699 2744 1008 2794 Leidensis.agent
1023 2746 1284 2784 Francosffior·

246 2798 283 2828 te
310 2791 420 2829 reete.
447 2792 576 2831 Caesar
602 2794 738 2833 serlicet
764 2797 801 2833 ὅ(
827 2796 955 2841 Livia,
983 2808 1069 2834 cum
1092 2809 1165 2847 qua
1179 2797 1285 2847 saepe

248 2841 397 2879 consilia
417 2844 644 2882 conferebat.

309 2904 386 2939 ¹4¹·
417 2899 486 2929 Nec
516 2896 633 2944 rursus
652 2894 794 2947 jubeo]
846 2897 935 2936 Duo
954 2898 1148 2948 ‚rurfima
1177 2901 1289 2939 Latet

253 2942 364 2980 ulcus.
394 2945 536 2981 Hfflus.

271 3043 276 3048 .
309 3005 385 3038 ¹42-
415 2996 568 3043 Corporis
587 2996 635 3031 ad
652 2996 817 3047 cultum]
847 3000 912 3035 Ad
923 3012 1042 3037 curam
1054 3001 1190 3040 SarraV.
1204 3002 1290 3040 Sca·

252 3043 355 3099 liger.
378 3047 526 3101 fingent.
549 3046 696 3085 Feschii.
716 3048 894 3087 Arondel.
908 3051 946 3088 &
967 3051 1043 3089 duo
1063 3053 1135 3091 alii.
1164 3053 1290 3091 Medi-

258 3105 403 3131 camme
426 3101 550 3133 faciel:

312 3145 441 3191 Discite
462 3159 544 3193 quae
558 3147 687 3192 faciem
706 3162 864 3187 vcommen
876 3150 924 3185 let
946 3165 1029 3188 cura
1047 3153 1192 3199 puellae.

256 3195 356 3232 Suet.
370 3196 469 3232 Caes.
481 3207 507 3244 4
516 3207 543 3241 ς.
557 3203 644 3232 circa
656 3213 775 3235 curam
787 3201 926 3249 corporis
935 3202 1103 3250 morosior.
1116 3206 1143 3242 Α
1152 3205 1246 3254 pulej
1255 3217 1293 3244 us

259 3247 302 3282 M
311 3255 354 3284 et.
363 3259 394 3282 ν.
409 3252 476 3282 Nec
489 3250 626 3293 corporis
643 3263 723 3285 cura
735 3260 839 3294 remeo
849 3251 971 3298 regales
982 3254 1095 3300 epulae
1107 3255 1293 3292 morabun-

260 3309 331 3334 tur.
352 3297 415 3334 nili
438 3300 552 3336 mavis
575 3300 664 3343 illic,
689 3314 746 3336 nec
764 3304 905 3349 corporis
925 3315 1065 3341 curatae
1085 3305 1150 3341 tibi
1168 3306 1293 3354 regales

257 3349 374 3398 epulae
385 3350 626 3389 morabuntur.
654 3363 764 3401 quam
787 3352 988 3393 lectionem
999 3356 1133 3395 merito
1151 3354 1294 3396 asseruit

575 1391 668 1447 Ad
692 1409 803 1447 non
828 1393 1076 1448 mortales
1104 1387 1315 1445 brachia
1341 1384 1506 1441 tende
1530 1384 1715 1457 pedes,

2223 1511 2376 1571 Tum

1320 1652 1482 1692 ‘Colvius
1501 1682 1511 1698 ,
1555 1651 1681 1692 frustra
1710 1652 1784 1692 illic
1812 1651 2006 1692 insultante
2035 1650 2224 1702 Scioppio.
2260 1653 2374 1694 exstat

1327 1708 1427 1743 enim
1450 1706 1486 1742 in
1508 1707 1625 1753 prima
1646 1703 1814 1743 editione
1833 1716 1853 1742 a
1874 1703 2130 1754 scriptislibris.
2156 1704 2214 1742 sed
2238 1717 2370 1744 verum

1326 1765 1419 1805 puto
1435 1783 1444 1799 .
1473 1769 1532 1792 nec
1552 1755 1692 1804 corporis
1714 1767 1878 1793 curatam
1904 1756 2027 1805 regales
2049 1754 2164 1803 epulae
2185 1755 2377 1793 morabun-

1327 1817 1400 1845 tur.
1430 1807 1487 1844 Sic
1509 1808 1618 1854 paulo
1638 1806 1716 1855 post
1730 1835 1740 1851 ,
1768 1806 1967 1853 interfhfflae
1987 1806 2209 1854 virginitatis
2229 1816 2377 1846 curant-¹

1327 1857 1445 1896 Aulus
1466 1858 1605 1896 Gellius
1626 1857 1808 1895 Noffium
1830 1858 2037 1895 Atticarum
2061 1857 2124 1895 lib.
2138 1868 2197 1894 xv.
2218 1869 2294 1906 cap.
2306 1868 2371 1896 20.

1328 1914 1416 1945 Mox
1448 1921 1470 1944 a
1499 1908 1641 1957 corporis
1670 1920 1753 1944 cura
1790 1908 1838 1944 ad
1865 1907 2040 1945 excolendi
2068 1908 2183 1944 animi
2208 1907 2372 1954 stadium

1328 1961 1549 2007 transgreffus
1568 1959 1622 2006 est.
1651 1958 1797 1996 Herus.
1824 1958 1895 1996 Sed
1913 1959 2037 1996 nescio
2059 1970 2121 1995 cur
2141 1958 2273 1996 cultum
2286 1971 2373 1997 rno-

1329 2020 1502 2052 veamus,
1527 2021 1611 2047 curn
1633 2009 1743 2046 toties
1769 2009 1884 2046 verbo
1908 2010 2009 2046 colere
2039 2009 2075 2046 &
2108 2009 2220 2046 cultus
2249 2019 2372 2049 utatur

1330 2060 1475 2097 Noster.
1488 2060 1561 2097 vid.
1580 2059 1688 2108 Epist.
1701 2071 1924 2106 xv.77.xvx.
1941 2060 2021 2108 189.
2047 2073 2071 2096 ι.
2092 2061 2374 2100 111.Tr1·st.101.

1328 2111 1369 2148 &
1396 2122 1476 2154 ¹07·
1502 2121 1556 2148 ιν.
1580 2110 1668 2149 Fast.
1693 2122 1775 2157 107.
1801 2112 1840 2148 &
1859 2111 1999 2159 paffim.
2041 2110 2089 2147 slc
2116 2123 2269 2162 quoque
2299 2112 2377 2162 alii.

1330 2161 1406 2200 vid.
1426 2162 1528 2199 Serv,
1546 2162 1592 2200 ad
1612 2163 1718 2210 Virg.
1741 2174 1768 2199 1.
1791 2162 1931 2212 Georg.
1953 2173 1986 2212 3.
2012 2160 2142 2199 Bona.

1387 2236 1468 2274 143.
1496 2224 1674 2274 stipata.]
1703 2224 1874 2274 stipanda
1893 2232 1964 2262 tres
1984 2223 2077 2262 libri.

1389 2295 1474 2336 144.
1503 2292 1565 2323 Per
1594 2296 1737 2336 patrum
1764 2285 1945 2335 turbam]
2000 2292 2066 2322 Per
2094 2300 2211 2323 rerum
2233 2286 2377 2324 turbam

1334 2337 1541 2386 Eleganter.
1566 2336 1705 2375 Sarrav.
1725 2348 1801 2386 quo
1822 2337 1949 2385 populi
1971 2336 2185 2375 confluxum
2201 2337 2377 2387 designat.

1339 2394 1402 2426 Per
1419 2388 1571 2435 patriam
1594 2387 1739 2424 turbam
1761 2387 1937 2425 Arondel.
1957 2387 2102 2424 Heins.
2150 2394 2213 2425 Per
2230 2397 2377 2438 patrum

1337 2438 1459 2476 turbas
1476 2449 1560 2475 tunc
1581 2452 1713 2488 quoque
1731 2448 1857 2489 oportet
1877 2451 1944 2475 eas.
1973 2439 2209 2477 membranae
2221 2440 2381 2479 nostrae.

1338 2491 1378 2528 διε
1408 2489 1588 2539 ejicienda
1618 2489 1730 2527 credo
1755 2517 1766 2534 ,
1804 2500 1889 2527 nonv
1911 2488 2154 2527 emendanda.
2200 2490 2378 2530 Auctor<

1337 2540 1489 2578 Ειεςτ.
1509 2541 1639 2579 Eros.
1666 2541 1749 2590 Ego
1769 2540 1917 2578 mallem
1931 2567 1942 2585 ‚
1965 2549 2024 2589 per
2043 2550 2201 2577 matrum
2217 2541 2378 2579 turbam.

1338 2592 1516 2629 nimirum
1534 2620 1544 2636 ‚
1573 2591 1690 2637 dum,
1718 2590 1881 2640 Augusto
1903 2592 1941 2628 in
1973 2591 2069 2628 curia
2103 2602 2187 2628 cum
2225 2593 2382 2639 patribus

1338 2641 1505 2680 versante
1519 2670 1530 2687 ,
1559 2643 1667 2681 Livia
1690 2643 1738 2681 est
1756 2643 1881 2691 stipata
1902 2642 2089 2680 matronis.
2120 2642 2253 2681 Buma.

1394 2720 1481 2761 145.
1508 2717 1671 2747 Formam
1688 2710 1846 2757 Junonis
1865 2712 1974 2750 adire.
1992 2711 2007 2761 ]
2038 2712 2079 2750 In
2100 2713 2177 2751 aliis
2194 2742 2204 2757 ,
2234 2714 2381 2751 vultum

1341 2762 1498 2808 Janonis
1521 2761 1638 2806 adire,
1659 2774 1725 2810 pro
1745 2763 1782 2799 in
1804 2762 2040 2812 conspeetum
2062 2764 2219 2809 Junonis
2242 2766 2386 2804 venire.

1342 2813 1403 2850 vel
1424 2812 1568 2849 vultum
1590 2813 1748 2859 Junom's
1770 2841 1781 2858 ,
1819 2826 1886 2862 pro
1916 2814 2027 2861 ipsam
2056 2814 2243 2861 Junonem
2273 2817 2386 2855 adire.

1344 2863 1518 2912 intelligit
1540 2864 1710 2908 Liviam,
1740 2864 1893 2913 Augusti
1915 2865 2114 2913 conjugem
2139 2894 2150 2909 ‚
2186 2878 2297 2915 quam
2317 2867 2383 2912 Ju-

1344 2915 1438 2952 noni
1470 2922 1671 2962 comparat.
1709 2915 1875 2953 Famuc.
1929 2915 2053 2952 Ursini
2072 2915 2162 2954 liber
2183 2945 2194 2962 ,
2231 2917 2386 2953 vultum.

1341 2965 1499 3003 consule
1523 2965 1584 3003 hic
1604 2965 1822 3004 Fabricium.
1852 2966 2021 3004 Cxofm.

1399 3039 1484 3079 147.
1511 3029 1617 3066 Mala
1635 3028 1770 3080 ιαμβι]
1799 3036 1884 3067 Mea
1904 3030 2016 3081 cauffa
2038 3030 2111 3068 Ms.
2132 3029 2265 3068 Bersm.
2285 3030 2384 3069 mala

1345 3080 1443 3129 culpa
1465 3081 1617 3119 Moreti.

1401 3146 1489 3195 148.
1521 3153 1592 3184 Nec
1613 3146 1680 3195 nisi
1692 3146 1900 3195 sollicitae]
1954 3146 2020 3182 Nil
2039 3145 2105 3194 nisi
2127 3146 2205 3184 libri
2229 3156 2383 3190 veteres.

1347 3198 1450 3243 quod
1474 3200 1588 3246 magis
1606 3199 1700 3236 mihi
1718 3199 1903 3248 probatur.
1930 3197 2102 3236 Crofan.
2138 3198 2202 3235 Nil
2221 3199 2287 3250 nist
2308 3213 2388 3240 me-

1345 3248 1468 3287 liores.
1496 3249 1645 3287 Hunis.

1403 3322 1483 3356 149.
1512 3311 1673 3360 Terrae]
1702 3316 1808 3347 Terra
1820 3310 1959 3349 Sarrav.
1981 3313 2086 3353 Leid.
2102 3316 2210 3361 prim.
2233 3313 2329 3354 Edit.
2349 3317 2389 3356 δε

1348 3370 1478 3409 margo
1498 3359 1682 3400 Bersman.
1705 3373 1796 3400 mox
1809 3389 1820 3409 ‚
1848 3363 1961 3413 oscula
1981 3366 2083 3403 tende
2104 3366 2257 3404 Moreti.

2229 3427 2310 3465 151.
2340 3421 2394 3457 Tu
