2495 3675
406 161 1082 231 FASTO‘R

1150 160 1220 218 U
1295 159 1370 218 M
1475 166 1672 224 L113.
1742 171 1803 230 11.

266 346 274 356 ,Α
310 290 579 366 Quaeque
605 288 743 359 capit
771 285 923 340 lie³mr
948 279 1196 337 domibus
1221 280 1531 352 purgamina
1554 283 1745 348 certiS,

383 363 621 419 Torrida
647 378 771 416 cum
797 357 935 411 mica
962 354 1129 417 farra,
1169 367 1428 409 vocantur
1458 354 1619 410 idem.

160 460 240 511 ις
314 439 531 494 Nomen
557 437 700 490 idem
723 447 904 491 ram03
946 429 1036 501 qui
1063 426 1237 482 caesus
1265 425 1328 480 ab
1352 427 1541 482 arbore
1568 430 1729 500 pura,

394 510 549 564 Casta
577 502 911 561 sacerdotum
943 515 1189 572 tempora
1218 499 1413 553 fronde
1441 501 1590 572 tegit.

313 585 425 657 Ipse
450 595 551 651 ego
574 578 616 632 F
620 576 914 631 laminicam
944 574 1252 645 poscentem
1281 572 1464 627 februa
1492 573 1628 628 vidi:

386 654 590 711 Februa
615 649 855 722 poscenti
879 648 1034 720 pinea
1062 647 1209 719 virga
1235 645 1355 700 data
1382 644 1470 700 est.

78 885 144 924 23.
171 869 336 910 Domibus
348 864 557 917 purgamina
580 861 715 912 certi5.]
763 860 906 900 Primus
927 861 1069 900 Medic.

33 926 151 964 cernis.
172 919 273 960 Voss.
293 921 430 957 Mazar.
460 919 497 954 ὃς
528 915 614 953 alius
638 913 777 951 Medic.
806 913 923 951 ternis.
953 913 1070 950 Sarra-

34 978 160 1014 vianus
180 984 245 1022 pro
279 968 416 1008 divers-21
445 967 606 1005 leffione
622 993 632 1008 ,
658 964 802 1002 acernis.
857 965 961 1012 Lege
983 975 1071 1001 meo

31 1024 192 1077 periculo
215 1051 225 1067 ,
258 1020 413 1058 domibus
443 1015 545 1066 tersis.
593 1015 774 1064 Scriptum
809 1016 926 1054 fuerat
951 1014 1074 1060 tertis,

32 1073 227 1128 quomodo
253 1080 391 1109 veteres
414 1080 478 1116 pro
498 1064 590 1116 tersts
611 1066 789 1105 dicebant.
816 1066 903 1104 teste
930 1066 1074 1103 Nonio.

33 1129 119 1166 hinc
137 1133 238 1163 natus
259 1133 369 1161 error.
405 1119 453 1157 sic
473 1118 533 1156 lib.
554 1128 608 1155 tv.
628 1116 713 1166 736.
738 1128 784 1154 ex
798 1116 950 1166 vestigiis
970 1124 1073 1155 vete-

27 1180 81 1217 ·ris
102 1175 199 1215 libri:

83 1239 158 1276 Uda
170 1241 266 1290 prius
279 1241 421 1290 spargat
435 1237 603 1288 virgaque
623 1245 735 1286 tergat
758 1235 920 1274 humum.

26 1317 238 1367 Propertius
254 1315 348 1354 libro
372 1327 426 1354 1v.
444 1316 546 1364 Eleg.
574 1328 627 1353 Ιχ.

82 1397 176 1434 Dein
193 1411 429 1449 quemcunque
445 1397 557 1433 locum
576 1406 738 1434 externae
761 1396 895 1444 tetigere
918 1393 1052 1445 puellae
1063 1419 1075 1438 ,

83 1447 182 1497 Suffit
194 1477 206 1494 ‚
234 1460 276 1489 θ’
296 1448 377 1484 hinc
394 1457 484 1496 pura
504 1446 631 1483 limina
653 1448 752 1496 tergit
771 1459 875 1495 aqua.

27 1528 131 1580 apud
149 1528 318 1567 Plautum
337 1538 490 1577 quoque
509 1526 660 1564 fortaffis
681 1524 907 1563 scribendum
922 1552 935 1569 ,

89 1604 215 1654 Versa,
239 1614 432 1654 pantena,
459 1603 582 1649 lauta,
612 1605 768 1653 costaque
789 1613 829 1640 ut
847 1601 923 1652 fint
951 1601 1080 1641 omnia.

35 1684 165 1722 Locus
175 1681 398 1720 estPseudoli
421 1679 544 1718 Aet.»
568 1680 622 1718 Sc.
637 1692 680 1717 11.
702 1680 761 1718 ubi
782 1679 1080 1728 nuncpraesterga

39 1733 302 1772 circumfertur.
320 1731 557 1769 Varrolib.v.
577 1731 622 1768 de
646 1731 689 1768 L.
705 1732 750 1769 L.
771 1730 940 1768 Februum
962 1730 1082 1766 Sabini

36 1793 301 1834 purgamentum
315 1781 501 1832 appellant.
515 1781 719 1826 &februare
739 1794 804 1831 pro
820 1792 964 1830 purgare
986 1780 1082 1829 apud

49 1835 230 1873 Nonium.
243 1834 331 1882 Agit
340 1842 462 1871 autem
474 1832 519 1870 de
529 1832 645 1870 domo
659 1832 830 1871 Flaminis
843 1861 853 1877 ‚
864 1844 956 1882 quae
967 1831 1087 1880 flami-

45 1897 109 1921 nea
120 1884 314 1928 dicebatur,
327 1891 366 1922 ut
376 1892 506 1921 monet
518 1884 669 1921 Gellius.
681 1883 726 1922 de
741 1884 892 1921 melote
903 1883 1086 1921 Flaminio

48 1947 117 1973 nos
137 1935 245 1973 docet
267 1934 385 1972 Festus
399 1963 409 1979 ,
437 1946 550 1984 quem
574 1935 700 1972 locum
722 1935 765 1972 ab
786 1931 949 1972 Illustriff.
990 1935 1088 1971 Nea-

44 1985 120 2034 poli
144 1986 223 2034 J‘am
253 1984 363 2023 video
386 1994 622 2035 occupatum.
657 1985 734 2024 Adi
765 1985 925 2025 eundem
956 1985 994 2035 in
1027 1990 1085 2022 Fe-

45 2035 220 2073 bruarius.
242 2036 386 2074 Herus.

96 2118 154 2150 24·
184 2104 366 2155 Torrida.]
407 2105 448 2143 In
470 2105 656 2144 nonnullis
679 2133 689 2151 ‚
714 2105 871 2143 turbida.
898 2106 1088 2143 Nau-Gen.

45 2156 156 2193 Unus
176 2155 298 2193 Vatic.
325 2156 489 2205 Turgida.
514 2157 652 2205 septem
673 2158 754 2202 alii,
782 2156 934 2201 Maffei‚
962 2156 1090 2194 Fratris

49 2207 87 2243 ὃ(
108 2205 187 2243 Urs.
216 2205 381 2243 Turbida.
410 2207 552 2256 sequor.
582 2207 751 2245 C10FAN.
786 2208 932 2244 Torrida
952 2208 1090 2255 primae

49 2255 334 2294 editionescum
353 2257 511 2306 Ursini,
540 2258 657 2296 Vossii
689 2270 732 2296 ac
758 2260 834 2296 aliis
865 2258 988 2296 multis
1011 2270 1090 2294 me-

47 2306 148 2346 lioris
174 2315 284 2345 notae
302 2307 499 2346 codicibus.
525 2308 636 2358 idque
663 2310 773 2347 etiam
794 2310 830 2346 in
854 2309 1093 2355 Observatio-

52 2357 155 2395 nibus
191 2358 251 2395 lib.
279 2371 342 2396 111.
375 2371 451 2407 cap.
486 2370 521 2407 3.
565 2360 754 2408 amplexus
782 2360 830 2397 est
867 2359 1094 2397 doetiffimus

56 2405 277 2445 Gronovius.
302 2408 350 2446 fic
371 2409 519 2446 torrida-s
535 2411 650 2458 fruges
678 2422 744 2458 pro
774 2410 873 2447 tostis
902 2410 993 2447 dixit
1015 2410 1090 2447 Ac-

59 2456 133 2542 esigs
161 2457 368 2541 Trogdibus
397 2459 493 2505 apud
531 2460 699 2498 Servium
736 2460 944 2498 Fuldanum
974 2461 1034 2498 lib.
1057 2472 1091 2500 1.

115 2517 149 2542 n.
172 2518 199 2542 1.
222 2518 234 2542 1
270 2517 300 2553 3.

111 2582 292 2617 Nocturna
306 2583 390 2625 saxo
405 2582 525 2630 fruger
532 2583 675 2629 franges
698 2582 860 2620 torridas.

60 2653 156 2702 apud
189 2655 433 2692 Columellam
464 2667 616 2705 quoque
643 2656 733 2694 libro
756 2669 808 2694 vx.
839 2668 917 2705 cap.
942 2668 998 2694 10.
1036 2661 1101 2692 Er-

63 2717 149 2740 vum
171 2703 246 2754 fine
273 2705 435 2743 valvulis
466 2719 542 2743 cum
564 2707 690 2743 torrido
714 2706 834 2744 hordeo
854 2704 1024 2744 molitum.
1053 2706 1101 2744 fic

63 2755 206 2792 videtur
224 2756 450 2794 scribendum
475 2786 483 2800 ‚
523 2769 598 2794 non
628 2760 806 2804 torrefacto
824 2774 835 2793 .-
873 2770 957 2795 narn
981 2756 1101 2795 codex

64 2806 251 2851 vetustus,
275 2816 392 2844 torreo.
438 2807 497 2843 Sal
514 2807 685 2844 torridum
718 2809 837 2846 eidem
871 2807 1104 2846 Columellae

65 2854 157 2892 libro
187 2869 254 2894 vri.
283 2869 359 2905 cap.
393 2871 424 2905 ς.
453 2860 489 2894 ὃ(
513 2870 588 2906 cap.
621 2858 652 2895 8.
686 2859 721 2895 &
751 2859 810 2896 lib.
839 2871 909 2896 ΧΠ.
944 2871 1020 2907 cap.
1047 2859 1104 2903 56.

68 2911 193 2954 Cepam
216 2909 355 2944 aridam
375 2921 452 2945 cum
466 2910 566 2954 farre
590 2909 718 2945 torrido
741 2910 921 2957 subterito.
960 2909 1104 2946 Torrida

67 2956 213 3002 Braffi'ca
238 2959 309 2995 Ser.
332 2959 518 2996 Sammon.
543 2960 646 2995 cxvx.
664 2961 725 3007 qui
749 2962 786 2997 &
807 2960 909 3009 saepe
923 2960 1104 2996 Torridum

62 3016 135 3054 ‘pro
153 3008 234 3094 ffisto
252 3010 366 3057 ponit.
394 3011 431 3046 &
465 3010 608 3046 Torrida
629 3010 755 3047 limina
782 3010 988 3060 Propertius
1009 3010 1103 3048 libro

71 3067 132 3094 111.
200 3071 242 3107 eg
276 3072 345 3096 xri.

120 3133 263 3170 Torrida
281 3135 486 3184 sacrilegum
507 3135 676 3176 testantur
696 3136 822 3174 limina
844 3144 1042 3176 Brennum:

73 3195 118 3232 de
145 3200 283 3248 templo
310 3202 486 3247 Apollinis
516 3200 535 3238 ὲ
558 3202 667 3240 Gallis
687 3204 847 3242 incenso.
875 3205 1037 3242 Torridus
1056 3213 1105 3239 to-

70 3245 306 3334 }t’gfis‘Statio
342 3252 414 3290 Via
455 3253 672 3292 Domitiana
720 3254 795 3296 five
833 3257 950 3297 aridus
973 3284 984 3303 ‚
1031 3254 1105 3296 sive

88 3323 91 3325 -
148 3309 198 3335 u..

2067 719 2178 787 Dei

1178 859 1238 896 Illi
1252 860 1345 907 fiexa
1365 859 1478 909 ligant
1499 867 1644 910 opusque
1664 864 1792 899 texunt

1180 913 1281 947 Cofflo
1294 913 1439 961 pulvere
1458 912 1652 960 torridoque
1674 912 1782 962 topho.

1128 982 1317 1020 perperam
1341 973 1481 1022 fiardido
1512 973 1610 1022 topho
1638 975 1711 1012 illic
1737 974 1881 1023 legitur.
1909 974 1982 1022 agit
2013 972 2059 1011 de
2085 972 2184 1010 calce

1131 1024 1170 1059 &
1191 1032 1387 1061 caemento
1411 1052 1421 1068 ‚
1460 1036 1537 1073 quo
1570 1024 1683 1062 filices
1713 1025 1847 1063 instrati
1872 1024 2183 1073 conglutinantur2

1131 1084 1222 1111 mox
1242 1074 1353 1112 scribe
1373 1074 1470 1123 apud
1491 1075 1651 1113 eundem
1666 1103 1676 1120 ‚

1183 1144 1335 1174 Fervent
1353 1138 1475 1175 littora
1496 1137 1702 1189 mobilesque
1714 1139 1861 1188 sylvae:

1131 1203 1330 1250 quomodo
1351 1204 1390 1241 ὅ(
1413 1203 1450 1240 in
1475 1202 1613 1239 vetusta
1645 1202 1829 1240 Parmensi
1862 1202 2027 1239 editione
2044 1200 2187 1249 legitur&

1132 1253 1270 1289 mobiles
1286 1255 1370 1302 quia
1390 1253 1478 1291 loco
1509 1264 1710 1291 moventur
1729 1253 1870 1291 incisae.
1894 1250 2012 1301 posset
2037 1252 2076 1288 ὃ(
2100 1250 2190 1293 luri-v

1130 1303 1172 1338 do
1191 1303 1288 1349 topho
1309 1304 1401 1352 legi;
1432 1315 1516 1340 cum
1538 1304 1643 1350 tophi
1676 1304 1742 1340 tria
1760 1314 1893 1351 genera
1913 1302 2094 1340 recenseat
2115 1300 2186 1337 Vi-

1130 1354 1269 1390 truvius
1293 1381 1302 1395 ,
1331 1354 1454 1391 album
1480 1381 1489 1396 ‚
1518 1354 1668 1390 rubrum
1688 1354 1726 1390 ὃ(
1749 1355 1909 1401 nigrum.
1939 1353 2106 1389 Torridus
2119 1361 2187 1398 pro

1130 1404 1279 1491 aesthi'ob
1292 1405 1438 1442 fervore
1460 1403 1571 1441 tostus
1591 1405 1630 1441 in
1650 1404 1843 1442 Catalerstis
1868 1413 1972 1442 vetus
2001 1404 2118 1441 Poeta
2139 1399 2188 1445 de.

1138 1464 1224 1492 men
1244 1467 1254 1491 1
1283 1467 1345 1492 us:

1189 1519 1362 1552 fontanos
1382 1515 1498 1553 latices
1512 1545 1522 1562 ,
1545 1529 1590 1558 ω’
1608 1518 1726 1556 lucida
1744 1519 1865 1569 pocula
1885 1519 1982 1555 vitro

1242 1571 1352 1602 Cerne
1372 1577 1411 1603 ut
1434 1567 1581 1617 demersi)
1602 1570 1754 1607 torridus
1776 1585 1828 1607 ore
1857 1569 1964 1606 bibat.

1138 1632 1225 1670 Vid.
1247 1631 1290 1669 ad
1314 1631 1441 1669 Silium
1457 1632 1585 1677 1.178.
1618 1634 1767 1674 Herm.

1190 1705 1249 1741 25.
1277 1693 1353 1740 Qi
1372 1694 1484 1741 caesus
1503 1694 1547 1730 ab
1571 1695 1689 1731 arbore
1702 1696 1830 1744 pura.]
1877 1696 1972 1743 Quis
2009 1689 2193 1739 ambigat:

1138 1745 1226 1832 {igin
1248 1744 1355 1781 arbor
1372 1757 1460 1793 pura
1483 1743 1524 1782 fit
1546 1744 1714 1793 ipfiffima
1734 1745 1870 1795 pinus?
1899 1745 2000 1784 idem
2018 1744 2056 1781 in
2082 1741 2195 1786 Feta-2¹

1157 1807 1166 1832 1
1196 1807 1255 1833 us:

1251 1861 1400 1906 Exoptat
1412 1865 1516 1906 puros
1531 1856 1633 1906 pinea
1653 1857 1757 1894 taeda
1779 1856 1862 1896 dies.

1147 1922 1185 1960 &
1202 1921 1292 1961 illud
1311 1921 1434 1970 paullo
1456 1921 1533 1971 post
1559 1922 1696 1960 evincit
1718 1922 1866 1961 clarius:

1247 1984 1381 2022 Februa
1397 1986 1544 2035 poscenti
1560 1986 1660 2035 pinea
1682 1986 1784 2036 virga
1804 1987 1891 2024 data
1909 1986 1966 2033 est.

1145 2049 1250 2096 Quin
1271 2047 1317 2085 ad
1345 2049 1615 2086 conciliandam
1648 2050 1848 2089 castitatem
1878 2044 2201 2095 Thesmophoria?

1145 2099 1250 2138 zusae
1268 2099 1375 2148 hujus
1408 2099 1504 2137 foliis
1535 2101 1676 2137 cubitus
1708 2100 1769 2138 sibi
1790 2101 2008 2138 sternebant.
2047 2098 2198 2145 Stepha—

1147 2162 1235 2187 nus:
1266 2150 1322 2186 Ἐν
1345 2150 1417 2193 τοῖς
1449 2152 1697 2195 Θεσμοφορίοις
1727 2153 1852 2196 πίτυος
1881 2150 2015 2187 κλάδον
2043 2149 2111 2184 snb
2134 2149 2200 2187 ’τῆν

1147 2199 1307 2245 ςιβάδαι,
1337 2202 1397 2236 καὶ
1418 2200 1481 2236 ἐπὶ
1507 2205 1556 2237 τὰ
1580 2208 1644 2244 τῆς
1663 2203 1845 2248 Δήμητρος
1869 2204 1941 2245 ispi(
1968 2205 2109 2237 κλωνίον
2138 2197 2203 2239 πῖ·Ι

1149 2265 1229 2294 ’τινος
1250 2252 1418 2289 ἐτίθεσαν.
1448 2254 1485 2289 &
1503 2262 1629 2289 tamen
1653 2255 1812 2292 minutili
1836 2251 2020 2302 magistelli
2043 2258 2202 2292 contenff

1149 2303 1240 2342 dunt
1260 2301 1329 2339 effe
1347 2302 1506 2341 laurum.
1541 2305 1578 2342 O
1602 2305 1755 2353 fungos!
1787 2306 1964 2343 NEAPOL.

1201 2364 1259 2400 26.
1288 2362 1392 2409 Casta
1404 2363 1625 2413 sacerdotum
1655 2375 1805 2413 tempora
1824 2365 1951 2414 fronde
1980 2360 2104 2411 regin]
2135 2359 2203 2396 Li-

1151 2415 1213 2452 ber
1232 2413 1378 2459 Urfini,
1407 2415 1587 2463 Timpora:
1618 2416 1654 2451 &
1677 2414 1723 2453 fic
1740 2417 1881 2464 semper
1897 2443 1906 2458 ‚
1934 2425 2017 2451 cum
2039 2412 2083 2448 de
2106 2419 2204 2451 tem-¹

1150 2464 1319 2513 poribus,
1348 2464 1384 2501 id
1404 2465 1452 2501 est
1481 2466 1604 2511 capitis
1625 2474 1725 2510 parte
1743 2494 1754 2510 ‚
1785 2467 1905 2503 sermo
1925 2463 1975 2500 fit.
2006 2463 2178 2496 CIOFAN.

1203 2534 1264 2566 27.
1297 2524 1366 2570 Jpfie
1386 2536 1439 2570 ego
1463 2523 1738 2571 Flaminicam.]
1785 2523 1956 2560 Flaminis
1977 2523 2202 2571 conjugem}

1152 2583 1264 2620 quam
1290 2574 1327 2608 ὅ(
1351 2572 1543 2609 flaminem
1575 2575 1739 2620 comperi
1766 2573 1899 2609 dicium
1928 2575 1963 2610 in
1996 2573 2109 2609 veteri
2129 2572 2205 2608 hoc

1157 2633 1345 2680 marmore
1363 2649 1373 2666 ,
1412 2624 1452 2660 ni
1477 2623 1648 2671 scriptum
1680 2635 1764 2662 cum
1788 2622 1908 2674 aliqua
1936 2622 2120 2673 scalptoris
2147 2622 2208 2664 in:

1158 2683 1276 2709 curia:

1309 2773 1653 2814 VITELLIAE

1366 2840 1409 2876 C.
1439 2840 1478 2877 F.
1506 2840 1813 2879 RVFILLAE

1214 2904 1351 2942 CAII
1382 2905 1580 2943 SALVI
1611 2906 1954 2944 LIBERALIS
1983 2908 2111 2947 COS.

1212 2969 1499 3007 FLAMINI
1530 2971 1809 3009 SALVTIS
1846 2972 1992 3010 AVG.
2027 2970 2210 3014 MATR!

1365 3036 1678 3075 OPTVMAE.

1210 3103 1258 3141 C.
1294 3102 1516 3141 SALVIVS
1553 3103 1923 3146 VITELLIANVS
1969 3107 2147 3145 VIVOS.

1213 3203 1357 3244 Verum
1378 3205 1467 3243 scito
1482 3234 1491 3249 ,
1519 3218 1596 3244 non
1620 3206 1688 3254 legi
1711 3209 1747 3246 in
1768 3210 1941 3246 omnibus
1961 3209 2053 3245 libris
2077 3203 2210 3242 Flami-

1164 3255 1301 3294 nicam:
1330 3257 1367 3294 in
1391 3269 1480 3294 meo
1502 3257 1574 3302 est,
1611 3257 1849 3304 Flaminiam,
1878 3259 1914 3296 id
1936 3259 1983 3296 est
2002 3256 2209 3294 sacerdotu-

1164 3307 1237 3347 lam
1259 3335 1270 3356 ‚
1298 3307 1525 3397 qussezDiali
1554 3309 1875 3358 praeministrabat.
1900 3307 2076 3357 josephus
2100 3304 2210 3403 8εὲξέ
