2495 3675
244 171 343 243 658

394 357 464 410 50

745 166 806 222 P.
881 156 1304 223 OVIDII
1377 158 1912 224 NAs-o-‘Nis

539 264 618 321 At
641 275 888 338 poteraS,
921 264 1126 336 inquis,
1164 262 1353 315 melius
1380 259 1512 313 mala
1537 257 1679 315 ferre
1705 248 1940 330 silend‘og

563 389 569 393 .
610 339 684 394 Et
710 339 902 394 tacitus
928 338 1073 393 casus
1099 333 1423 389 diffimulare
1449 346 1587 388 tuos,

540 411 764 485 Exigis,
804 427 862 467 ut
886 411 1014 466 nulli
1042 409 1272 480 gemitus
1300 420 1573 461 tormenta
1597 405 1920 480 sequantur;

611 491 973 558 Acceptoque
999 481 1147 552 gravi
1172 481 1392 534 vulnere
1428 478 1561 535 flere
1588 495 1748 539 vetas·

541 559 653 634 Ipse
675 559 908 614 Perilleo
935 554 1163 608 Phalaris
1189 553 1424 626 permisit
1453 554 1508 609 in
1535 571 1658 609 aere

610 632 791 687 Edere
818 628 1082 699 mugitUS,
1124 626 1176 680 &
1212 626 1359 680 bovis
1387 644 1481 681 ore
1509 629 1680 701 queri.

397 725 465 776 55
537 707 679 762 Cum
709 703 905 757 Priami
930 699 1156 756 lacrimis
1185 698 1418 754 offensus
1451 718 1559 755 non
1590 701 1648 756 sit
1677 701 1946 769 ,Achillen

610 777 704 832 Tu
730 774 889 830 fletus
915 775 1152 837 inhibeS,
1192 773 1378 828 durior
1405 773 1583 838 hoste,
1620 792 1788 831 meOS.

512 851 680 905 ‘Cum
705 849 905 916 faceret
936 847 1154 902 Nioben
1179 846 1366 901 orbam
1392 846 1588 902 Lato'i'a
1616 850 1820 920 proleS,

606 924 733 978 Non
762 937 936 976 tamen
965 921 1015 974 &a
1045 918 1203 974 siccas
1226 918 1370 990 juffit
1398 920 1593 975 habere
1620 938 1798 992 genas,

530 996 623 1052 Est
645 995 872 1068 aliquid,
911 994 1067 1048 fatale
1096 993 1292 1047 malum
1322 1011 1414 1065 per
1444 994 1602 1048 verba
1632 998 1835 1052 levare:

383 1075 458 1126 60

605 1069 735 1123 Hoc
763 1068 1039 1139 querulam
1069 1066 1318 1138 Prognen
1346 1065 1779 1150 Halcyonenque
1813 1070 1957 1127 facit.

525 1143 663 1217 ⁴Hoc
692 1156 803 1196 erat
821 1181 835 1205 ‚
871 1141 924 1195 in
954 1139 1134 1212 gelido
1160 1157 1326 1212 quare
1354 1139 1634 1195 Paeantius
1659 1156 1815 1197 antro

603 1216 766 1272 Voce
791 1215 1035 1287 fatigaret
1063 1213 1293 1269 Lemnia
1316 1214 1432 1270 saxa
1457 1215 1561 1270 sua.

300 1492 356 1532 5¹3.
388 1486 429 1519 In
450 1479 566 1530 aera]
599 1485 639 1517 In
662 1491 715 1516 ore
736 1478 884 1516 Lovan.

292 1547 353 1581 ςς.
381 1532 535 1581 Offensus
556 1545 623 1568 non
636 1529 723 1580 fin]
755 1535 835 1567 Non
855 1530 902 1576 est
924 1527 1064 1578 offensus
1083 1528 1233 1567 Lovanj

291 1584 353 1634 56.
382 1585 469 1621 Tun’
486 1582 591 1629 fletus
613 1579 787 1630 inhibes.]
846 1580 975 1629 Scripti
993 1608 1003 1625 ‚
1034 1587 1108 1626 Tu,
1136 1581 1211 1618 sine
1234 1581 1289 1619 in-

237 1636 497 1685 terrogationis
521 1644 625 1672 nota.
656 1634 803 1670 l-lrms.

294 1718 354 1755 57.
382 1712 473 1744 Cum
494 1706 627 1753 faceret
662 1702 794 1740 Nioben
823 1700 942 1738 orbam
966 1700 1116 1737 Latonia
1144 1696 1289 1749 proles]

236 1757 353 1796 'Hanc
376 1758 534 1795 fabulam
556 1755 673 1794 scribit
696 1752 1020 1803 Apollodoruslib.
1045 1764 1106 1789 ιιι.
1125 1751 1184 1789 ubi
1200 1750 1293 1787 Nio-

241 1808 305 1846 bes
330 1809 489 1846 filiorum
520 1817 720 1845 numerum
752 1805 790 1842 δε
822 1804 978 1841 nomina
1008 1802 1212 1851 singillatim
1246 1800 1293 1838 sic

241 1860 418 1898 recenset.
446 1860 592 1903 Mares,
622 1857 788 1906 Sipylum
805 1883 816 1900 ,
843 1855 1059 1903 Minytum,
1089 1853 1293 1897 Ismenum,

241 1910 596 1948 Damasichthonem
622 1937 632 1954 ,
668 1910 885 1957 Agenorem
911 1933 922 1950 ,
968 1905 1217 1943 Phoedimum
1250 1916 1292 1941 ac

240 1961 460 2000 Tantalum.
500 1960 668 1998 Feminas
689 1987 699 2005 ‚
738 1958 970 1996 Ethodaeam
996 1985 1005 2002 ‚
1034 1956 1131 2001 sive,
1161 1964 1200 1994 ut
1232 1955 1292 1992 alii

242 2013 377 2051 volunt
400 2042 410 2058 ,
464 2012 630 2050 Theram
655 2039 665 2055 ,
722 2009 957 2047 Cleodoxam
984 2036 994 2052 ‚
1055 2008 1263 2056 Astyochen
1280 2034 1291 2051 ,

238 2063 412 2102 Phthiam
435 2092 446 2108 ,
487 2063 674 2112 Pelopiam
700 2090 710 2106 ,
755 2061 1007 2110 Assycrateam
1031 2088 1042 2105 ‚
1090 2059 1293 2108 Ogygiam.

242 2114 361 2154 Addit
390 2117 429 2153 δε
457 2114 651 2153 auctorum
681 2112 971 2160 discrepantiam.
1025 2112 1076 2148 At
1107 2110 1292 2148 Hesiodus

242 2165 374 2204 decem
398 2166 516 2210 filios,
545 2166 780 2213 totidemque
809 2162 896 2200 filias
917 2173 1000 2200 eam
1022 2161 1206 2210 suscepisse
1228 2162 1293 2199 ait.

243 2218 464 2256 Herodotus
493 2225 618 2254 autem
646 2215 738 2253 duos
770 2225 888 2252 mares
908 2240 919 2257 ‚
956 2214 993 2250 &
1026 2222 1095 2250 tres
1126 2213 1294 2250 feminas.

242 2267 373 2306 Immo
394 2281 485 2306 vero
508 2269 698 2305 Homerus
723 2266 783 2303 sex
814 2275 930 2301 mares
946 2292 955 2308 ‚
985 2264 1022 2300 &
1043 2263 1101 2301 sex
1125 2264 1215 2302 item
1239 2263 1294 2300 fe-

242 2319 362 2357 minas
389 2320 648 2368 Amphionem
664 2329 706 2354 ex
720 2315 844 2354 Niobe
864 2313 1024 2352 habuisse
1043 2316 1163 2352 refert.
1189 2317 1295 2363 Qua-

242 2381 282 2409 re
312 2370 438 2408 Niobe
458 2379 514 2408 tot
535 2369 613 2407 filiis
632 2368 736 2406 aneia
750 2395 760 2412 ‚
788 2367 822 2404 se
845 2367 988 2404 Latona
1008 2365 1292 2403 foecundiorem

243 2420 316 2459 effe
330 2421 497 2471 jaetavit.
525 2421 642 2470 quue
664 2420 810 2457 Latona
832 2428 917 2454 cum
940 2427 1050 2465 aegro
1071 2417 1199 2454 animo
1223 2418 1292 2453 fer·

243 2481 324 2518 ret,
352 2472 446 2510 filios
477 2471 582 2516 suos,
610 2470 826 2519 Apollinem
850 2479 892 2506 ac
915 2467 1099 2511 Dianam,
1127 2468 1164 2504 in
1196 2467 1292 2504 Nio-

235 2524 308 2562 ‘bes
331 2523 424 2561 filios
447 2523 613 2561 irritavit.
640 2522 738 2559 Mox
759 2527 884 2559 autem
907 2519 1029 2556 Diana
1046 2518 1186 2556 Niobes
1206 2517 1293 2555 filias

235 2574 354 2612 dorni
375 2575 539 2612 confecit
563 2586 572 2611 :
613 2572 753 2622 Apollo
783 2583 874 2609 vero
906 2581 1022 2608 mares
1043 2569 1088 2607 ad
1109 2581 1225 2606 unum
1255 2569 1292 2606 in

249 2625 488 2673 Cythaerone
507 2633 682 2663 venantes
703 2623 898 2661 interfecit.
928 2622 1099 2659 CiorAN.
1129 2619 1294 2658 Malebat

248 2674 444 2721 Heinsius,
473 2678 608 2714 Lato'z'a.
631 2676 689 2714 cui
708 2674 870 2712 obsecuti
887 2672 1021 2711 sumus.
1044 2670 1118 2708 vid.
1141 2671 1215 2719 sup.
1234 2671 1294 2708 lib.

251 2737 317 2763 111.
347 2726 446 2775 Eleg.
467 2740 514 2765 11.
536 2739 569 2776 3.
598 2738 714 2771 mox,
743 2737 809 2762 non
829 2735 948 2761 tamen
967 2723 1049 2759 haec
1072 2723 1147 2761 Ms.
1162 2720 1296 2760 Bersm.

247 2775 343 2812 hanc
363 2776 491 2815 decem
522 2778 643 2827 scripti
673 2779 711 2815 ὃς
743 2775 924 2814 editiones
955 2782 1106 2812 veteres.
1127 2772 1206 2810 huic
1233 2773 1296 2820 Ju-

251 2827 351 2866 nian.
371 2828 408 2865 ὃς
429 2828 502 2866 duo
523 2829 595 2867 alii.

306 2907 364 2942 59.
395 2901 456 2931 Per
479 2894 584 2931 verba
605 2892 758 2942 levare.]
824 2890 954 2928 Levari
976 2891 1076 2928 malo
1101 2901 1184 2928 cum
1218 2901 1296 2928 uno

252 2945 445 2984 Patavino.
487 2946 596 2994 paulo
617 2954 701 2982 ante
728 2944 837 2981 etiam
872 2942 1095 2991 legendum,
1124 2948 1223 2978 Num
1243 2952 1298 2978 ta-

253 3009 369 3086 gensi,
417 3008 483 3046 pro
513 3003 601 3034 Non.
641 2996 785 3033 Hrms.
840 2995 957 3030 Fatale
984 3005 1099 3031 meum
1128 2993 1301 3042 Excerpt.

254 3084 261 3094 .
297 3060 320 3085 o
355 3076 362 3085 .

771 3111 902 3150 Malim
931 3138 942 3154 ,
990 3117 1060 3147 Hoc
1100 3108 1298 3159 quaerulas.

310 3120 373 3157 60.
402 3123 470 3154 Hoc
497 3114 717 3164 querulam]

256 3170 405 3213 Herm.
461 3176 547 3205 Haec
575 3166 716 3215 querula
739 3163 879 3202 Medic.
900 3161 959 3198 hic
992 3162 1135 3211 querula
1158 3167 1303 3209 Brognes

259 3222 489 3269 Aleionesque
518 3218 661 3255 Bonon.
694 3218 731 3253 δε
762 3215 867 3263 prim.
896 3212 1005 3250 Palat.
1037 3212 1301 3263 Halcyonasque

257 3274 345 3313 edit.
369 3271 499 3317 Micyl.
525 3267 620 3305 Cod.
645 3267 757 3303 Servii
780 3262 1063 3311 Alcimedamque
1086 3264 1233 3300 Lovan,
1262 3271 1301 3301 ut

257 3325 382 3375 Mater
400 3320 537 3370 Jasonis
556 3317 800 3368 intelligatur,
815 3316 916 3365 cuius
941 3325 1030 3368 yox.
1051 3314 1215 3366 planetus
1238 3316 1301 3365 sug

2223 1346 2405 1407 Stran-

1346 1479 1532 1530 pereminet
1552 1492 1668 1519 omnes
1689 1479 1786 1530 apud
1812 1479 1937 1521 Valet.
1955 1481 2054 1522 Flac.
2077 1495 2105 1523 1.
2126 1494 2214 1535 317.
2241 1487 2299 1527 sed
2323 1501 2404 1530 non
2451 1480 2468 1487 γ’

1349 1540 1455 1579 puto.

1400 1584 1461 1640 553.
1489 1588 1611 1634 Atque
1630 1585 1809 1632 exaestuat
1826 1584 1965 1636 innan]
2006 1587 2157 1626 Plurimi
2188 1588 2329 1639 scripti,
2362 1592 2403 1632 &

1348 1634 1500 1682 quidam
1523 1637 1634 1680 editi,
1660 1647 1766 1686 atque
1791 1650 1843 1672 cor
1864 1638 2012 1684 aestuat.
2035 1640 2138 1688 quod
2160 1640 2316 1679 Heinsio
2327 1654 2407 1682 non

1349 1685 1631 1733 probatur.nam
1655 1688 1854 1735 exaestuare
1866 1690 1978 1726 utitur
1999 1690 2036 1727 ὅ(
2064 1691 2193 1729 Noster
2206 1705 2294 1730 xiii.
2308 1694 2405 1735 Met.

1351 1748 1436 1784 559.
1468 1738 1505 1773 ὃς
1530 1736 1683 1794 55167.οἃ
1703 1738 1748 1775 de
1772 1739 1954 1777 bitumine
1970 1767 1981 1784 ,
2008 1741 2111 1790 quod
2143 1741 2163 1780 ὲ
2185 1751 2276 1781 terra
2298 1757 2400 1783 exae-

1342 1788 1445 1843 [tuat
1464 1787 1591 1834 Justin.
1615 1788 1674 1826 lib.
1697 1802 1729 1826 2.
1765 1791 1862 1828 unde
1892 1791 2037 1840 elegans
2067 1793 2159 1832 haec
2187 1795 2406 1844 metaphora

1350 1838 1509 1876 illustrari
1544 1848 1625 1887 apte
1657 1839 1784 1895 pofl'et.
1814 1853 1920 1891 atque
1948 1844 2086 1892 aestuat
2117 1844 2192 1882 duo
2224 1846 2283 1884 alii
2314 1858 2402 1886 cuin

1350 1889 1852 1947 prim.*Vatic'.Ber1mannus
1874 1895 2110 1943 conjiciebat,
2121 1906 2226 1947 atque
2240 1908 2293 1935 cor
2306 1898 2405 1948 ustu-

1352 1939 1427 1985 lat,
1455 1942 1657 1979 infeliciter.
1699 1942 1830 1982 Eoum.

1402 1992 1464 2048 (54.
1493 1993 1636 2041 Cogitur
1655 2006 1698 2034 <9⁶
1730 1995 1823 2032 vires
1851 1995 2223 2049 multiplicaresuas.]
2279 1999 2404 2040 Dolor

1349 2042 1437 2080 facit
1458 2043 1629 2101 homines
1648 2045 1879 2095 eloquentes.
1905 2047 1953 2086 sic
1982 2049 2110 2087 Ulixes
2132 2050 2228 2099 apud
2249 2054 2401 2100 poetam

1349 2093 1514 2132 nostrum
1538 2095 1599 2132 lib.
1620 2107 1732 2135 XIII.
1762 2098 1857 2135 Met.

1655 2162 1694 2201 in
1713 2176 1802 2214 quae
1823 2163 1920 2203 dolor
1936 2164 2001 2215 ipse
2021 2164 2190 2217 disertum

1400 2218 1550 2252 Fecerat.

1351 2275 1408 2314 Sic
1430 2276 1467 2313 ὃ(
1487 2276 1622 2313 Cicero
1643 2275 1687 2313 ab
1710 2275 1840 2314 exfilio
1862 2277 2046 2322 reversus,
2075 2289 2160 2315 cum
2193 2290 2259 2327 pro
2279 2278 2400 2320 domo

1348 2326 1408 2365 sua
1429 2327 1541 2371 dixit,
1569 2326 1630 2365 lib.
1655 2339 1709 2366 iv,
1737 2326 1849 2376 Epist.
1869 2340 1915 2365 11.
1945 2329 1990 2365 ad
2012 2328 2195 2366 Atticum.
2223 2331 2402 2378 postulas

1350 2378 1455 2416 datas
1475 2378 1610 2415 litteras
1635 2380 1755 2426 secuta
1785 2379 1832 2426 est
1862 2380 2001 2417 summa
2024 2380 2193 2415 contentio
2224 2381 2265 2417 de
2289 2382 2401 2422 domo.

1350 2429 1521 2466 Diximus
1539 2429 1632 2478 apud
1657 2428 1835 2477 Pontifices
1857 2429 1949 2478 prid.
1979 2430 2061 2466 Kal.
2084 2430 2250 2469 Octobris.
2304 2436 2399 2470 Aeta

1345 2493 1395 2516 res
1415 2483 1460 2529 est
1481 2490 1640 2517 accurate
1661 2479 1686 2516 ὰ
1709 2479 1801 2517 nohis
1825 2496 1836 2515 :
1876 2490 1919 2519 φ’
1933 2477 1969 2527 si
1988 2493 2160 2531 umquam
2190 2481 2228 2518 in
2259 2483 2399 2521 dicendo
2440 2504 2447 2507 ⁴

1338 2530 1476 2578 fuimus
1498 2530 1659 2581 aliquid,
1688 2541 1752 2567 aut
1772 2531 1879 2567 etiam
1893 2530 1929 2579 st
1947 2544 2118 2579 umquam
2140 2532 2230 2569 alias
2247 2535 2400 2581 luimus,

1349 2592 1425 2618 tum
1443 2586 1590 2631 profeelo
1616 2581 1710 2617 dolor
1739 2592 1782 2621 ey
1805 2582 2011 2629 magnitudo
2031 2583 2108 2618 vim
2140 2585 2322 2633 quandam
2339 2599 2399 2623 no·
2447 2619 2451 2622 .

1351 2631 1400 2669 bis
1420 2633 1556 2670 dicendi
1574 2633 1679 2669 dedit.
1710 2632 1822 2670 rursus
1850 2632 1912 2670 hic
1934 2632 2088 2678 Noster,
2116 2633 2141 2670 fi
2162 2635 2242 2683 quis
2266 2637 2397 2674 facun-

1351 2684 1558 2779 {letss'atque
1577 2683 1771 2733 'eloquens
1802 2681 1873 2721 effe
1900 2682 2011 2729 vult,
2049 2686 2244 2734 praecipit,
2273 2695 2313 2726 ut
2330 2687 2399 2727 do-

1403 2799 1525 2843 Atque
1544 2791 1682 2829 utinam
1700 2792 1796 2841 P0ffi'5
1814 2792 1921 2831 etiam
1939 2793 2120 2840 facundus
2139 2794 2177 2831 in
2198 2794 2271 2832 illis

1355 2894 1387 2932 C
1454 2845 1544 2892 Effe.-
1575 2844 1648 2880 dole
1669 2856 1835 2889 tamum,
1854 2845 1975 2894 sponte
1996 2845 2141 2892 disertus
2161 2847 2239 2885 eris.

1393 2906 1528 2933 toran.

1407 2945 1467 2984 66.
1496 2947 1531 2983 Si
1553 2945 1643 2983 mihi
1661 2946 1752 2997 quod
1765 2947 1921 2996 prodest,
1950 2945 2010 2983 hoc
2038 2946 2142 2998 tibh]
2193 2948 2300 2989 Prim.
2320 2951 2401 2991 Pol.

1356 2998 1465 3046 prim.
1491 2997 1613 3035 Vatic.
1641 3000 1748 3046 prim.
1769 2998 1845 3036 Pal.
1864 2998 1903 3037 &
1924 3007 1994 3036 tres
2014 2999 2072 3036 alii
2087 3027 2097 3043 ,
2128 2999 2182 3036 Sic
2203 3001 2291 3038 mihc
2313 3002 2403 3053 quod
2436 3004 2437 3007 ’

1354 3048 1509 3098 prodest,
1533 3047 1569 3097 fi
1600 3048 1708 3086 Forte
1724 3077 1734 3095 ,

1409 3109 1474 3154 Id,
1496 3108 1586 3146 mihi
1607 3109 1696 3157 quod
1712 3109 1871 3158 prodest,
1898 3107 1927 3156 si
1947 3107 2036 3154 tibi,
2064 3112 2180 3147 Lector
2201 3111 2301 3162 obesi.

1357 3178 1502 3217 Hzms.
1531 3176 1572 3214 In
1594 3176 1764 3215 Francos.
1783 3182 1882 3219 erat,

1406 3251 1500 3290 Hoc,
1527 3243 1615 3281 mihi
1636 3242 1726 3294 quod
1742 3239 1875 3292 prodest
1889 3267 1898 3285 ,
1919 3238 1954 3289 fi
1973 3239 2038 3278 tibi
2052 3269 2062 3285 ,
2091 3241 2192 3280 lector
2206 3271 2215 3288 ,
2244 3244 2344 3296 obest,¹

1355 3313 1478 3361 reete,
1504 3319 1545 3353 ut
1564 3319 1678 3362 putog
1707 3308 1781 3350 vid.
1798 3308 1892 3359 supr.
1917 3318 2001 3359 111,
2020 3319 2075 3348 iv.
2097 3319 2130 3358 7.
2156 3308 2287 3403 Βυῃὲ.
2375 3366 2400 3405 d

2279 3375 2310 3413 7.
2335 3370 2374 3405 Se

2486 3333 2495 3535 l

2484 3543 2495 3675 l
