2495 3675
260 166 363 235 476
732 144 1886 226 novinrtNAsoNis

558 263 812 339 Cumque
835 267 1012 322 minor
1042 271 1178 332 Jove
1202 264 1261 319 fit
1289 261 1510 318 tumidis
1539 260 1633 335 qui
1657 264 1920 334 regnatfin
1943 265 2130 331 undis;

631 338 782 395 Illum
808 341 1079 412 Neptuni,
1118 355 1203 392 me
1222 336 1374 407 Jovis
1402 337 1480 390 ira
1505 335 1718 408 premit.

561 411 759 477 Adde,
797 414 945 486 quod
973 413 1107 466 illius
1134 427 1252 482 pars
1277 409 1505 464 maxima
1529 407 1648 463 ficia
1671 406 1912 463 laborum
1940 409 2042 472 est;

416 480 486 538 80
633 484 859 539 Ponitur
883 485 937 538 in
962 483 1148 537 nostris
1172 481 1345 536 fabula
1371 483 1511 537 nulla
1536 481 1699 536 malis,

560 557 811 629 Denique
838 555 1101 628 quaefitos
1128 555 1305 625 tetigit
1330 568 1511 610 tamen
1536 554 1623 609 ille
1648 553 1903 618 Penate33

632 630 899 702 Quaeque
925 628 1016 682 diu
1053 628 1236 701 petiit,
1274 628 1504 699 contigit
1529 646 1648 682 arva
1678 640 1875 681 tamen.

561 703 637 757 At
664 702 792 755 mihi
819 714 1083 773 perpetuo
1108 701 1276 772 patria
1302 702 1489 755 tellure
1516 700 1810 756 carendum
1840 699 1945 765 est,

633 774 707 828 Ni
733 773 894 829 fuerit
920 773 1039 828 laefi
1065 773 1278 829 mollior
1305 774 1380 829 ira
1405 773 1531 831 Dei.

267 971 319 1008 vii
347 971 662 1022 antiquiffimum‚
692 973 732 1010 &
763 972 881 1012 codex
908 972 1077 1011 Bernens.
1097 985 1181 1012 cum
1205 973 1313 1023 quin-

263 1033 339 1070 que
359 1023 458 1067 aliis;
478 1023 636 1072 eleganti
655 1025 897 1072 repetitione,
912 1026 949 1062 δε
963 1025 1065 1074 cujus
1077 1023 1188 1074 gloffa
1212 1024 1314 1062 vide-

264 1080 323 1109 tur
344 1073 518 1121 adsuetus.
547 1075 620 1115 vid.
638 1075 683 1114 ad
700 1076 760 1113 lib.
777 1088 804 1113 1.
825 1075 1008 1122 Fast.442.
1034 1076 1099 1126 ipse
1109 1076 1190 1124 frui
1203 1077 1313 1114 etiam

266 1122 417 1163 Lovan.
438 1124 567 1163 Euan.

319 1185 377 1221 7ς.
407 1182 466 1212 Me
488 1182 580 1214 Deus
602 1174 744 1225 oppreffit
765 1177 859 1214 nullo
881 1176 979 1215 mala
1004 1176 1116 1226 nostra
1137 1175 1314 1227 levante]

263 1224 354 1263 Hoc
366 1225 414 1263 est
433 1227 535 1276 quod
557 1227 714 1277 superius
736 1229 807 1266 ait:

315 1283 413 1327 Saepe
428 1288 603 1328 premente
624 1284 714 1325 Deo,
740 1280 814 1328 fert
834 1285 932 1318 Deus
953 1278 1043 1318 alter
1064 1287 1167 1330 opem.

1370 971 1556 1022 Significat
1575 978 1699 1011 autern
1726 970 1760 1009 se
1792 969 1811 1008 a
1832 982 2024 1021 quoquam
2047 969 2196 1009 suorum
2215 983 2292 1011 non
2315 973 2418 1024 adju-

1371 1025 1467 1062 vari:
1496 1025 1689 1061 neminem
1710 1022 1755 1060 de
1777 1022 1811 1060 se
1831 1050 1842 1067 ,
1871 1023 1992 1072 deque
2014 1022 2072 1059 sua
2092 1022 2202 1060 salute
2223 1023 2417 1065 sollicitum

1370 1073 1465 1119 esse,
1495 1084 1535 1112 ut
1554 1076 1685 1111 mitem
1714 1083 1756 1110 ac
1777 1073 1991 1120 placabilem
2014 1072 2077 1110 fibi
2108 1073 2315 1122 Augustum
2335 1076 2417 1125 red-

1370 1125 1457 1164 dere
1477 1125 1644 1163 enitatur.
1657 1124 1827 1161 CxorAN.
1855 1125 1979 1171 Nostra
1992 1125 2148 1172 juvante
2167 1126 2313 1163 Lovan.

1420 1176 1479 1214 82.
1508 1173 1716 1225 Quaeque]
1765 1175 1936 1225 Quodque
1962 1174 2024 1212 diu
2048 1175 2170 1224 petiit,
2198 1176 2337 1226 contigit
2357 1176 2415 1217 illo

1367 1238 1487 1265 tamen
1505 1226 1674 1264 Beruens-

1420 1277 1480 1325 84.
1509 1277 1559 1315 Ni
1570 1275 1715 1328 fuerit]
1747 1277 1797 1315 Ni
1816 1277 1914 1316 modo
1925 1276 1976 1328 fit
1995 1288 2100 1317 unus.
2125 1277 2246 1317 mitior
2265 1278 2366 1318 alius.

982 1457 1530 1525 ELEGIA
1625 1459 1736 1526 VI.

555 1608 779 1747 NEC
804 1621 1010 1665 tanturn
1038 1610 1221 1664 Clario
1246 1608 1406 1680 Lyde
1432 1610 1622 1665 dileeia
1647 1615 1872 1683 poetae,

772 1683 888 1738 Nec
913 1696 1120 1737 tantum
1145 1682 1269 1737 Coo
1296 1682 1465 1737 Battis
1492 1698 1660 1738 amata
1683 1685 1777 1739 suo
1803 1688 1904 1741 est:
2494 1749 2495 1754 ἵ

546 1756 858 1811 Ρ6ἑὶοῑὶ1ηιε
882 1770 1143 1828 quantum
1172 1769 1231 1809 tu
1255 1755 1441 1810 nostris
1460 1796 1475 1820 ,
1518 1756 1700 1822 Uxor,
1737 1759 2011 1823 inhaere83
2493 1763 2495 1824 1

621 1829 801 1901 Digna
829 1830 1002 1884 minus
1027 1828 1250 1891 misem,
1288 1846 1399 1883 non
1426 1831 1648 1886 meliore
1673 1831 1808 1888 vir0.

303 2098 340 2128 1.
367 2087 486 2127 Clario
503 2090 658 2140 politae]
699 2090 808 2140 Lyde
829 2089 947 2127 amica
969 2089 1037 2127 fuit
1058 2089 1299 2136 Callimachi,

251 2150 366 2188 quam
389 2140 634 2178 ardentissime
652 2143 811 2179 amavit:
840 2141 886 2178 de
913 2151 986 2188 qua
1017 2142 1128 2181 etiam
1158 2143 1301 2191 Elegias

247 2189 394 2238 scripsit.
438 2191 580 2235 Clario,
610 2193 840 2230 Callimacho
869 2190 1051 2238 Apollinis
1100 2193 1186 2230 vati.
1227 2195 1299 2232 δίς.

250 2240 445 2278 Mamm.
479 2242 643 2280 Clarium
674 2247 825 2292 poetam
856 2243 981 2288 accipe
1002 2242 1298 2290 Antimachum,

247 2290 534 2340 Colophonium
566 2294 689 2341 patria.
729 2294 892 2331 Fuerunt
922 2292 1021 2329 enim
1051 2293 1172 2331 vicina
1202 2296 1298 2334 inter

244 2340 282 2378 se
302 2341 529 2391 Colophon,
558 2345 596 2381 &
618 2343 728 2382 Clarii
752 2343 934 2392 Apollinis
952 2342 1155 2381 oraculum.
1183 2345 1297 2384 Unde

245 2393 285 2429 &
308 2393 496 2432 Nicander
514 2422 525 2438 ,
554 2406 638 2433 curn
668 2393 754 2433 effet
783 2393 1068 2441 Colophonius,
1096 2394 1142 2432 de
1161 2394 1195 2432 se
1224 2396 1296 2444 ipse

244 2442 385 2493 inquit:
399 2444 471 2481 Τὸν
493 2444 614 2490 ἔθρεψε
625 2448 774 2490 Κλάρον
793 2446 962 2492 νιφόεσσαι
981 2446 1155 2490 πολίχνη.
1178 2447 1296 2494 Quod

243 2502 368 2532 autem
393 2495 639 2534 Antimachus
662 2496 797 2545 Lyden
811 2496 964 2539 amarit,
994 2496 1032 2532 &
1052 2496 1129 2542 ejus
1149 2497 1294 2536 obitum

243 2545 355 2583 etiam
377 2547 542 2585 carmine
569 2547 780 2594 prosecutus
810 2546 941 2590 fuerit,
971 2545 1109 2584 indicat
1132 2547 1294 2587 Crinitus

242 2604 290 2649 ex
312 2595 498 2635 Politiano
521 2625 530 2641 ,
568 2598 678 2646 Epist.
700 2610 797 2636 xxrt.
825 2598 886 2636 lib.
907 2609 977 2633 xit.
1005 2598 1183 2635 chnr..
1210 2599 1292 2637 An-

241 2647 405 2684 timacho
429 2675 440 2692 ,
485 2656 526 2685 ut
566 2648 663 2686 reete
695 2649 822 2687 docuit
851 2645 994 2686 docilis.
1024 2649 1226 2687 Parrhasius
1253 2651 1291 2688 in

242 2692 486 2735 Claudianum
510 2697 611 2736 lib.1.
628 2699 674 2736 de
698 2700 805 2746 Rapt.
839 2698 920 2747 136.
949 2698 1197 2736 Huncautem
1212 2711 1293 2736 ver-

242 2741 524 2799 sumnmetnoria
540 2749 654 2797 lapsus
672 2748 842 2787 eruditiss.
871 2749 925 2785 vir
947 2747 1127 2785 Adrianus
1140 2750 1291 2787 Turne-

243 2793 308 2830 bus
331 2806 366 2832 in
388 2798 454 2834 suis
475 2799 682 2837 adversariis
696 2801 887 2847 Propertio
908 2798 1081 2836 attribuit.
1111 2800 1288 2838 Ceterum

242 2844 342 2899 reike
362 2847 612 2894 interpretatus
645 2850 706 2888 el't.
745 2851 914 2887 Cinam.
968 2849 1085 2886 Reete
1108 2850 1291 2900 castigavit

243 2898 487 2949 ignorantiam
511 2900 675 2937 Merulae
701 2902 886 2949 Micyllus.
921 2898 1167 2938 Antimachus
1189 2904 1290 2940 enim

242 2944 369 3000 insano
404 2958 531 2984 amore
558 2950 691 2996 Lyden
721 2952 929 2998 prosecutus
952 2978 962 2994 ‚
1010 2953 1048 2988 &
1087 2955 1224 3000 poema
1253 2954 1291 2990 in

243 2996 524 3050 ejustlionorem
548 2999 663 3038 Λύδην
684 3000 827 3049 scripsit.
855 3014 892 3038 v.
914 3000 1042 3038 Kusser
1059 3003 1104 3040 ad
1131 3003 1230 3041 Suid.
1253 3004 1292 3040 in

242 3047 496 3083 Antzmachus.
526 3049 738 3087 Athenaeus
760 3063 848 3088 vero
873 3052 1080 3096 lib.x111.7.
1106 3065 1293 3091 nonuxo-

242 3106 348 3139 rem,
376 3096 434 3134 sed
463 3099 621 3135 amicam
651 3098 753 3136 fuiil‘e
772 3101 909 3144 scribit,
939 3103 1131 3139 naminter
1151 3104 1292 3142 nobiles

243 3148 452 3184 meretrices
474 3160 554 3184 eam
571 3150 801 3193 recenset‚&
816 3153 932 3196 capite
956 3151 1014 3187 88.
1043 3152 1207 3200 Elegiam
1230 3155 1294 3192 ad-

240 3197 313 3235 fert
333 3198 639 3236 Hermesianatflis
655 3226 666 3243 ‚
691 3211 763 3247 qua
781 3201 913 3238 Poetas
937 3227 947 3243 ,
985 3203 1049 3248 qui
1072 3206 1207 3242 amicas
1228 3205 1292 3242 de-

240 3249 444 3336 generant,
469 3260 685 3291 enumerat,
714 3249 807 3287 inter
826 3262 919 3299 quos
943 3251 980 3287 δε
1003 3252 1180 3290 Philetam
1205 3267 1291 3293 cum

258 3297 384 3338 ‘attide
396 3299 456 3338 sua
474 3299 681 3340 habesvid.
699 3300 930 3341 Turneb.x1.
950 3301 1033 3342 adv.
1054 3314 1087 3353 3.
1115 3306 1266 3354 quinon
1281 3333 1294 3352 ,

2319 1956 2408 2013 Te

1355 2098 1395 2128 ut
1417 2089 1596 2129 Ciofanus
1617 2090 1785 2130 adfirmat
1805 2119 1816 2135 ‚
1852 2091 2046 2142 Propertio
2060 2118 2070 2134 ,
2098 2090 2158 2130 sed
2180 2091 2323 2130 Ovidio
2343 2091 2408 2129 tri-

1355 2141 1446 2180 buit.
1467 2152 1564 2180 certe
1584 2143 1620 2179 in
1643 2155 1726 2180 mea
1748 2143 1926 2181 editione.
1954 2143 2086 2180 Bam:

1404 2204 1440 2237 4.
1466 2199 1545 2229 Non
1566 2193 1700 2230 meliore
1720 2193 1835 2242 virm]
1866 2194 1955 2230 Sum
1977 2194 2075 2230 enim
2090 2204 2135 2230 ex
2155 2192 2401 2241 antiquiffima

1355 2243 1393 2280 &
1413 2242 1633 2280 nobiliffima
1654 2243 1845 2281 Nasonum
1875 2244 2013 2281 familia
2034 2270 2044 2287 ‚
2074 2255 2117 2280 ex
2140 2255 2212 2291 qua
2232 2244 2407 2282 innume-

1353 2293 1479 2331 rabiles
1501 2293 1644 2341 equites
1671 2294 1858 2331 exierunt:
1887 2294 1965 2331 sum
1997 2296 2108 2342 poeta
2130 2294 2278 2332 summo
2299 2295 2405 2343 inge·

1352 2345 1417 2382 nio
1432 2371 1443 2389 ,
1471 2345 1509 2382 &
1532 2345 1741 2382 eruditione
1769 2343 1959 2393 praestanti
1981 2357 1990 2381 ι
2038 2356 2115 2393 quo
2138 2345 2298 2394 conjuge
2319 2355 2405 2384 ante

1352 2395 1448 2433 hanc
1470 2407 1594 2434 meam
1613 2395 1885 2441 calamitatem,
1914 2404 1950 2434 te
1964 2395 2102 2445 jac'tare
2121 2395 2270 2434 solebas.
2298 2396 2402 2446 Eleg.

1352 2457 1418 2484 111.
1440 2446 1500 2483 lib.
1523 2458 1578 2485 ιν.

1405 2502 1547 2545 Tempus
1565 2497 1625 2534 ubi
1645 2497 1689 2544 est
1707 2496 1798 2534 illud
1811 2525 1821 2542 ‚
1849 2510 1914 2546 quo
1936 2506 1967 2534 te
1980 2496 2115 2547 janare
2125 2495 2260 2546 Μείνας

1458 2549 1637 2597 Conjuge?
1664 2561 1723 2585 nec
1744 2562 1867 2585 nomen
1886 2546 2099 2596 dissimulare
2118 2561 2250 2587 meum.

1403 2605 1546 2649 Tempus
1560 2599 1620 2636 ubi
1636 2599 1700 2644 est,
1714 2613 1793 2649 ‚quo
1815 2609 1848 2636 te
1861 2627 1871 2642 ,
1899 2597 1965 2648 nisi
1983 2612 2050 2636 non
2071 2600 2124 2634 vis
2146 2598 2210 2635 illa
2232 2598 2373 2645 referri,

1452 2655 1499 2687 Et
1516 2650 1584 2686 dici
1606 2650 1773 2694 memini,
1795 2650 1898 2699 juvit
1920 2661 1964 2689 <19⁴
1982 2650 2038 2698 effe
2070 2658 2209 2686 meam?

1401 2705 1511 2749 thue
1531 2700 1637 2748 proba
1655 2701 1799 2748 dignum
1817 2700 1861 2746 est
1875 2729 1884 2746 ,
1912 2704 2007 2737 omni
2029 2698 2093 2736 tibi
2115 2699 2191 2735 dote
2205 2698 2399 2748 placebam,

1451 2750 1620 2786 Addebat
1641 2753 1732 2788 veris
1753 2751 1869 2788 multa
1890 2751 2051 2798 faventis
2068 2763 2180 2787 amor.

1348 2800 1433 2838 Lib.
1458 2813 1504 2838 ιι.
1524 2801 1569 2837 ad
1594 2802 1798 2849 Augustum
1821 2802 1866 2839 de
1884 2802 1943 2838 sua
1965 2801 2127 2837 familia:

1401 2851 1472 2888 ula
1491 2850 1603 2898 nostra
1621 2852 1698 2896 die,
1724 2865 1794 2903 qua
1813 2865 1866 2888 me
1885 2849 2000 2887 malus
2022 2850 2162 2897 abstulit
2183 2865 2296 2896 error,

1454 2908 1577 2939 Parva
1597 2903 1734 2952 quidem
1749 2902 1874 2950 periit,
1900 2900 1957 2947 fed
1969 2900 2046 2948 fine
2067 2901 2142 2937 labe
2161 2902 2294 2940 domus.

1400 2952 1454 2989 Sic
1474 2966 1605 3001 quoque
1625 2963 1742 3000 parva
1769 2962 1888 2987 tamen
1913 2979 1923 2993 ,
1948 2952 2061 2999 patrio
2091 2952 2230 2989 dicatur
2252 2964 2291 2990 ut
2312 2966 2395 2991 aevo

1451 3005 1560 3039 Clara
1575 3029 1584 3045 ‚
1615 3015 1673 3037 nec
1692 3001 1799 3038 ullius
1820 3001 2002 3039 nobilitate
2021 3003 2146 3039 minor.

1400 3057 1447 3089 Et
1469 3065 1575 3100 neque
1595 3051 1758 3095 divitiis,
1786 3065 1844 3088 nec
1859 3061 2058 3100 paupertare
2079 3054 2234 3090 notanda
2257 3053 2320 3100 est,

1453 3103 1545 3138 Unde
1556 3100 1605 3150 stt
1623 3103 1660 3138 in
1680 3113 1844 3139 neutrum
1868 3102 2115 3151 conspiciendus
2137 3116 2246 3153 eques.

1400 3153 1453 3190 Sit
1468 3166 1598 3202 quoque
1619 3152 1730 3199 nostra
1749 3154 1870 3189 domus
1896 3152 1954 3187 vel
1976 3152 2073 3200 censu
2089 3155 2398 3202 parva,velortu,

1455 3204 1589 3251 Ingenio
1610 3215 1697 3239 certe
1717 3217 1784 3240 non
1805 3204 1891 3239 latet
1910 3201 1974 3237 tlla
1993 3215 2078 3239 mee.

1401 3255 1484 3305 Quo
1504 3253 1627 3290 videar
1650 3253 1816 3303 quamvis
1835 3252 2202 3302 nimiumjuveniliter
2222 3257 2324 3306 usus,

1450 3308 1501 3342 Gr
1513 3303 1603 3342 ande
1622 3313 1742 3355 lamen
1758 3314 1827 3342 toto
1849 3316 1973 3343 nomen
1989 3304 2028 3343 in
2046 3303 2121 3358 qrbe
2131 3307 2218 3354 sero.

2311 3358 2398 3394 Tute‘
