2495 3675
218 169 322 238 Γ773
725 158 1280 222 P.0V1D11

1353 155 1886 218 NASONIS

517 265 729 321 Scilicet
753 267 978 339 ingeniis
1003 264 1173 332 aliqua
1200 257 1275 310 est
1298 252 1592 310 concordia
1611 256 1803 326 junffis
1819 299 1832 319 ,

373 342 441 393 60

591 338 661 393 Et
685 340 851 394 servat
878 337 1032 393 studii
1056 331 1278 386 foedera
1303 329 1529 401 quisque
1557 330 1647 383 sui.

517 411 767 467 Rusticus
792 410 1073 482 agricolam
1091 443 1107 466 ,
1146 403 1295 456 miles
1317 404 1427 456 sera
1455 402 1584 456 bella
1609 417 1888 473 gerentem
1906 414 1926 469 ‚¹

597 485 887 539 Reciorem
915 479 1108 532 dubiae
1133 477 1309 530 navita
1334 476 1522 546 puppi-s
1551 491 1706 531 amat.

526 556 618 612 Tu
643 571 859 628 quoque
886 551 1160 605 Pieridum
1184 548 1384 610 studi-0,
1421 547 1676 612 studiose,
1713 551 1943 614 teneri83

594 628 922 698 Ingenioque
946 624 1120 682 faves,
1159 619 1460 693 ingeniose,
1498 638 1636 675 me0.

378 705 444 769 65
518 702 688 757 Distat
717 716 849 770 opus
874 698 1142 757 nostrum3
1182 694 1272 749 sed
1298 693 1534 747 fontibus
1559 695 1668 749 exit
1697 695 1759 749 ab
1781 696 1985 752 isdem:

598 772 745 826 Artis
773 773 824 824 &
855 771 1116 840 ingenuae
1140 770 1314 822 cultor
1338 783 1567 837 uterque
1594 768 1786 822 sumus,

523 844 762 912 Thyrsus
788 844 932 898 enim
958 843 1108 896 vobis
1125 880 1140 903 ,

1181 840 1375 912 gestata
1402 840 1475 894 est
1499 841 1672 894 laurea
1700 842 1884 906 nobi83

591 918 698 972 Sed
729 931 907 971 tamen
937 915 1194 968 ambobus
1222 913 1381 966 debet
1407 911 1566 967 i-neffe
1593 916 1735 967 calor

521 990 707 1062 thue
734 991 864 1043 meis
879 988 1126 1042 *numeris
1155 1002 1243 1040 tua
1268 986 1358 1039 dat
1384 984 1632 1040 facundia
1654 1003 1879 1053 nervos;

378 1077 448 1129 70

597 1066 682 1117 bic
709 1065 855 1116 venit
885 1063 912 1115 a
941 1061 1094 1115 nobis
1114 1061 1170 1114 >in
1198 1074 1285 1113 t-ua
1313 1061 1473 1112 verba
1502 1059 1661 1111 nitor.

515 1137 643 1207 Jure
668 1137 831 1207 igitur
856 1134 1028 1188 stud-io
1053 1133 1284 1188 confinia
1310 1132 1543 1185 carmina
1571 1130 1772 1194 vestre,

600 1206 672 1261 Et
696 1208 999 1262 commilitii
1022 1205 1161 1260 sacra
1191 1203 1389 1259 tuenda
1418 1220 1586 1274 putaS.

527 1282 637 1337 Pro
658 1282 848 1353 quibus
877 1295 934 1334 ut
962 1293 1201 1341 manea-t,
1240 1277 1306 1330 de
1332 1290 1442 1348 quo
1469 1277 1726 1340 cen-seris,
1761 1281 1995 1346 annom,

593 1353 934 1426 Compreeor
963 1354 1030 1408 ad
1055 1353 1195 1407 vitae
1217 1363 1467 1422 ,tempora
1490 1353 1874 1408 -sum1ma1tuae2

286 1632 345 1670 59.
369 1618 508 1670 Aliqua
529 1617 610 1668 eff]
649 1616 805 1668 Aliquid
825 1618 1003 1657 concordia
1027 1616 1182 1667 Argent.
1199 1628 1281 1654 eon-

235 1672 350 1709 cordia
370 1671 488 1713 nostris
510 1670 614 1708 Leid.

287 1732 350 1782 64.
378 1733 578 1784 Ingenioque
589 1731 734 1782 faves]
774 1732 831 1770 Sic
849 1731 911 1771 lib.
931 1745 1002 1771 vu.
1021 1731 1277 1781 Metamorph.

241 1783 414 1821 Clorau.

289 1837 348 1879 67.
378 1834 526 1882 Thyrsus
545 1834 635 1871 enIm
657 1832 776 1877 vobis,
799 1833 930 1882 gestata
948 1834 991 1877 est
1013 1834 1132 1870 laurea
1153 1833 1279 1883 nobis]

236 1883 306 1923 Pet
319 1884 512 1934 Thyrsum,
542 1884 737 1922 oratoriam
763 1885 972 1922 facultatem
997 1885 1188 1933 intelligit:
1217 1897 1282 1932 per

236 1935 414 1980 lauream,
447 1937 647 1983 poeticam.
681 1934 795 1983 Quasi
815 1935 910 1971 dicat
929 1964 939 1979 ,
968 1937 1046 1972 Vos
1068 1935 1200 1972 Bacchi
1221 1935 1281 1972 sti-

238 1986 347 2023 mulis
378 1986 601 2035 agitamini,
649 1996 716 2022 nos
747 1986 955 2033 Apollinis:
995 1986 1124 2034 quibus
1150 1993 1277 2022 tamen

235 2037 400 2085 utrisque
430 2036 509 2074 suus
542 2037 640 2073 calor
673 2036 721 2072 est
746 2063 755 2079 ,
792 2034 948 2083 suusque
971 2036 1142 2082 impetus.
1198 2036 1279 2073 Nisi

235 2087 338 2135 quod
361 2095 399 2124 ut
423 2086 556 2124 Bacchi
577 2087 679 2124 furor
706 2086 824 2123 acrior
854 2097 896 2122 ac
927 2086 1190 2123 vehementior
1208 2087 1277 2130 est,

236 2138 286 2175 ita
307 2139 344 2175 ὅ(
366 2138 526 2175 oratoria
553 2137 605 2174 vis
634 2137 855 2174 concitatior
888 2136 933 2173 est
957 2164 965 2179 ‚
997 2137 1188 2184 magisque
1207 2136 1278 2173 im-

235 2187 348 2236 pellit.
404 2188 513 2225 Unde
548 2188 586 2225 &
616 2186 729 2224 finem
759 2187 914 2224 oratoris
931 2187 1080 2232 quidam
1110 2187 1282 2224 dixerunt

238 2236 311 2275 effe
326 2266 335 2281 .
365 2239 526 2275 Movere
545 2239 690 2275 animos
710 2246 820 2286 atque
842 2238 1053 2286 impellere:
1081 2238 1119 2274 ὅ(
1141 2238 1279 2275 oratio-

237 2300 301 2326 nes
322 2288 556 2338 quorundam
579 2289 750 2326 tonitruis
780 2297 890 2336 atque
920 2287 1136 2325 fulminibus
1155 2290 1283 2336 aequi-

237 2348 381 2387 paratae
400 2341 562 2377 fuerunt.
597 2339 656 2377 Sic
679 2339 778 2376 enim
799 2338 844 2376 de
863 2339 1000 2376 Pericle
1021 2339 1283 2388 Aristophanes

237 2391 276 2429 in
297 2390 614 2428 Acharnenfibus:

287 2457 472 2497 Ἐντεῦθεν
487 2459 567 2504 ὀργῇ
593 2455 818 2502 Περικλέηςὸ
840 2456 1014 2500 ὀλύμπιος

277 2507 500 2558 “Helian-vsu
514 2538 525 2555 ,
553 2508 728 2554 ἐβρόντα,
759 2508 937 2553 ξυνεκύκοο
958 2508 1022 2547 τῆν
1037 2503 1224 2544 Ἐλλάδα.

239 2573 288 2613 Et
312 2574 356 2613 de
378 2572 514 2611 eodem
537 2572 688 2621 Eupolis
709 2572 745 2608 in
769 2570 924 2608 Demis:

291 2638 424 2680 Ταχῦς
443 2635 568 2679 λέγειν
586 2636 673 2678 μὲν,
704 2633 792 2677 πρὸς
814 2631 854 2667 δέ
873 2632 909 2677 γ’
931 2629 1043 2667 αὐτοῦ
1064 2632 1115 2679 ’τῷ
1140 2630 1260 2677 τάχει

294 2687 405 2723 Πειθώ
423 2699 478 2728 τις
499 2684 715 2731 ἐπεκάθιζεν
739 2682 804 2720 ἐπὶ
828 2685 902 2726 τοῖς
922 2683 1096 2728 χείλεσιν.

296 2737 419 2779 Οὕτως
439 2738 559 2778 ἐκήλει
573 2765 583 2781 ,
607 2737 667 2772 uzi
687 2736 785 2780 μὸνος
807 2737 873 2771 τῶν
892 2733 1038 2778 ῥητόρων

292 2789 348 2825 'rb
367 2792 507 2832 κέντρον
534 2788 769 2833 ἐγκατέλιπε
792 2787 864 2828 τοῖς
886 2785 1127 2830 ἀκροωμένοις.

247 2851 374 2898 Atque
406 2848 504 2887 haud
537 2848 610 2886 scio
641 2859 685 2884 an
724 2847 822 2885 idem
853 2848 927 2885 hoc
958 2847 1045 2888 loco
1081 2849 1193 2895 poe'ta
1226 2856 1290 2893 per

246 2900 416 2947 :thyrsum
451 2899 603 2948 intelligi
623 2898 796 2936 voluerit.
823 2898 926 2946 quod
946 2898 1098 2947 Eupolis
1119 2897 1290 2944 planiori-

248 2949 313 2988 bus
331 2949 445 2986 verbis
459 2949 574 2992 dixit,
596 2951 734 2992 κέντρον
755 2947 1043 2994 ἐγκαταλεῖπειν
1064 2950 1137 2990 τοῖς
1159 2948 1291 2991 ἀκροω-

244 3001 369 3045 μένοις.
398 3001 544 3046 quando
565 3002 602 3037 δε
625 2999 790 3048 Thyrsus
805 3027 814 3043 ,
844 3007 883 3036 ut
902 3000 1073 3043 traditur,
1103 2999 1290 3046 cuspidem

246 3063 289 3089 ac
312 3050 495 3088 stimulum
517 3051 629 3088 veluti
645 3051 834 3099 quendam
856 3050 1043 3088 frondibus
1063 3061 1104 3087 ac
1119 3050 1213 3087 foliis
1233 3050 1291 3085 in-

244 3101 415 3139 volutum
436 3112 478 3136 ac
497 3101 635 3137 testum
656 3100 822 3138 habebat.
847 3109 887 3137 ut
917 3112 979 3148 per
999 3100 1146 3137 frondes
1167 3111 1208 3137 ac
1228 3100 1287 3137 fo-

242 3153 313 3195 lia,
342 3153 534 3187 verborum
569 3152 835 3188 amoenitatem
871 3151 909 3187 ὅ(
939 3152 1100 3187 nitorem
1133 3151 1288 3198 accipia-

246 3214 349 3241 mus:
379 3212 440 3249 per
460 3201 642 3237 stimulum
668 3211 788 3238 autem
805 3229 814 3244 ,
845 3199 1021 3245 ἐνέργειαν
1043 3212 1085 3237 ac
1109 3202 1185 3238 vim
1211 3201 1289 3237 elo-

243 3253 415 3302 quentiae
429 3278 439 3293 ,
467 3262 560 3299 quae
580 3252 723 3287 animos
743 3251 943 3288 hominum
966 3251 1122 3300 impellit
1143 3262 1186 3287 ac
1206 3262 1292 3287 mo-

245 3313 317 3345 ret.
348 3303 521 3341 Mtcrm..
570 3305 612 3339 ln
641 3300 754 3338 altero
785 3302 968 3340 Vaticano
994 3329 1006 3348 ‚
1036 3299 1189 3354 Thyrsin
1209 3299 1294 3351 inest

2259 1482 2388 1539 Suc-

1337 1615 1447 1653 vobis.
1470 1615 1675 1663 placet..de
1695 1614 1816 1655 laurea
1849 1618 1937 1658 vide
1963 1629 2058 1668 quae
2087 1625 2181 1657 noto
2213 1618 2257 1656 ad
2276 1620 2336 1658 lib.
2357 1621 2392 1663 1}

1339 1666 1452 1705 Trist.
1479 1666 1536 1704 El.
1558 1678 1613 1704 1v.
1644 1667 1757 1705 C101=.
1827 1669 1924 1709 Mihi
1956 1678 2079 1707 totum
2112 1670 2289 1708 distichon
2312 1672 2387 1711 hoc

1340 1717 1472 1755 dubiae
1497 1716 1582 1755 fidei
1603 1718 1652 1755 est
1671 1717 1887 1767 suspedtum.
1927 1721 2143 1767 Κακοφωνὶοι
2171 1722 2272 1759 enim
2298 1723 2383 1768 ista,

1337 1767 1459 1813 vobis,
1490 1767 1603 1812 nobis,
1633 1769 1797 1806 ambobus
1820 1773 1910 1810 mire
1932 1771 2089 1809 offendit
2109 1783 2222 1810 aures.
2250 1772 2386 1813 deinde

1335 1820 1400 1856 vix
1433 1819 1481 1857 est
1503 1818 1663 1868 assequi,
1687 1821 1774 1868 quid
1799 1823 1898 1861 velit.
1936 1824 2034 1860 Nam
2068 1824 2104 1860 in
2125 1823 2260 1871 scriptis
2281 1824 2385 1873 ςοάὶ-1
2464 1874 2469 1879 ἱ

1339 1868 1437 1907 cibus
1459 1869 1833 1910 monstraledtionum
1849 1882 2078 1922 comparent.
2105 1875 2360 1921 Sarravianus,

1389 1944 1541 1993 Thyrs‘ss
1554 1944 1720 1994 sublestae
1742 1947 1871 1996 gestata
1894 1949 1937 1997 est
1960 1948 2080 1985 laurea
2101 1943 2205 1981 nobis.

1337 2004 1566 2043 Combianus
1581 2034 1591 2049 ,
1603 2007 1753 2055 Thyrsus
1772 2009 1831 2044 ubi
1843 2009 1885 2055 est
1902 2008 1926 2045 d
1940 2019 1981 2045 te.
2010 2006 2162 2044 polin&
2177 2002 2384 2050 Fragmeni

1336 2063 1416 2093 tum
1441 2057 1664 2093 Vaticanum
1689 2069 1772 2095 cum
1798 2058 2174 2107 Rottendorphiano‚

1388 2129 1557 2178 Delphica
1583 2145 1651 2168 non
1670 2144 1776 2182 aeque
1791 2134 1925 2183 gestata
1947 2134 1990 2181 est
2007 2134 2126 2170 laurea
2147 2128 2252 2168 nobis.

1335 2211 1406 2242 tres
1420 2233 1430 2248 ,
1458 2205 1607 2253 Thyrfus
1626 2206 1710 2249 inest
1729 2205 1839 2244 vobis.
1857 2207 1934 2244 duo
1948 2236 1958 2251 ‚
1986 2208 2088 2250 adest.
2112 2219 2176 2255 pro
2195 2206 2253 2250 sed
2263 2217 2382 2243 tamen

1338 2267 1430 2292 unus
1452 2256 1590 2293 Medic.
1612 2256 1668 2300 sed
1681 2258 1806 2302 favor.
1839 2258 1960 2301 Puto,
1983 2259 2048 2305 sed
2071 2267 2145 2303 par.
2177 2258 2316 2294 ΗωΝε.
2346 2257 2383 2294 Si

1338 2306 1570 2344 retinendum
1604 2306 1808 2350 distichon,
1827 2307 2096 2355 transponenda
2127 2315 2218 2356 puto
2244 2318 2384 2356 pronoff

1340 2357 1440 2394 mina
1456 2385 1466 2401 ‚
1496 2359 1533 2393 ὅ(
1554 2357 1708 2406 legenda
1725 2385 1736 2401 ,

1393 2422 1545 2473 Thyrsus
1561 2422 1653 2459 enim
1675 2422 1771 2459 nobis
1783 2451 1792 2466 ‚
1818 2423 1948 2471 gestata
1960 2424 2002 2466 es}
2017 2423 2138 2459 laurea
2157 2423 2253 2460 vobis
2266 2451 2278 2467 ,

1343 2489 1383 2527 &
1410 2499 1472 2536 per
1495 2486 1665 2535 Thyrsum
1688 2487 1880 2525 Poeticam
1900 2487 2078 2536 intelligo.
2098 2496 2137 2526 ut
2159 2486 2333 2526 1v.Trist.
2353 2488 2387 2527 1:

1344 2549 1409 2588 43·

1398 2611 1450 2648 Sic
1470 2609 1532 2646 ubi
1549 2619 1644 2647 mota
1663 2611 1777 2647 calent
1796 2610 1908 2647 viridi
1926 2623 2001 2647 mea
2023 2618 2172 2657 tempora
2194 2609 2321 2658 thyrfh.

1342 2671 1382 2709 ἃ
1401 2673 1439 2710 in
1455 2671 1585 2710 Bacchi
1605 2674 1718 2710 tutela
1736 2673 1868 2712 Poe'tas
1883 2671 1985 2710 fuiffe
2000 2673 2103 2720 saepe
2125 2671 2255 2708 Noster
2278 2670 2388 2709 canitss

1343 2734 1408 2771 per
1429 2723 1571 2760 laurum
1595 2724 1808 2760 Oratoriam
1834 2738 1843 2762 ι
1881 2736 1967 2762 nam
1999 2726 2035 2761 ὅτ
2067 2724 2244 2759 Oratores
2281 2722 2386 2759 lauro

1345 2783 1543 2811 coronatos
1569 2773 1672 2811 fuisse
1691 2784 1795 2821 puto.
1825 2775 1871 2812 de
1903 2775 2051 2813 coronis
2074 2773 2278 2810 Oratorum
2311 2771 2387 2810 vid.

1343 2823 1475 2862 Pascal.
1506 2825 1551 2862 de
1572 2825 1712 2863 Coron.
1741 2825 1796 2867 ybs.
1823 2834 1854 2873 ς.
1889 2827 1924 2862 in
1950 2831 2185 2872 pentametro
2211 2822 2384 2865 mallem,

1346 2881 1419 2912 Par
1445 2886 1564 2912 tamen
1580 2875 1757 2912 ambobus.
1778 2875 1895 2912 Bentl.
1909 2875 1952 2913 ad
1975 2876 2108 2912 Horat.
2130 2886 2195 2911 ιη.
2213 2873 2387 2911 Od.xxx.

1348 2938 1367 3012 ἑ
1377 2939 1406 2972 ς.
1421 2927 1591 2975 praefert,
1606 2926 1771 2976 Delphica
1793 2940 1862 2964 non
1873 2939 1977 2977 aeque
1991 2925 2127 2975 gustata
2136 2924 2179 2971 est
2196 2923 2315 2960 laurea
2326 2935 2389 2959 vo·

1371 2977 1414 3014 is.
1444 2977 1572 3015 Euam.

1400 3034 1459 3081 69.
1491 3035 1667 3085 Nemes]
1736 3036 1827 3075 Vires
1856 3037 1942 3085 Jun.
1974 3030 2390 3081 Leid.Excerpt.Vofl.

1347 3084 1386 3122 &
1419 3085 1528 3132 prim.
1547 3086 1645 3124 Edit.

1398 3161 1458 3197 71.
1486 3151 1579 3196 Jure
1599 3151 1705 3200 igitur
1716 3150 1836 3200 studio
1856 3146 2001 3193 confinia
2019 3146 2178 3183 carmina
2199 3146 2392 3191 2=eftro,Et

1347 3214 1425 3239 cum
1448 3201 1587 3239 militiis
1602 3201 1709 3249 sacra
1730 3198 1861 3238 tuenda
1877 3197 2019 3247 putas.]
2051 3197 2154 3234 Nihil
2175 3196 2393 3234 difficultatis

1350 3253 1411 3290 hic
1431 3252 1535 3289 locus
1556 3252 1664 3289 habet
1679 3278 1689 3295 ,
1717 3249 1743 3288 fi
1767 3248 1885 3286 modo
1905 3248 2162 3296 recielegatur.
2191 3247 2280 3286 Non
2291 3249 2393 3285 enim

1347 3301 1459 3352 studia
1478 3301 1585 3354 nostrq
1603 3328 1616 3349 ,
1652 3307 1715 3339 aut
1747 3311 1826 3351 qum
1847 3297 1986 3351 ζηίζὶιξὶε
1999 3327 2012 3347 ,
2038 3297 2238 3349 legendum
2263 3312 2273 3337 ε
2309 3297 2368 3337 sed
2383 3323 2396 3341 ,

2334 3348 2399 3398 fib.
