2495 3675
466 142 1403 214 FASTORUM
1512 145 1707 200 LIB.

1790 145 1885 204 VI.
2097 161 2199 219 399

336 260 494 317 Haec
520 261 623 326 est,
660 259 748 315 cui
770 261 942 315 fuerat
965 250 1211 328 promissa
1233 245 1476 321 potentia
1511 261 1691 300 rerum
1708 283 1723 310 ,

195 338 297 401 360

401 333 680 406 juppiter?
724 334 858 387 hanc
887 328 1038 384 terris
1062 323 1401 396 impofiturus
1425 319 1573 374 eras?

328 407 555 479 Jamque
581 407 918 463 Suburbanos
935 440 951 467 ,
986 395 1363 468 Hetruscaque
1389 390 1638 448 contudit
1667 406 1826 447 arma.

413 480 543 552 Spes
569 493 680 536 erat
703 479 759 532 in
782 475 952 531 cursu.
992 487 1133 526 nunc
1163 468 1306 523 Lare
1332 467 1472 539 pulsa
1495 466 1590 521 suo
1618 463 1708 521 est,

330 552 585 609 Vidimus
612 562 856 612 ornatos,
892 558 1063 601 aerata
1088 560 1183 615 per
1209 541 1338 595 atria
1361 579 1375 603 ‚
1411 538 1552 611 picta

408 625 572 681 Veste
598 667 610 686 ,
651 620 994 693 triumphales
1022 613 1326 670 occubuisse
1354 612 1518 667 senes.

195 700 292 764 365
330 697 583 755 Vidimus
606 695 788 750 Iliacae
814 690 1082 747 transferri
1108 687 1331 758 pignora
1355 683 1407 740 V
1414 687 1551 739 ellae

406 770 558 824 Sede.
595 782 783 840 putant
808 767 1010 838 aliquos
1039 762 1237 816 scilicet
1265 758 1368 813 effe
1396 757 1582 812 Deos?

333 842 407 896 At
433 841 470 896 fi
498 841 852 913 respicerent,
890 840 998 911 qua
1022 851 1116 890 vos
1143 832 1388 887 habitatis
1415 831 1470 885 in
1499 849 1651 892 arce,

404 914 633 986 Totque
662 913 855 968 domos
880 909 1071 964 vestras
1096 905 1372 960 obsidione
1403 904 1605 975 premi;

334 986 424 1042 Nil
451 987 564 1059 opis
588 987 642 1041 in
671 988 800 1040 eura
830 985 1019 1039 scirent
1044 976 1306 1061 superesse
1332 977 1608 1041 Deorum,

193 1078 295 1126 370

402 1057 473 1113 Et
503 1060 626 1113 data
649 1058 870 1113 sollicita
899 1070 1016 1111 tura
1043 1069 1216 1124 per1re
1243 1067 1419 1104 manu.

333 1133 519 1204 Atque
547 1132 751 1185 utinam
776 1147 986 1204 pugnae
1013 1138 1187 1201 pateat
1216 1124 1390 1178 locus!
1434 1139 1576 1176 arma
1600 1120 1898 1195 capeffant3

404 1205 501 1269 Et,
544 1205 714 1260 finon
740 1216 998 1279 poterunt
1028 1199 1375 1270 exsuperare,
1412 1195 1620 1250 cadant.

282 1466 425 1505 tandem
444 1449 600 1512 succurre
618 1466 735 1505 ruenti

48 1571 87 1611 H
98 1525 172 1557 Heu
179 1519 314 1569 patriae
325 1547 336 1564 ‚
369 1518 496 1558 stilico.

91 1583 196 1608 mus,

96 1649 183 1686 359.
210 1635 405 1686 Promissa]
435 1634 599 1686 Permiffa
620 1636 836 1675 Thuaneus.
851 1631 926 1672 vid.
939 1644 984 1671 11.
1000 1631 1097 1670 Met.

51 1699 140 1737 259.

104 1752 187 1800 361.
214 1749 428 1800 Contudit.]
478 1749 631 1788 Perculit
661 1749 833 1789 Ambros.
856 1748 933 1787 vid.
962 1747 1024 1786 lib.
1043 1760 1098 1785 ιν.

51 1802 137 1842 628.
165 1803 313 1840 concutit
331 1802 455 1840 Petav.

107 1869 189 1917 362.
217 1865 327 1917 Spes.]
357 1870 496 1916 Spesque
506 1863 614 1903 Bern.
626 1864 701 1915 spes
718 1873 792 1902 erat
813 1864 852 1903 in
863 1863 979 1913 Crasso
999 1862 1098 1901 viora

51 1918 185 1969 repulsa
199 1917 263 1966 suo
283 1917 388 1967 prim.
413 1914 584 1955 Ambros.

109 1980 194 2029 363.
223 1983 352 2016 AErata
365 1985 424 2028 per
444 1976 578 2028 atria.]
609 1976 752 2026 Lipfius
770 1977 807 2016 in
826 1976 960 2016 Εῐεᾶἰε
979 1975 1101 2015 rescri-

55 2029 220 2069 bendum
242 2029 383 2073 censet,
411 2040 526 2067 cerata
553 2038 611 2077 per
630 2029 726 2066 atria
745 2043 758 2072 ;
796 2040 874 2066 non
907 2040 977 2077 ego
1001 2055 1012 2072 ,
1037 2028 1103 2077 qui

35 2126 38 2127 ⁷
57 2092 138 2120 non
158 2092 283 2118 cereos
305 2079 424 2118 solum
439 2109 449 2125 ,
475 2079 536 2118 sed
566 2080 605 2117 ὅτ
634 2091 762 2117 aereos
781 2079 854 2128 legi
874 2079 1040 2116 thoraces
1063 2077 1104 2115 il-

57 2131 114 2172 los
140 2132 402 2180 antiquorum3
433 2130 545 2180 idque
572 2142 618 2168 ex
649 2129 792 2168 duobus
824 2130 914 2168 locis
937 2129 1102 2177 Papinii:

59 2193 220 2232 quorum
242 2182 306 2219 uni
328 2182 382 2219 vir
401 2181 459 2219 ille
482 2180 654 2219 mendam
675 2180 785 2219 ineffe
805 2181 941 2224 credit3
969 2181 1004 2217 in
1018 2179 1106 2217 alte·

63 2243 143 2272 rum
160 2245 237 2270 non
259 2232 401 2270 incidit.
427 2233 603 2270 NEAPOL.
631 2237 760 2269 Cerata
775 2230 916 2280 Lipfius
937 2229 1107 2280 Epistoli-

45 2282 115 2322 ·cis
134 2283 418 2332 Quaestionibus
436 2282 496 2320 lib.
517 2295 570 2320 1v.
592 2294 672 2330 cap.
691 2296 722 2332 ς.
744 2282 846 2327 quod
861 2283 946 2332 jure
967 2283 1107 2329 impro-

66 2332 127 2373 bat
153 2333 343 2382 Neapolis.
377 2335 415 2371 &
451 2333 614 2371 Barthius
641 2333 686 2371 ad
720 2332 966 2370 Claudianum
998 2331 1110 2370 Cons.

69 2384 214 2434 Olybrii
230 2384 307 2429 ,rofi
328 2396 385 2432 19.
404 2384 462 2421 sed
475 2396 544 2422 nec
562 2394 683 2421 aerata
705 2384 800 2421 atria
819 2391 967 2432 propter
983 2382 1111 2420 statuas

66 2446 197 2473 aeneas
215 2437 252 2472 in
271 2435 313 2471 iis
330 2434 514 2482 dispofitas
540 2434 638 2471 reete
656 2435 791 2481 opinor
811 2436 895 2472 dici.
922 2445 1033 2484 quare
1055 2445 1112 2472 re-

66 2485 192 2535 fingo,
221 2484 369 2533 reserata
380 2493 442 2533 per
458 2484 566 2522 atria.
585 2483 633 2523 fic
657 2483 718 2522 lib.
742 2495 801 2522 ιν.
818 2485 913 2523 Met.
935 2485 1019 2531 761.

202 2613 210 2619 ·
299 2561 454 2611 reseratis
473 2575 579 2601 aurea
596 2561 719 2600 valvis

119 2618 234 2652 Ama
258 2623 332 2651 tota
347 2623 484 2664 patent.

70 2679 266 2718 confirmat
296 2678 548 2729 conjeeturam
585 2679 716 2718 Livius
737 2677 797 2718 lib.
825 2691 862 2718 v.
882 2690 960 2730 cap.
987 2691 1047 2726 4¹·
1078 2680 1116 2719 in

70 2733 278 2770 narratione
305 2731 412 2779 hujus
442 2731 631 2768 historiae:
671 2737 712 2767 In
733 2733 854 2777 forum
873 2744 914 2768 ac
931 2732 1122 2781 propinqua

67 2782 144 2830 floro
162 2781 234 2819 loca
253 2780 443 2831 conglobati
464 2781 638 2819 redibant.
665 2781 725 2818 ubi
745 2795 816 2826 eos,
837 2781 942 2831 plebis
959 2782 1122 2831 aedificiis

77 2830 259 2880 obseratis,
285 2830 484 2881 patentibus
512 2832 614 2869 atriis
630 2831 848 2882 principum,
884 2833 998 2881 major
1030 2842 1125 2881 prope

0 2923 1 2926 Ἰ
79 2886 249 2921 tanssatio
278 2882 436 2927 tenebat,
477 2892 596 2932 aperta
622 2897 729 2932 quam
764 2882 880 2933 clausa
915 2882 1123 2921 invade-adi.

0 2944 1 2968 l
82 2931 162 2970 adeo
190 2933 287 2970 haud
307 2934 402 2982 secus
430 2946 538 2983 quam
568 2933 807 2971 venerabundi
838 2933 1066 2971 intuebantur
1087 2937 1123 2971 in

83 2983 218 3027 aedium
231 2983 403 3035 vestibulis
416 2983 569 3032 sedentes
590 2984 683 3021 viros
697 3013 708 3029 ‚
728 2994 863 3034 praeter
881 2997 1043 3022 ornatum
1061 2984 1124 3021 ha-

86 3030 262 3084 bitumque
300 3034 451 3072 humano
490 3034 714 3083 augustiorem
738 3063 748 3079 ,
793 3035 968 3083 majestate
994 3037 1125 3077 ειιίινη,Δ

88 3095 193 3133 quam
224 3084 329 3122 vultu
348 3085 588 3136 praeferebant
611 3113 622 3129 ,
668 3086 744 3122 Diis
774 3085 980 3129 fimillimos.
1016 3087 1128 3123 utitur

86 3142 208 3172 autem
228 3135 326 3174 Livii
345 3137 562 3174 auctoritate
593 3148 634 3174 ac
654 3135 725 3174 fide
745 3137 781 3173 in
806 3137 984 3186 plerisque
1006 3138 1104 3174 Naso
1118 3165 1128 3181 ‚

89 3182 183 3240 adeo
205 3194 244 3222 ut
263 3188 370 3224 etiarn
386 3187 501 3224 'verba
524 3188 600 3236 ejus
619 3199 902 3235 nonnumquam
927 3197 1129 3229 mutuetur,

91 3240 188 3270 utin
219 3235 409 3274 Lucretiae
438 3237 583 3275 historia
623 3239 774 3286 aliisque
804 3240 1068 3277 narrationibus
1089 3239 1136 3276 est

92 3281 229 3326 videre.
260 3284 385 3326 Florus
411 3299 562 3338 quoque
590 3289 684 3328 libro
712 3290 833 3339 primo
859 3300 942 3339 cap.
969 3302 1026 3340 13.
1069 3295 1139 3327 Pa-

2037 1313 2199 1370 Nunc

1153 1469 1261 1498 tentes
1283 1456 1401 1509 paffim
1430 1457 1544 1495 domos
1570 1456 1702 1495 adeunt
1727 1484 1736 1501 ,
1764 1455 1824 1493 ubi
1836 1454 1987 1504 sedentes
2011 1454 2047 1491 in
2068 1453 2200 1492 curuli-

1154 1512 1217 1548 bus
1233 1510 1304 1557 fuis
1313 1513 1410 1560 senes
1425 1518 1659 1559 praetextatos
1682 1509 1853 1545 mae't'ant.
1880 1517 2105 1556 quamquam
2118 1507 2205 1544 Plu-

1154 1562 1299 1599 tarchus
1324 1561 1424 1598 senes
1449 1561 1562 1598 hosce
1593 1559 1830 1607 triumphales
1851 1558 1888 1595 in
1918 1556 1994 1604 ipso
2014 1556 2097 1594 foro
2122 1567 2204 1594 ma-

1156 1612 1272 1650 ‹statos
1302 1610 1405 1650 fuiss'e
1436 1610 1620 1648 adseverat
1641 1638 1653 1654 ‚
1690 1610 1727 1647 in
1755 1608 1900 1645 Camilli
1922 1608 2008 1644 vita.
2058 1607 2206 1644 Hzms.

1153 1669 1302 1700 Aurata
1319 1673 1413 1699 unus
1433 1661 1598 1698 Patavin.
1626 1661 1664 1698 δί
1695 1660 1782 1697 alter
1812 1659 1938 1696 Petav.
1974 1667 2091 1694 errata
2118 1657 2208 1694 Ber-

1152 1713 1251 1752 nens.
1271 1710 1421 1761 reserata
1451 1709 1595 1749 Heinfii
1616 1710 1736 1748 firmat
1755 1707 2011 1746 Vai.Maxim,
2032 1720 2096 1745 111.
2120 1717 2206 1748 ¹17.

1152 1766 1215 1814 qui
1244 1762 1370 1813 apertis
1395 1761 1516 1809 januis
1543 1760 1714 1811 confiediffe
1743 1758 1843 1798 dicit.
1881 1769 1973 1796 mox
1996 1756 2205 1806 ficccubuiffe

1153 1823 1326 1864 quatuor.
1352 1813 1414 1852 alii
1434 1841 1446 1860 ,
1471 1811 1655 1862 accubuiffe
1673 1840 1686 1858 ,
1715 1808 1921 1861 procubuisse
1938 1837 1950 1854 ,
1988 1807 2206 1858 concubuilse,

1154 1867 1289 1905 Buam.

1207 1933 1293 1983 363.
1324 1929 1424 1969 Picta
1442 1927 1559 1979 Veste]
1581 1928 1686 1967 Clare
1705 1924 1824 1966 subdit
1842 1925 1938 1964 hanc
1958 1924 2061 1964 fuiffe
2074 1925 2207 1964 trium*

1157 1983 1337 2035 phalium.
1363 1982 1409 2021 de
1439 1979 1568 2019 eadem
1607 1979 1814 2018 Ausonius:
1843 1982 2007 2025 Namque
2035 1976 2093 2024 iste
2110 1975 2212 2012 habi·

1159 2047 1216 2073 tus
1232 2044 1296 2080 ‚ut
1315 2034 1354 2070 in
1368 2042 1448 2083 pace
1467 2030 1626 2080 Consulis
1643 2030 1685 2077 est
1699 2028 1762 2078 ,sic
1777 2028 1817 2066 in
1826 2027 1976 2066 vinaria
1987 2026 2212 2076 triumphan-

1159 2088 1214 2124 tis.
1239 2084 1397 2123 Prodeat
1416 2082 1604 2121 &Plinius
1624 2082 1688 2120 lib.
1709 2091 1800 2118 vm.
1829 2090 1907 2128 cap.
1929 2078 1988 2125 78.
2018 2077 2127 2127 Apud
2141 2083 2210 2114 Ho-

1161 2149 1296 2175 merum
1309 2163 1320 2180 ‚
1345 2134 1488 2184 inquit,
1511 2132 1620 2182 pistas
1632 2131 1734 2179 vestes
1747 2130 1870 2167 inveni
1884 2145 1894 2173 ;
1922 2128 2014 2166 unde
2026 2139 2069 2169 <9⁴
2081 2127 2213 2165 trium·

1158 2187 1277 2239 phales
1295 2195 1410 2223 natae.
1437 2184 1597 2233 Purpura
1615 2184 1652 2221 in
1674 2181 1887 2230 triumphali
1908 2179 2079 2218 miscetur
2098 2190 2187 2216 auro
2200 2192 2215 2221 ;

1162 2239 1224 2277 sed
1245 2237 1445 2286 antiquitus
1466 2235 1609 2272 nullum
1631 2234 1666 2271 in
1689 2231 1742 2271 ea.
1772 2231 1971 2281 Dionyfius
2000 2231 2046 2269 de
2067 2231 2214 2267 Romu-

1164 2290 1203 2328 lo
1225 2287 1494 2335 triumphante:
1528 2289 1748 2328 Τελόῦταῖῶο
1778 2283 1797 2334 5
1818 2284 1846 2321 ’θ
1868 2285 2002 2333 πομπῖς
2022 2282 2120 2322 occ-:224
2140 2284 2214 2318 ἔπο-

1166 2342 1290 2399 ρεῦετο,
1317 2346 1448 2386 ἔσθ-ἦτοι
1470 2339 1523 2394 (ὓρ
1540 2337 1775 2391 §papate-ff&
1791 2339 1945 2391 εἷλεςγῆ,
1975 2334 2078 2387 δάφνῃ
2105 2344 2123 2383 5
2147 2350 2213 2371 κοι-

1167 2402 1380 2451 τεςεμμένῶῡ
1414 2393 1475 2440 τοὶς
1512 2397 1634 2446 κόμας.
1694 2394 1750 2431 En
1778 2391 1982 2440 slmplicem
2019 2387 2210 2440 α’λεςγίὸαω

1168 2456 1270 2503 cujus
1291 2453 1415 2501 postea
1439 2462 1523 2488 cum
1545 2450 1726 2486 Amores
1747 2450 1952 2484 meminere
1966 2473 1975 2489 ,
1997 2442 2216 2481 addiderunt

1169 2505 1394 2558 χςυο-όπαςον.
1419 2501 1630 2538 Plutarchus
1640 2498 1684 2535 de
1695 2496 1809 2535 Paulo
1819 2495 1998 2533 AEmilio:
2027 2490 2218 2545 Ἀλεςγίὸαι

1172 2559 1386 2613 χρυσέης-ον
1404 2552 1667 2607 οἱμπεχέμῖμςῲι.
1698 2552 1886 2600 Appianus
1899 2561 1988 2587 vero
1999 2550 2094 2586 hanc
2105 2547 2220 2590 dixit,

1173 2615 1350 2668 Ποςῲυρᾶν
1371 2611 1490 2663 οἷς-ἔριον
1509 2612 1638 2662 χςυσῶν
1656 2606 1891 2658 (ἐνυφασμένον.
1923 2607 2049 2643 ΝΕΑΡ.

1226 2683 1308 2730 364.
1333 2676 1719 2729 Triumphalessenes.]
1750 2676 1802 2713 Hi
1832 2675 1910 2712 sunt
1931 2701 1942 2717 ‚
1985 2683 2080 2721 quos
2102 2670 2223 2716 θριαμέ

1172 2731 1292 2777 βικοῦς
1310 2729 1437 2774 ἄνδρας
1462 2728 1618 2777 appellat
1637 2727 1844 2766 Plutarchus
1864 2728 1899 2762 in
1925 2723 2087 2762 Camillo
2103 2749 2114 2767 ,
2134 2733 2222 2760 curn

1174 2790 1316 2821 enarrat
1337 2781 1432 2818 hanc
1451 2780 1563 2818 Urbis
1585 2778 1844 2816 calamitatem.
1873 2777 1996 2813 Nam».

1228 2832 1312 2881 365.
1342 2830 1539 2877 Transferri
1558 2830 1695 2878 pignora
1709 2827 1848 2876 Vestae]
1882 2827 1983 2863 Idem
1997 2826 2035 2862 in
2048 2823 2224 2862 Camillo:

1177 2881 1225 2922 T}
1246 2885 1288 2930 est}
1314 2885 1377 2934 πῧς
1400 2884 1454 2922 τὶἷς
1474 2883 1587 2921 'Es-(ae
1607 2882 1642 2918 ai
1663 2880 1815 2933 oraeffi'icc
1838 2881 1891 2929 p&
1918 2879 1946 2918 ἲ
1964 2879 2044 2928 ἱερᾶν
2064 2875 2224 2929 οἶςσιὊεο-ιιίρ

1179 2936 1272 2986 pallum
1294 2937 1427 2987 ἔφυγον.
1457 2937 1559 2983 Lege
1584 2936 1622 2972 &
1643 2946 1737 2984 quae
1756 2934 1964 2983 sequuntur.
1993 2932 2121 2970 Nem.

1235 2993 1317 3040 306.
1347 2988 1463 3039 Sede]
1493 2989 1582 3027 AEde
1603 2991 1765 3038 quidam.
1787 2989 1916 3038 reliqui
1940 2990 2014 3027 fere
2036 2986 2227 3029 mendose,

1183 3042 1283 3080 code.
1316 3050 1440 3090 [ornent
1461 3050 1646 3089 praeterea
1676 3053 1768 3079 unus
1788 3041 1911 3078 Patav.
1933 3042 2027 3077 Mox
2042 3067 2051 3081 ‚
2066 3038 2130 3074 Nil
2145 3037 2228 3084 opis,

1184 3091 1382 3141 legendum
1403 3104 1487 3129 cum
1517 3092 1667 3140 scriptis.
1697 3093 1828 3129 Htms
1888 3091 1968 3128 Sede
1997 3088 2135 3127 redium
2169 3086 2230 3123 est,

1187 3144 1261 3180 vid.
1280 3143 1371 3189 supr.
1392 3143 1446 3184 sss.
1466 3142 1552 3189 258.
1581 3143 1706 3179 Iliacae
1730 3142 1841 3190 gemis
1860 3142 1995 3180 Sarra-c.
2019 3140 2150 3189 peciora
2171 3135 2229 3173 vel

1189 3194 1344 3243 praemia
1369 3193 1478 3240 Vestae
1496 3193 1636 3230 Mazar.
1658 3196 1694 3230 &
1717 3195 1790 3230 (luo
1812 3193 1882 3229 alii.

1249 3245 1332 3332 3169·
1360 3243 1497 3294 Cura.]
1527 3250 1639 3282 Caras
1658 3245 1734 3283 duo
1748 3245 1924 3282 Mazarin.
1940 3237 2152 3279 Demens&
2174 3234 2233 3271 ahi

1196 3307 1260 3333 mu
1278 3305 1316 3334 ti.

2060 3347 2141 3387 371·
2168 3339 2239 3372 Ca-
