2495 3675
232 153 340 204 662

387 339 456 392 40

393 704 459 757 45

257 1710 330 1742 ‘tres
350 1697 493 1750 antiqui
514 1696 716 1736 nervofius.
744 1697 890 1736 HEiNs.
941 1695 1032 1736 Vid.
1052 1707 1118 1736 111.
1137 1706 1184 1734 ex
1203 1693 1314 1733 Pone.

261 1765 291 1793 1.
315 1764 399 1801 ¹19·

314 1814 375 1854 39.
405 1798 662 1851 Relinquunt]
691 1798 902 1851 Relinquent
913 1799 1092 1849 quinque.
1109 1797 1313 1844 relinquant

264 1861 349 1894 tres.
368 1853 540 1902 relinquet
555 1851 661 1888 Bern.

314 1915 376 1949 40.
403 1901 587 1940 subtrahis
619 1912 660 1940 εν
683 1899 844 1950 frasta]
901 1901 1125 1950 Metaphora
1155 1911 1175 1936 a
1200 1897 1316 1936 bubus

263 1955 404 2004 scripta.
433 1954 602 1991 CrorAN.
631 1953 782 2000 Effral‘lo
801 1952 878 2000 jugo
912 1953 1018 2000 prim.
1048 1951 1146 1988 Polit
1168 1951 1205 1986 &
1225 1960 1317 1998 qua-

261 2013 349 2045 tuor
369 2004 439 2041 alii.
469 2005 596 2049 efraflo
619 2004 725 2051 prim.
755 2002 926 2040 Vatican.
950 2001 997 2040 sic
1018 2001 1212 2051 Effraffum
1235 1999 1318 2036 ebur

241 2062 246 2063 ⁷
265 2056 401 2095 restitui
423 2054 519 2103 apud
554 2052 801 2091 Claudianum
834 2052 880 2090 de
906 2053 1010 2091 Bello
1033 2052 1249 2091 Gildonico.
1268 2049 1320 2089 vs.

270 2108 354 2157 136.
381 2106 525 2143 Hiems.
557 2104 710 2150 Infrabl‘o
735 2104 882 2141 Lovan.

316 2168 379 2207 41.
408 2157 503 2192 Unde
518 2165 636 2204 petam
657 2152 754 2202 lapfis
768 2153 899 2202 solatia
921 2152 1018 2191 rebus
1033 2152 1081 2205 ε’]
1135 2153 1191 2193 Ita
1212 2152 1322 2191 habet

227 2243 231 2246 ,
265 2216 375 2248 vetus
393 2207 588 2255 scriptura,
616 2205 826 2243 emendate.
854 2205 972 2242 infra:

323 2277 430 2308 Nunc
450 2279 514 2307 tua
529 2278 592 2318 pro
616 2267 713 2306 rebus
733 2268 873 2305 nitatur
892 2267 1011 2317 gratia
1027 2266 1137 2317 lapsis.

272 2331 343 2372 Et:

325 2395 468 2447 Respicis
488 2396 679 2448 antiquum
701 2395 800 2448 lapsis
820 2396 858 2434 in
879 2395 978 2434 rebus
999 2395 1168 2437 amicum.

275 2468 446 2508 Cremu.
471 2465 579 2513 Laffi's
596 2466 703 2505 multi
724 2465 813 2504 editi
832 2466 870 2504 &
890 2464 1021 2523 scripti.

325 2545 385 2581 42.
415 2529 559 2580 Tenet.]
592 2536 690 2567 Foret
713 2530 852 2572 Strozz.

328 2594 389 2632 43.
419 2582 550 2619 Viderit
564 2580 655 2630 ipse,
677 2581 816 2628 sacram
828 2581 997 2632 quamvis
1008 2581 1144 2627 invifin
1164 2581 1333 2617 adaram

280 2633 502 2682 confugiam.
528 2632 542 2682 ]
601 2632 699 2670 Vide
730 2644 826 2682 quae
867 2631 942 2670 dixi
978 2632 1039 2670 lib.
1073 2644 1125 2669 iv,
1153 2632 1278 2681 Elegia
1298 2642 1334 2669 v.

282 2685 452 2721 (Exorari.
480 2684 535 2721 Cl.
551 2683 800 2721 Heumannus
817 2684 853 2721 in
868 2683 1028 2731 Parergis
1045 2683 1190 2727 Criticis
1202 2695 1235 2731 p.
1252 2694 1266 2720 1
1278 2693 1334 2726 17.

281 2734 393 2782 legit,
422 2735 459 2771 ni
476 2734 582 2782 petio,
612 2735 676 2782 ipse
691 2734 833 2783 stactam
863 2734 936 2772 ὅτε.
966 2733 1099 2771 vellem
1133 2734 1258 2782 potius
1280 2734 1335 2770 in-

283 2785 382 2832 genii
403 2786 494 2823 vires
520 2785 755 2823 intenderent
779 2785 846 2822 viri
877 2783 1038 2822 industrii
1072 2785 1109 2822 in
1143 2784 1234 2822 locis
1256 2794 1337 2821 cor-

285 2835 398 2881 ruptis
426 2835 464 2871 &
495 2834 701 2873 difficilibus
733 2835 957 2873 restituendis
981 2863 992 2880 ‚
1037 2846 1150 2884 quam
1193 2834 1338 2874 erudito

287 2886 370 2922 otio
409 2884 642 2923 abuterentur
681 2888 718 2924 in
761 2885 851 2924 sanis
881 2885 1061 2923 vitiandis.
1100 2885 1217 2924 sensus
1249 2896 1340 2923 vero

289 2934 453 2983 egregius
475 2946 519 2973 ex
548 2936 693 2983 vulgata
721 2936 784 2974 ista
812 2936 971 2974 formula
991 2936 1148 2981 viderit,
1179 2934 1248 2982 (de
1270 2947 1342 2984 qua

287 2985 365 3023 vid.
384 2984 429 3022 ad
447 2985 595 3022 Petron.
617 2998 719 3023 Lxxr.
738 2988 777 3024 &
804 2998 958 3024 Lxxxrx.
976 2988 1013 3024 ὅ(
1034 2987 1100 3025 inf.
1124 2999 1151 3025 1.
1173 2998 1217 3025 ex
1235 2987 1346 3024 Pont.

290 3049 339 3074 11.
361 3035 426 3085 9.)
456 3035 587 3073 viderit
608 3036 788 3084 Augustus
804 3064 814 3080 ,
838 3048 949 3085 quarn
966 3037 1029 3075 fibi
1052 3037 1232 3075 invidiam
1256 3049 1347 3074 con-

292 3088 439 3124 flaturus
454 3084 493 3121 fit
513 3086 609 3132 apud
632 3098 784 3129 omnes,
814 3086 836 3123 fi
859 3099 929 3134 ego
952 3087 1140 3126 destitutus
1165 3088 1208 3126 ab
1222 3088 1346 3126 omni·

292 3138 358 3175 bus
380 3136 527 3179 amicis,
557 3136 593 3172 δί
623 3146 771 3184 propter
789 3137 1007 3175 levissimam
1033 3140 1177 3186 culpam
1200 3151 1346 3188 poenae

293 3188 500 3226 duriffirnae
528 3185 718 3224 damnatus
734 3217 743 3231 ,
773 3187 991 3236 confugiam
1021 3190 1066 3225 ad
1088 3202 1187 3228 aram
1211 3190 1346 3228 sacram

294 3247 469 3288 tanquam
502 3237 722 3284 inexpiabile
752 3239 892 3275 crimen
915 3265 926 3284 ‚
970 3240 1009 3278 &
1039 3249 1160 3280 morte
1198 3250 1348 3282 cruenta

299 3290 454 3340 dignum
476 3287 739 3328 commiserim.
766 3287 902 3327 Burin.

761 130 823 200 P.
895 135 1318 200 OVIDII
1393 132 1923 196 NASONIS

529 247 632 302 Me
663 237 1111 316 miseruml'quid
1141 258 1320 311 agam,
1361 237 1396 291 fi
1422 236 1668 316 proxima
1691 254 1935 311 quaeque
1963 238 2268 313 relinquunt
2285 239 2310 294 Ξ·

604 318 874 375 Subtrahis
902 316 1122 372 effracto
1149 328 1205 366 tu
1233 328 1452 383 quoque
1478 310 1614 364 colla
1636 311 1800 380 jugo?

535 397 664 466 Quo
693 393 862 450 ferar-5
904 389 1048 444 unde
1078 398 1254 455 petam
1280 383 1425 454 lapsis
1451 382 1629 436 solatia
1655 382 1849 437 rebus?

609 466 861 520 Anchora
885 462 990 531 jam
1022 457 1251 518 nostram
1278 474 1387 511 non
1415 469 1566 510 tenet
1592 456 1690 510 ulla
1718 470 1903 509 ratem.

536 538 779 595 Viderit:
821 536 928 606 ipse
956 534 1149 585 sacram
1171 569 1185 593 ,
1228 530 1467 602 quamvis
1496 529 1716 592 invisuS,
1756 528 1820 582 ad
1847 543 1994 584 aram·

610 610 967 677 Confugiam:
1007 604 1171 658 nullas
1201 603 1484 657 submovet
1513 621 1598 656 ara
1624 619 1820 656 manus,

536 684 825 753 Adloquor
854 696 921 733 en
949 677 1130 732 absens
1155 676 1445 749 praesentia
1470 676 1686 730 numina
1711 674 1956 746 supplex:

613 756 665 809 Si
694 756 768 808 sas
795 752 869 806 est
895 751 1104 806 homini
1130 768 1254 804 cum
1276 748 1415 819 Jove
1439 748 1585 821 pofl'e
1610 748 1771 822 loqui.

536 827 758 884 Arbiter
788 825 1030 897 imperii,
1068 841 1179 894 quo
1208 838 1417 876 cerrum
1445 823 1518 876 est
1543 821 1734 893 sospite
1762 820 1983 876 cuneios

616 899 885 955 Ausoniae
911 914 1093 952 curam
1122 896 1295 968 gentis
1321 895 1514 950 habere
1541 895 1714 949 Deos:

543 973 597 1029 O
622 973 787 1028 decus
806 1011 821 1035 ,
864 972 898 1024 ὁ
927 969 1126 1042 patriae
1153 987 1249 1040 per
1275 982 1329 1022 te
1356 968 1600 1023 florentis
1627 969 1840 1039 imago;

400 1066 471 1119 50
598 1043 674 1101 'O
698 1047 777 1099 vir
805 1061 915 1098 non
941 1043 1081 1115 ips0,
1121 1059 1285 1113 quem
1312 1042 1479 1113 regie,
1516 1041 1648 1095 orbe
1678 1043 1888 1104 minor;

547 1121 635 1175 Sic
662 1118 865 1173 habites
893 1130 1086 1179 terraS‚
1122 1115 1192 1169 fic
1219 1129 1273 1169 te
1298 1114 1563 1169 deiideret
1593 1113 1801 1169 aether!

621 1192 707 1246 Sic
733 1191 799 1245 ad
824 1189 973 1263 pa6³ca
1003 1189 1098 1244 tibi
1123 1188 1290 1243 sidera
1318 1187 1501 1243 tardus
1531 1189 1645 1242 eas!

547 1266 745 1328 Parce,
784 1280 1003 1336 precor:
1045 1262 1430 1333 minimamque
1457 1276 1553 1315 tuo
1578 1261 1647 1315 de
1675 1260 1901 1315 fulmine
1925 1273 2139 1333 partem

621 1339 814 1392 Deme.
855 1336 971 1391 satis
998 1351 1240 1406 poenae,
1280 1334 1429 1408 quod
1459 1333 1752 1404 superabit,
1797 1333 1914 1387 erit.

404 1431 469 1484 55
543 1411 622 1467 Ira
647 1410 870 1482 quidem
898 1409 1178 1464 moderata
1202 1420 1292 1462 tua
1319 1407 1426 1470 est3
1468 1408 1740 1479 vitamque
1766 1405 1986 1462 dedisti:

621 1485 745 1539 Nec
772 1482 902 1537 mihi
925 1482 1008 1556 jus
1042 1481 1203 1545 civis,
1245 1497 1346 1536 nec
1376 1480 1508 1536 mihi
1533 1498 1733 1537 nomen
1760 1479 1917 1536 abest.

2305 1535 2446 1642 Nea-
2488 1509 2493 1643 ἱ

1420 1705 1481 1742 4ς.
1507 1692 1681 1744 Alloquor
1702 1705 1746 1731 en
1764 1693 1884 1741 absens
1901 1692 2227 1740 absentia-numina
2238 1689 2434 1748 supplex.]:'

1370 1744 1513 1784 Mirum
1535 1745 1584 1782 est
1598 1773 1609 1790 ,
1644 1757 1756 1794 quam
1779 1745 1828 1783 ob
1849 1746 1990 1783 causam
2013 1746 2105 1784 haec
2119 1775 2130 1792 ,
2150 1758 2244 1797 quae
2266 1745 2420 1796 sequun-

1370 1804 1429 1835 tur
1444 1825 1454 1840 ‚
1482 1794 1503 1833 a
1524 1796 1766 1844 superioribus
1787 1796 1962 1834 divellant
1982 1797 2156 1845 quidam:
2187 1808 2270 1835 cum
2297 1809 2359 1845 per
2383 1796 2430 1836 se·

1371 1846 1512 1896 posita,
1541 1857 1663 1895 neque
1696 1847 1893 1884 exordium
1925 1855 1987 1885 aut
2017 1857 2125 1896 caput
2157 1848 2345 1886 habeant:
2381 1847 2420 1887 δι

1370 1898 1572 1946 superiores
1596 1898 1758 1946 proximi
1780 1897 1922 1941 versus,
1952 1900 2111 1937 omnino
2135 1911 2219 1937 curn
2242 1897 2424 1948 sequenti·
2492 1898 2493 1930 ἶ

1372 1948 1438 1987 bus
1450 1949 1757 1987 hieccohaereant.
1787 1948 1843 1986 Est
1855 1950 1954 1986 enim
1967 1949 2059 1986 haec
2079 1949 2274 1988 sententia:
2296 1951 2424 1998 Quan-
2492 1954 2493 1964 ¹

1374 1999 1424 2037 do
1452 1999 1562 2048 igitur
1601 2000 1713 2036 ceteri
1742 2010 1809 2036 vos
1840 2011 1973 2037 omnes
1994 1999 2153 2038 deseritis
2176 2012 2262 2045 me,
2299 2010 2430 2050 neque·
2492 1994 2493 2003 ¹

1375 2051 1570 2100 quisquam
1592 2061 1659 2099 pro
1692 2060 1755 2086 me
1785 2049 1970 2099 deprecari
1999 2050 2167 2095 sustinet,
2197 2063 2268 2100 ego
2289 2051 2361 2099 ipse
2377 2049 2434 2094 ad·
2492 2088 2493 2094 ,

1376 2113 1474 2139 aram
1491 2129 1501 2145 ‚
1529 2101 1604 2139 hoc
1624 2100 1699 2145 est,
1726 2099 1771 2138 ad
1803 2101 1996 2139 Caesarem
2019 2102 2192 2145 accedam
2216 2130 2226 2146 ,
2265 2110 2426 2150 eumque

1376 2152 1464 2190 licet
1492 2151 1703 2196 absentem,
1732 2151 1853 2190 absens
1886 2151 2102 2201 supplicibus
2131 2152 2271 2194 verbis,
2299 2155 2437 2199 quate-s

1379 2214 1446 2240 nus
1477 2203 1529 2240 fas
1559 2201 1609 2239 est
1640 2202 1836 2240 hominem
1861 2213 1945 2238 cum
1975 2203 2062 2238 Deo
2083 2203 2210 2250 loqui,
2238 2202 2428 2249 alloquar,

1381 2254 1419 2291 &
1443 2252 1557 2290 orabo
1581 2279 1593 2296 ,
1626 2251 1663 2288 in
1697 2252 1796 2288 hunc
1827 2251 1986 2290 modum
2008 2251 2204 2289 videlicet:
2235 2252 2272 2289 O
2297 2252 2443 2291 arbiter*

1382 2303 1551 2352 imperii,
1580 2303 1654 2340 &c.
1694 2302 1831 2339 Melius
1855 2303 1964 2350 igitur
1995 2302 2127 2340 Aldina
2157 2302 2270 2340 editio
2295 2331 2305 2348 ‚
2333 2313 2439 2352 quae*-

1383 2354 1570 2404 sequentia
1606 2354 1696 2391 haec
1727 2364 1812 2390 curn
1839 2353 2081 2401 superioribus
2115 2365 2156 2391 ac
2182 2354 2432 2402 praecedenti·

1384 2405 1449 2444 bus
1471 2403 1672 2442 conneecit.
1698 2405 1874 2441 Mrcrtt.
1929 2402 2116 2442 Affentior
2142 2405 2292 2443 eruditis
2322 2405 2453 2451 viris„

1385 2458 1449 2506 qui
1469 2456 1560 2493 haec
1588 2455 1762 2504 superiori
1787 2453 1988 2492 anrieftunt
2013 2455 2161 2503 Elegiae
2188 2469 2196 2493 :
2238 2456 2285 2493 est
2307 2458 2444 2507 auten!vv

1387 2506 1621 2555 Apostrophe
1649 2506 1694 2544 ad
1721 2506 1925 2554 Augustum
1948 2533 1958 2549 ‚
2002 2517 2075 2554 qua
2104 2518 2191 2545 eum
2219 2515 2324 2555 rogat
2345 2534 2357 2551 ,
2391 2503 2443 2545 ut*

1387 2558 1446 2596 sua
1466 2557 1561 2595 mala
1583 2566 1726 2594 mutato
1757 2556 1871 2595 exsilii
1896 2557 1983 2593 loco
2012 2558 2236 2606 mitigentur.
2266 2558 2445 2598 exoritu-l

1391 2609 1495 2647 Nihil
1515 2608 1641 2646 causae
1664 2608 1776 2646 rideo
1799 2635 1809 2651 ,
1849 2617 1910 2645 cur
1939 2619 2040 2646 nova
2065 2609 2124 2646 hic
2144 2608 2271 2656 Elegia
2294 2608 2329 2647 in
2353 2608 2445 2659 qui--

1391 2660 1541 2697 busdam
1565 2659 1660 2696 libris
1681 2659 1826 2697 initium
1850 2658 1978 2696 sumat.
2022 2659 2110 2696 Non
2133 2659 2292 2708 displicet
2310 2668 2459 2719 tarneifft,¹

1393 2710 1564 2758 Alloquor
1583 2723 1633 2746 en.
1665 2710 1713 2748 D.
1735 2711 1878 2748 Herus.
1906 2709 2077 2759 Alloquor
2096 2712 2269 2758 potiores.
2279 2712 2453 2759 praeteri*

1394 2773 1436 2798 ea
1455 2760 1683 2798 scribendum
1700 2771 1812 2808 puto,
1838 2760 2032 2810 praesentia
2053 2761 2211 2797 numina.
2241 2762 2342 2808 quod
2353 2772 2446 2799 acus-r

1395 2823 1483 2849 men
1512 2823 1588 2848 non
1619 2812 1831 2849 intellexere
1861 2813 1979 2849 insciti
2004 2811 2146 2849 librarii.
2175 2812 2285 2849 Trist.
2311 2824 2357 2850 11.
2380 2810 2462 2860 54'2'.

1397 2862 1601 2910 Augustum
1636 2871 1747 2901 vocat
1771 2864 1982 2912 praesentem
2014 2863 2294 2914 conspicuumque
2315 2868 2454 2902 Deum·-

1399 2914 1436 2951 &
1458 2913 1566 2951 Pont.
1587 2912 1648 2952 lib,
1667 2927 1693 2951 1.
1724 2914 1825 2962 Eleg.
1848 2912 1969 2951 xinde
1990 2914 2150 2951 eodem:

1454 2976 1644 3024 Qamque
1662 2975 1781 3011 dedere
1802 2975 1892 3012 mihi
1910 2978 2084 3024 prasentia
2105 2976 2256 3013 numina
2278 2977 2394 3016 vitam
2403 2995 2435 3025 ‚j-

1506 3031 1588 3062 Non
1609 3025 1746 3062 adimat
1758 3026 1875 3073 striblo
1887 3027 2089 3076 squallidus
2108 3027 2181 3075 ense
2202 3032 2312 3067 Getes.
2441 3026 2443 3028 ’

1405 3088 1565 3126 Metam.
1590 3102 1653 3127 xv.

1421 3176 1423 3178 .
1457 3140 1608 3176 Pandite
1628 3154 1720 3177 nunc
1743 3143 1864 3189 Musae
1877 3139 2070 3190 praesentia
2091 3141 2241 3182 numina
2261 3152 2428 3182 vatum--

1404 3190 1450 3230 de
1472 3190 1620 3228 Baccho
1644 3193 1738 3229 Met.
1762 3204 1816 3228 1v.

1461 3255 1538 3262 --
1588 3255 1694 3292 neque
1713 3242 1805 3281 enim
1819 3242 2027 3292 praesentior
2050 3242 2111 3281 illo

1460 3291 1518 3342 Est
1539 3296 1663 3331 Deua.
2104 3294 2107 3295 ⁷

2379 3341 2445 3389 cii
