2495 3675
232 165 337 244 586

719 105 1920 217 1³.0V11)11NttsoNl's'vv

524 253 666 328 lpse,
702 255 1008 329 papyrifero
1033 252 1126 325 qui
1151 266 1261 305 non
1285 245 1553 318 angustior
1577 262 1764 312 amne,

599 326 862 385 Miscetur
887 327 1029 383 vasto
1055 324 1218 377 multa
1243 337 1338 392 per
1365 337 1456 374 ora
1481 319 1623 374 freto
1638 356 1654 382 ,

526 398 817 458 Caeruleos
841 402 1011 455 ventis
1039 397 1220 451 latices
1245 392 1584 456 durantibus,
1623 391 1751 448 Ister

387 490 454 540 30

599 474 899 547 Congelat,
937 474 989 525 &
1019 467 1170 522 tetffis
1193 468 1248 522 in
1275 484 1420 522 mare
1448 466 1607 537 serpit
1634 465 1802 538 aquis,

530 545 763 619 Quaque
788 559 924 600 rates
948 544 1154 604 ierant,
1191 539 1415 610 pedibus
1448 557 1591 593 nunc
1615 539 1749 594 itur:
1791 543 1844 593 &
1872 540 2037 596 undas

608 620 828 690 Frigore
853 628 1132 671 concretas
1155 613 1351 684 ungula
1374 612 1538 683 pulsat
1560 613 1701 685 equi.

528 693 740 764 Perque
768 706 938 744 novos
967 703 1163 761 pontes
1188 686 1366 740 subter
1390 686 1683 740 labentibus
1709 686 1866 741 undis

607 765 829 818 Ducunt
859 761 1133 817 Sarmatici
1163 758 1378 813 barbara
1401 758 1622 830 plaustra
1650 758 1834 814 boves.

389 858 413 904 3
429 861 461 909 5
535 838 647 895 Vix
681 834 933 906 equidem
959 833 1176 888 credar:
1217 831 1307 886 sed
1333 848 1458 885 cum
1486 830 1585 885 sint
1609 832 1841 902 praemia
1864 831 1971 887 falsi

601 910 789 973 Nulla,
828 922 992 961 ratam
1023 904 1163 960 testis
1189 904 1350 959 debet
1379 904 1574 959 habere
1599 904 1781 959 fidem.

530 983 783 1040 Vidimus
806 982 1081 1052 ingentem
1109 978 1275 1049 glacie
1302 976 1583 1032 consistere
1607 991 1868 1048 pontum,

600 1055 939 1126 Lubricaque
967 1055 1214 1107 immotas
1240 1050 1367 1105 testa
1393 1049 1668 1120 premebat
1693 1069 1866 1122 aquas,

526 1131 646 1186 Nec
670 1127 853 1183 vidiss'e
880 1127 952 1181 sat
979 1125 1069 1180 est.
1109 1124 1303 1178 durum
1331 1124 1644 1177 calcavimus
1672 1140 1899 1194 aequor:

381 1222 451 1270 40

290 1415 451 1466 Rigetque
472 1412 579 1451 cruda
601 1412 710 1450 barba
731 1413 853 1450 vincta
877 1410 1042 1461 crystallo.

238 1482 297 1520 Sic
316 1480 439 1570 slczribe.
459 1478 596 1528 vulgati
609 1505 620 1524 ,
633 1477 725 1517 dura
740 1477 866 1527 juncta
885 1475 1052 1526 crystallo.
1080 1474 1213 1514 Noster
1229 1474 1288 1516 su-

240 1546 305 1584 pra
369 1543 425 1581 eg.
451 1542 497 1568 11.

294 1594 432 1632 Vinctus
453 1591 497 1630 ab
518 1590 644 1641 afflduo
654 1591 784 1641 frigore
802 1597 933 1629 Pontus
954 1589 1072 1630 habet.

241 1659 304 1697 ubi
324 1658 418 1703 Ullus
435 1668 534 1696 nunc
553 1657 682 1705 legitur
694 1672 705 1700 3
728 1669 806 1694 non
830 1656 935 1694 male.
963 1664 1002 1693 ut
1024 1655 1069 1692 de
1089 1663 1182 1694 terra
1191 1654 1291 1694 Pon-

240 1712 312 1748 tica
341 1709 572 1758 intellig-atur.
615 1708 812 1746 Petronius
830 1707 1003 1745 Carmine
1030 1705 1075 1744 de
1098 1706 1200 1744 Bello
1230 1707 1291 1744 Ci-

243 1761 330 1799 vili:

295 1823 418 1861 Prima
437 1824 575 1874 quidem
596 1823 743 1872 glacies,
770 1830 914 1863 &cana
934 1821 1056 1860 vincia
1073 1819 1205 1872 pruina

297 1880 378 1911 Non
391 1875 569 1925 pugnavit
590 1876 730 1913 humus.

245 1949 414 1988 Avienus
436 1947 521 1985 Fab.
541 1960 644 1986 xxix.

295 2008 450 2049 Horrida
472 2008 623 2056 congestis
642 2020 718 2044 cum
733 2007 841 2053 staret
860 2007 986 2046 bruma
1000 2009 1160 2058 pruinis}

351 2060 542 2109 Vinc‘laque
555 2059 681 2095 durato
692 2059 872 2106 stringeret
892 2073 985 2095 arva
1003 2061 1091 2108 gelu.

300 2109 415 2160 Haefit
435 2110 473 2148 in
495 2109 643 2157 adversa
663 2109 859 2146 nimborum
881 2110 967 2147 mole
983 2113 1112 2149 viator.

249 2174 311 2214 ubi
338 2185 521 2224 perperam
539 2201 550 2217 ,
569 2174 693 2209 cuncta
714 2185 818 2209 arva.
862 2172 901 2209 δε
933 2173 1167 2212 membrorum
1196 2174 1294 2213 mole.

251 2227 516 2264 circumfertur.
544 2224 701 2262 Rutilius
722 2225 759 2260 in
780 2223 991 2261 itinerario:

306 2291 428 2329 Vincla
445 2291 579 2338 fluenta
598 2290 674 2339 gelu
698 2291 859 2337 consperso
870 2290 937 2338 sole
957 2291 1169 2342 liquescunt,

355 2347 401 2379 Et
419 2343 536 2391 rursus
556 2342 710 2393 liquidae
722 2343 789 2390 sole
806 2341 969 2390 gelantur
994 2357 1118 2394 aquae.

252 2410 401 2449 Hiems.
428 2409 527 2447 Vide
539 2408 681 2447 Heinsii
693 2415 798 2446 notas
817 2407 863 2445 ad
886 2406 1077 2446 Claudiam.
1094 2408 1298 2458 Epigr.vi1.

306 2485 366 2522 25.
394 2474 654 2523 Concrescunt]
706 2473 981 2521 Concrescunt&
999 2473 1207 2523 effitdiuntur
1220 2488 1299 2514 ma·

257 2525 358 2562 xima
390 2537 467 2573 pars
497 2525 684 2563 codicum.
727 2524 948 2572 circumstant
974 2537 1078 2564 unus.
1123 2527 1300 2565 durantur

259 2575 359 2613 alius.
381 2588 458 2613 cum
478 2576 604 2624 restant
629 2577 777 2615 Lovan.

313 2649 372 2682 27.
402 2644 519 2688 Deque
541 2638 618 2675 lacu
629 2638 774 2687 fragiles
795 2638 1006 2686 effodiuntur
1023 2640 1175 2690 aquam]
1226 2641 1301 2679 La-

262 2698 326 2725 cus
355 2689 414 2726 hic
441 2689 625 2727 hodierno
663 2689 722 2727 die
751 2690 980 2728 Polonorum
1009 2690 1139 2739 lingua·
1171 2691 1303 2730 dicitur

265 2737 447 2774 Owt'dowe
469 2741 598 2787 jezioro
621 2756 632 2777 .-
670 2740 772 2789 quod
792 2740 925 2778 Latine
947 2740 1018 2785 cst,
1048 2741 1172 2779 Ovidii
1198 2743 1305 2780 lacus.

267 2788 328 2825 Est
349 2797 470 2826 autem
493 2802 570 2827 non
601 2791 711 2838 longe
736 2790 754 2827 a
780 2791 914 2829 Kiovia
929 2819 939 2836 ,
968 2804 1062 2839 quae
1080 2794 1304 2840 antiquitus,

266 2847 308 2876 ut
329 2847 478 2886 putant,
507 2841 703 2878 vocabatur
735 2841 908 2885 Tomus,
935 2842 1041 2889 ipsius
1064 2843 1193 2881 Ovidii
1216 2844 1308 2881 rele-

270 2891 420 2937 gatione
443 2889 545 2927 clara.
590 2892 704 2940 Cujus
723 2892 774 2929 rei
794 2893 1044 2931 lllustrissimus
1067 2894 1206 2931 Paullus
1229 2896 1308 2932 Uc-

268 2939 398 2977 hanski
429 2939 565 2978 Comes
597 2942 641 2978 de
673 2942 852 2980 Sluezevo
873 2943 1093 2992 Capitaneus
1120 2944 1310 2983 Drohobi-

273 2990 386 3028 cenfis
401 3018 410 3034 ,
427 2990 588 3028 Serenill'.
609 2993 780 3039 Stephani
794 2995 901 3042 Regis
915 2995 1091 3033 Poloniae
1109 2996 1204 3044 apud
1219 2997 1311 3034 Gre-

274 3043 420 3088 gorium
434 3053 522 3077 xm.
551 3042 687 3078 Orator
699 3071 710 3086 ‚
738 3044 918 3092 Georgius
933 3045 1100 3084 Ticinius
1114 3074 1125 3091 ‚
1145 3047 1309 3095 ejusdem

275 3092 387 3140 Regis
407 3092 442 3128 in
465 3091 564 3128 Urbe
587 3103 799 3139 procurator
821 3121 831 3137 ‚
867 3095 903 3131 &
926 3095 1146 3134 Sebastianus
1171 3098 1314 3136 Grabo-

276 3142 435 3180 wieczlti
468 3144 682 3179 Secretarius
707 3145 842 3192 Regius
858 3172 868 3186 ‚
884 3145 1125 3195 ejusdemque
1148 3149 1315 3187 Oratoris

277 3193 404 3242 Major
426 3192 559 3229 domus
574 3221 582 3234 ,
611 3193 742 3241 aliique
768 3195 974 3243 complures
997 3198 1035 3233 &
1055 3198 1314 3238 Polonicarum

278 3256 398 3282 rerum
421 3246 455 3279 ὅ(
476 3244 643 3280 locorum
667 3245 882 3290 gnariffimi,
914 3258 976 3287 me
997 3248 1163 3289 fecerunt
1184 3253 1317 3292 certio-

276 3306 370 3337 rem.
399 3294 568 3335 Cxorm.
595 3294 745 3334 Graciles
766 3295 914 3346 Lovan2
997 3299 1010 3302 “
1153 3300 1162 3302 ‘
1207 3302 1224 3303 ”

603 1200 878 1273 Undaque
906 1217 1015 1255 non
1039 1197 1151 1253 udo
1178 1195 1269 1252 sub
1297 1196 1437 1269 pede
1465 1195 1666 1251 summa
1690 1195 1807 1251 fuit.

2332 1274 2384 1332 Si

1393 1421 1455 1459 29.
1482 1407 1662 1446 Caeruleos
1682 1408 1799 1445 ventis
1817 1406 1942 1445 latices
1973 1407 2185 1450 durantibus
2207 1411 2283 1451 [θεν
2303 1415 2391 1463 Cen-j
2440 1455 2444 1459 ,

1337 1459 1469 1510 ἕψει]
1501 1460 1583 1497 Lib.
1603 1471 1658 1498 w.
1687 1460 1732 1497 de
1755 1460 1877 1497 Ponto
1899 1459 2025 1508 Elegia
2048 1473 2111 1500 111.

1394 1526 1440 1559 Et
1457 1522 1523 1559 coit
1544 1523 1689 1570 astriuis
1709 1523 1878 1561 barbarus
1899 1523 1979 1569 Ister
1998 1526 2112 1575 aquis.

1346 1582 1514 1620 Cios-Au.
1543 1584 1798 1623 Indurantibus
1812 1586 1978 1626 Bernens.
1998 1587 2060 1626 sed
2080 1596 2171 1626 tunc
2192 1586 2330 1625 laticem
2339 1585 2389 1635 lei

1344 1634 1506 1682 gendum
1531 1633 1628 1672 esset.

1401 1696 1460 1734 3⁰·
1488 1686 1594 1722 Tectis
1623 1685 1661 1722 in
1690 1700 1786 1724 mare
1804 1688 1911 1737 serpit
1938 1688 2078 1740 aqui5.]
2132 1689 2267 1727 Strictis
2286 1701 2389 1729 unus.

1350 1736 1585 1774 Richelianus
1617 1749 1682 1785 pro
1706 1739 1843 1777 diversa
1862 1739 2022 1778 ieffione
2037 1769 2047 1784 ‚
2073 1741 2199 1777 tacitis.
2227 1742 2327 1790 quod
2350 1743 2388 1780 &

1348 1786 1591 1825 Bononienfis
1603 1799 1694 1826 unus
1707 1788 1864 1828 adstruit.
1893 1793 2024 1829 monui
2046 1793 2140 1829 Met.
2160 1803 2221 1828 xv.
2241 1791 2295 1834 ybs.
2309 1804 2390 1840 275.

1348 1838 1433 1886 repit
1453 1837 1553 1887 aquis
1574 1847 1760 1887 praeterea
1789 1842 2073 1881 Arondelianus.
2100 1843 2247 1881 Heius.
2300 1843 2390 1881 Totis

1348 1888 1518 1927 Leidens.

1399 1967 1457 2004 32.
1485 1957 1619 2005 Ungula
1633 1959 1750 2008 pulsat
1769 1962 1887 2012 equi.]
1916 1964 2111 2014 Virgilius:

1397 2017 1697 2067 §Quadrupedante
1714 2030 1850 2071 putrem
1862 2024 1982 2071 finita
2012 2026 2128 2076 quatit
2150 2024 2280 2076 ungula
2300 2037 2391 2070 came

1520 2079 1617 2118 pum.

1346 2132 1487 2172 Ennius
1507 2134 1546 2172 in
1568 2147 1624 2174 VI.

1401 2198 1593 2248 Explorant
1611 2202 1811 2249 Numidae,
1839 2213 1952 2242 totam
1963 2205 2079 2255 quatit
2100 2202 2229 2252 ungula
2248 2211 2395 2243 terram.

1349 2263 1396 2301 Et
1417 2264 1454 2302 in
1473 2276 1571 2303 xvxi.

1403 2333 1435 2364 It
1457 2342 1575 2379 eques,
1601 2329 1778 2380 &plausu
1798 2344 1888 2368 cava
1909 2333 2056 2370 concutit
2077 2330 2206 2381 ungula
2229 2339 2372 2368 terram.

1352 2391 1400 2430 Et
1420 2392 1494 2440 ipse
1513 2392 1574 2431 lib.
1594 2404 1621 2429 1.
1649 2393 1694 2431 de
1715 2394 1840 2431 Ponto
1862 2394 1964 2444 Eleg.
1987 2407 2050 2433 111.

1356 2506 1387 2543 C
1404 2456 1546 2503 Btstonii
1566 2456 1693 2495 cineres
1709 2456 1840 2506 ungula
1855 2458 1966 2508 pulset
1985 2458 2076 2509 equi.

1390 2518 1526 2545 onAN.

1409 2581 1469 2618 33.
1497 2577 1626 2620 Perque
1667 2585 1773 2610 novos
1806 2582 1924 2622 pontes
1949 2571 2265 2621 subterlabentibus
2298 2569 2397 2607 undis

1356 2626 1503 2657 Ducunt
1523 2622 1711 2659 Sarmatici
1732 2623 1885 2661 barbara
1901 2623 2056 2673 plaustra
2074 2624 2210 2674 boves.]
2244 2621 2326 2660 Lib.
2346 2632 2398 2659 lv.

1359 2672 1406 2710 de
1424 2672 1546 2709 Ponto
1567 2673 1693 2722 Elegia
1712 2686 1784 2713 vit.

1415 2737 1484 2786 Ipse
1503 2735 1600 2773 vides
1619 2737 1732 2785 rigida
1749 2739 1857 2787 glacie
1877 2739 2075 2787 concrescere
2097 2744 2247 2776 Pontum
2259 2754 2272 2776 .-

1468 2789 1536 2836 lpse
1554 2788 1650 2824 vides
1673 2789 1780 2836 rigido
1805 2790 1933 2835 stantia
1954 2792 2041 2826 vina
2055 2789 2142 2837 gelu.

1418 2840 1485 2888 Ipse
1503 2838 1599 2875 vides
1618 2851 1761 2876 onerata
1774 2843 1877 2887 ferox
1898 2850 1937 2877 ut
1955 2840 2060 2876 ducat
2077 2840 2188 2884 Jaxis

1468 2895 1533 2927 Per
1549 2890 1679 2926 medias
1701 2891 1775 2938 Istri
1788 2890 1942 2940 plaustra
1964 2890 2127 2928 bubulcus
2146 2904 2268 2942 aquas.

1365 2956 1479 2995 Paulo
1497 2955 1599 3004 supra
1617 2957 1654 2993 in
1672 2956 1741 2992 hac
1760 2955 1831 3004 ipsa
1854 2955 2000 3004 Elegia:

1419 3016 1595 3064 Nudaque
1613 3014 1791 3064 consistunt
1803 3018 1961 3063 formam
1974 3017 2161 3064 servantia
2184 3018 2284 3064 testae

1471 3067 1558 3103 Vina
1573 3095 1583 3111 ‚
1609 3080 1666 3103 nec
1685 3067 1808 3113 hausta
1829 3069 1937 3112 meri,
1956 3067 2020 3115 sed
2039 3068 2127 3103 data
2137 3070 2253 3113 srusla
2274 3068 2406 3108 bibunt·

1368 3132 1536 3170 Cios-AN.
1563 3132 1688 3170 Subtus
1707 3134 1899 3172 labentibus
1918 3136 2060 3173 Zuli'ch.
2090 3138 2233 3176 Herm.
2273 3140 2406 3184 subter-2

1370 3197 1433 3233 quc
1450 3183 1638 3220 latentibus
1670 3186 1949 3234 Lovan.fiabter
1969 3187 2194 3227 latitantibus
2216 3192 2321 3229 Leid.

1426 3247 1484 3296 38.
1515 3248 1662 3285 Lubrica
1685 3249 1807 3299 testas]
1838 3250 1948 3300 Lapis
1967 3253 2127 3299 coc‘iilis,
2155 3257 2216 3305 qui
2240 3258 2340 3294 facile
2358 3255 2410 3294 12⁴·

1373 3299 1523 3339 bebatur
1541 3310 1606 3350 per
1625 3311 1725 3353 mare
1744 3311 1974 3355 concretum,
2002 3305 2094 3343 Sunt
2113 3309 2176 3356 qui
2196 3305 2412 3394 legantbnitza-²

2481 1762 2484 1780 ,

2481 1788 2485 1844 l
