2495 3675
420 178 1364 244 FASTORUM
1476 184 1668 242 LIB.

1744 188 1846 248 ΙΙΙ.

2147 207 2247 245 201

385 300 549 358 Hanc
577 301 710 373 petit
735 299 963 373 hospitio
989 299 1155 366 Regis
1182 296 1378 351 confisa
1403 299 1628 354 vetusto,

241 395 342 446 570

451 375 667 446 Hospes
693 391 857 444 opum
882 371 1030 423 dives
1054 368 1180 422 Rex
1203 368 1275 422 ibi
1303 369 1489 425 Battus
1521 385 1648 426 erat.

391 448 503 521 Qui
528 447 803 519 postquam
828 441 1018 496 didicit
1052 441 1195 494 casus
1220 443 1500 516 utriusque
1529 445 1754 507 sororis;

453 520 639 582 Haec,
673 515 872 587 inquit,
914 513 1065 567 tellus
1090 517 1576 589 quantulacumque
1605 533 1690 572 tua
1715 517 1804 573 est.

379 593 452 648 Et
477 607 654 648 tamen
679 587 892 657 hospitii
914 586 1156 640 servasset
1183 587 1248 641 ad
1275 589 1458 642 ultima
1481 608 1700 654 munus,

453 664 558 720 Sed
584 660 761 715 timuit
788 676 1003 731 magnas
1030 659 1388 731 Pygmalionis
1418 678 1563 733 opes,

234 760 332 811 575
372 742 527 811 Signa
551 732 883 788 recensuerat
910 732 987 785 bis
1014 733 1104 786 Sol
1129 733 1239 786 sua:
1281 734 1465 788 tertius
1494 735 1601 790 ibat

448 812 669 866 Annus;
702 806 757 859 &
782 805 1041 860 exsulibus
1069 820 1207 860 terra
1234 808 1466 877 petenda
1492 827 1628 863 nova
1656 809 1744 863 est.

365 885 550 939 Frater
572 879 744 942 adest,
783 879 1032 951 belloque
1060 879 1208 949 petit,
1249 879 1374 933 Rex
1400 899 1541 935 arma
1570 884 1812 954 perosuS,

438 957 553 1010 Nos
578 953 752 1007 sumus
778 952 1042 1015 imbelle3‚
1083 966 1140 1006 tu
1167 952 1293 1023 fuge
1332 953 1530 1024 sospeS‚
1569 957 1656 1008 ait.

363 1027 503 1102 Juss'a
526 1025 699 1097 fugit3-
736 1039 1008 1096 ventoque
1036 1039 1204 1078 ratem
1235 1027 1527 1081 committit
1556 1028 1609 1082 ὃς
1636 1027 1807 1081 undis.

225 1103 328 1173 580

79 1303 207 1354 accipit
232 1301 278 1342 de
299 1301 467 1352 prospera
488 1301 726 1350 navigatione
754 1327 765 1345 ,
803 1294 907 1349 quod
940 1300 1042 1339 aliter
1067 1297 1122 1338 cli-

78 1363 173 1395 cunt.
209 1364 353 1404 utroque
379 1353 460 1402 pede
487 1354 657 1401 navigare
677 1380 688 1396 ,
716 1350 946 1397 ἀμφοτέροισι
968 1351 1122 1388 nesam.

74 1406 158 1445 vide
188 1403 291 1444 Voff.
329 1404 374 1442 ad
415 1403 622 1441 Catu11.1v.
653 1402 797 1440 Salmas.
831 1402 990 1439 Exercit.
1030 1401 1121 1439 Plin.

74 1456 195 1496 Tom.
215 1470 245 1495 1.
271 1466 352 1504 pag.
381 1466 461 1492 112.
489 1454 790 1492 Gronov.Diatr.
814 1452 904 1507 Stat.
930 1463 1007 1499 cap.
1030 1463 1120 1489 v111.

71 1506 136 1547 nisi
156 1519 245 1546 vero
266 1507 340 1544 hoc
361 1504 582 1549 fit‚mallem
603 1504 722 1552 legere
737 1530 746 1545 ‚
769 1501 965 1551 perlabitur
983 1514 1121 1553 aequor.

72 1558 134 1598 sed
153 1560 264 1598 tutius
286 1557 336 1594 nil
357 1564 510 1594 mutare.
539 1554 586 1592 fic
607 1567 658 1591 ιν.
682 1565 726 1592 ex
751 1553 859 1590 Pont.
878 1564 914 1591 v,
936 1564 970 1602 3.

122 1615 239 1657 Longa
258 1610 320 1646 via
332 1607 396 1654 est,
424 1619 482 1644 nec
503 1618 564 1643 vos
582 1603 722 1651 pedibus
738 1603 919 1653 proceditis
936 1603 1067 1654 aequis.

72 1659 135 1698 ubi
161 1667 284 1698 tamen
301 1658 346 1696 de
367 1658 498 1695 itinere
518 1655 680 1700 difficili,
707 1667 783 1692 non
816 1654 889 1692 sola
911 1657 1118 1704 navigatio-

71 1721 123 1748 ne
143 1711 302 1759 capstur,
330 1707 432 1758 quod
464 1706 626 1755 Elegiaci
658 1705 775 1743 versus
804 1704 1048 1744 claudicantes
1067 1706 1116 1745 al-

69 1762 180 1799 ternis
199 1760 348 1810 pedibus
368 1759 486 1797 facere
518 1757 664 1794 debent.
692 1765 732 1794 ut
754 1764 880 1794 contra
900 1756 1016 1808 iniqui
1031 1759 1115 1808 pas-

60 1812 124 1859 fiss
143 1811 223 1849 sunt
243 1810 427 1849 tardiores,
453 1807 527 1847 vid.
547 1808 591 1846 ad
602 1808 683 1845 Val.
696 1807 957 1854 Flac.111.486.
980 1807 1112 1848 Buram.

123 1863 205 1910 567.
232 1860 366 1900 Fertilis
406 1860 449 1907 est
491 1859 613 1897 Melite
633 1857 743 1907 sterili
772 1858 893 1896 vicina
926 1859 1111 1911 Cosyrae]

69 1911 228 1962 Scaliger
244 1912 386 1961 legebat
399 1939 410 1954 ‚

121 1963 261 2001 Fertilis
281 1963 324 2010 est
346 1960 490 2000 Melitae
501 1960 610 2010 sterili
632 1960 752 1999 vicina
770 1960 899 2010 Cosura
911 1988 922 2006 ,

175 2013 308 2060 Insula.

69 2064 241 2114 Sequitur
270 2065 371 2102 enim
392 2091 402 2109 ‚

69 2115 110 2153 ti.
149 2114 326 2152 Cosuram
361 2126 510 2163 nempe.
548 2115 607 2152 De
639 2114 776 2152 Cosura
809 2123 933 2152 autem
964 2116 1115 2164 Stepha-

21 2161 23 2166 ⁴
67 2177 157 2210 nus,
186 2166 259 2203 Καὶ
278 2165 411 2211 Λιβύης
431 2167 527 2207 νῆσος
546 2167 697 2210 Κόσυρα.
751 2165 964 2213 Quomodo
985 2176 1111 2205 autem

68 2216 222 2255 Melitae
252 2216 398 2259 vicina:
428 2228 538 2265 quam
573 2217 646 2264 ipse
670 2216 874 2264 Stephanus
903 2217 996 2254 inter
1023 2218 1112 2266 Epi·

69 2277 153 2305 rum
175 2268 212 2304 ὃ(
234 2266 372 2304 Italiam
392 2267 523 2316 ponit?
554 2267 645 2306 Earn
662 2295 672 2312 ‚
700 2278 860 2316 nempe,
888 2267 955 2303 ὅθεν
977 2268 1026 2303 *tic
1050 2281 1112 2303 κυ-

69 2316 163 2354 νίδικ
183 2320 367 2354 Μελιταῖα
387 2318 508 2364 φασίν.
545 2318 663 2368 Atqui
682 2317 783 2356 idern
813 2319 1014 2368 Stephanus
1038 2323 1113 2354 Με-

71 2368 201 2412 λὶτην,
228 2370 334 2405 πόλιν
356 2370 601 2416 Καρχηδονίων
630 2369 774 2405 ἄποικον
797 2397 807 2413 ,
845 2371 964 2406 novit.
1003 2370 1108 2407 DAN.

71 2418 220 2455 Hzms.
254 2418 403 2466 Duplici
430 2432 474 2457 σο-
494 2420 649 2457 scribunt
671 2420 815 2456 Graeci.
852 2420 1111 2458 Ptolemaeus:

71 2471 261 2513 ,Πελάγιαι
284 2468 324 2503 δέ
344 2469 433 2507 νῆσοι
459 2468 524 2505 εἱσι
557 2469 621 2510 τῆς
647 2469 816 2513 Ἀφρικῆς
839 2468 925 2505 diss·
950 2473 1113 2514 Κόσσυροι

72 2518 195 2562 νῆσος,
235 2519 296 2554 καὶ
317 2519 434 2560 πόλις·
470 2519 617 2557 Μελίτη
638 2519 758 2572 Ινῆσος,
789 2517 824 2551 ἐν
846 2516 1026 2562 {Memfi-n
1049 2521 1112 2555 25-

70 2575 155 2612 λις,
184 2570 246 2605 uxi
271 2569 517 2613 Χερσόνησος,
547 2570 609 2605 καὶ
631 2566 747 2610 »Ηρκς
777 2567 865 2611 ἱερὸν
886 2595 895 2610 ,
924 2570 985 2603 κκῖ
1005 2567 1111 2612 Ἡραι-

70 2621 201 2661 κλέους
220 2620 316 2664 ἱερόν.
346 2620 520 2657 Nsmot.
569 2617 709 2655 Melitae
728 2617 848 2654 vicina
871 2619 991 2668 Cosyre
1012 2618 1112 2656 Ursi-

69 2673 109 2710 ni
127 2671 258 2708 codex.
287 2671 483 2720 quomodo
516 2671 553 2707 &
575 2668 730 2715 Scaliger
758 2669 965 2717 conjecerat
979 2670 1112 2718 legen-

68 2721 157 2760 dum
171 2721 238 2765 ,de
254 2721 408 2758 Emend.
422 2721 605 2769 Tempor.
625 2730 704 2768 pag.
721 2723 803 2768 53⁶.
831 2719 900 2757 Sed
921 2720 971 2757 nil
991 2729 1113 2758 muto.

69 2773 210 2817 K6ovpez
228 2772 325 2809 enim
350 2775 387 2809 ὅ(
408 2772 570 2814 Κόσσυρει
592 2770 738 2807 Graecis
762 2770 832 2813 est,
861 2782 938 2807 non
964 2772 1112 2815 Ko'evpn.

69 2834 165 2870 quae
186 2823 304 2860 vicina
337 2822 385 2860 est
415 2822 588 2865 Melitae,
615 2833 692 2858 non
722 2822 955 2869 Epiroticae,
981 2821 1040 2859 sed
1062 2822 1112 2859 al-

69 2874 138 2912 teri
157 2874 194 2911 in
219 2874 313 2910 freto
350 2872 493 2921 Libyco
526 2872 636 2915 sitae,
662 2880 702 2908 ut
733 2884 776 2908 ex
797 2872 936 2915 Plinio,
966 2872 1110 2910 Strabo-

70 2935 143 2968 ne,
170 2923 246 2962 aliis
267 2923 497 2960 manifestum
523 2922 582 2960 est.
610 2921 720 2971 idque
744 2922 835 2959 vidit
855 2924 946 2960 curis
963 2922 1008 2960 ad
1019 2923 1110 2960 Gra-

71 2973 166 3012 tium
185 2974 347 3012 secundis
374 2974 493 3012 noster
515 2973 661 3011 Vlitius.
690 2981 851 3020 praetera
882 2973 1108 3022 asperrimam

70 3033 182 3063 vocat
201 3027 366 3072 Cosyram
400 3024 537 3062 Seneca
571 3023 837 3060 Consolatione
865 3024 909 3061 ad
933 3025 1106 3061 Helviam

70 3085 150 3124 cap.
170 3077 204 3112 6.
232 3074 427 3123 quomodo
447 3074 598 3122 sterilem
621 3074 752 3111 Noster
771 3099 781 3116 ,
825 3081 864 3110 ut
885 3074 1016 3120 fertilis
1037 3075 1109 3112 dici

69 3135 150 3163 non
168 3125 284 3172 posfit.
314 3132 418 3163 Nunc
436 3123 547 3174 transt
567 3123 610 3160 ab
630 3124 671 3161 iis
687 3152 696 3167 ‚
724 3137 875 3171 quarum
892 3138 1036 3162 amoena
1054 3134 1111 3173 po-

64 3172 145 3223 sitio
175 3185 218 3214 ev·
244 3178 472 3225 opportunitas
501 3175 642 3223 regionis
667 3174 781 3224 plures
817 3174 950 3213 allicit:
981 3176 1110 3223 deserta

71 3224 145 3261 loca
164 3234 206 3263 ω’
232 3226 428 3273 asperrimas
459 3227 591 3276 insulas
615 3253 623 3268 ,
655 3225 832 3262 Sciathum
848 3235 890 3264 ey*
910 3226 1107 3274 Seriphum,

71 3279 231 3322 Gyarum
252 3287 292 3312 ω’
321 3277 485 3324 Cosuram
514 3287 597 3325 pete.
635 3277 781 3314 Hsms.
810 3282 965 3324 Cyrenas
993 3289 1108 3320 unus,

73 3324 177 3376 quod
198 3324 354 3362 librarius
375 3326 580 3375 supposuit,
608 3328 694 3378 quia
717 3327 863 3366 Battum
885 3338 1010 3377 regem
1033 3327 1111 3377 Cy·-

253 3379 349 3415 Tam.
376 3382 442 3416 111.

441 2077 548 2113 quam
586 2063 702 2112 Libyci
727 2062 888 2101 verberat
923 2064 1020 2101 unda
1038 2067 1115 2113 fre-

438 1100 693 1173 Asperior
719 1115 908 1171 quovis
934 1115 1170 1172 aequore
1194 1097 1355 1154 frater
1379 1113 1506 1154 erat.

2133 1180 2226 1237 Est

1177 1302 1363 1339 renaicum
1387 1308 1554 1339 noverat.
1576 1301 1721 1350 vulgata
1748 1315 1838 1342 vero
1866 1302 1980 1342 lestio
2004 1303 2090 1343 ideo
2124 1317 2229 1354 prae⁶

1177 1352 1326 1389 ferenda
1342 1380 1351 1396 ‚
1380 1353 1464 1400 quia
1486 1352 1696 1390 Melitenses
1720 1363 1821 1393 erant
1841 1355 1967 1393 coloni
1990 1355 2197 1405 Tyriorum
2213 1384 2225 1400 2

1177 1402 1276 1439 unde
1299 1403 1443 1450 hospitii
1467 1402 1598 1440 foedus
1628 1412 1703 1440 erat
1732 1405 1826 1442 inter
1850 1406 2163 1455 Carthaginienses
2183 1408 2224 1446 &

1177 1452 1389 1490 Melitenses
1406 1481 1415 1497 ‚
1443 1465 1519 1501 quo
1541 1453 1674 1492 confisa
1688 1455 1860 1494 Annaeo
1885 1459 2076 1506 confugit,
2105 1465 2145 1495 ut
2165 1469 2225 1495 re-

1175 1503 1233 1540 c‘te
1255 1503 1389 1540 Petitus
1411 1503 1579 1541 observat
1605 1507 1649 1542 ad
1676 1506 1796 1555 Leges
1817 1507 1970 1545 Atticas.
1988 1519 2069 1556 pag.
2092 1520 2148 1555 51.
2177 1509 2226 1546 Et

1175 1553 1674 1602 Bochart.Geograph.Sacr.
1696 1557 1755 1594 lib.
1777 1570 1804 1594 1.
1827 1569 1904 1606 cap.
1926 1560 1984 1594 26.
2012 1570 2151 1595 nomen
2174 1570 2222 1597 ex

1175 1604 1364 1642 Hebraico
1398 1605 1567 1643 sermone
1605 1606 1789 1645 deducens
1811 1635 1822 1652 ‚
1877 1617 2007 1647 notare
2030 1609 2225 1659 perfugium

1176 1654 1303 1695 docet.
1332 1655 1464 1693 anm.

1228 1718 1313 1755 570.
1341 1713 1412 1744 Rex
1434 1706 1482 1743 ibi
1501 1713 1626 1744 Battus
1647 1707 1764 1757 erat.]
1813 1710 1891 1747 Hic
1912 1710 1971 1748 ille
1985 1738 1995 1754 ‚
2026 1711 2144 1759 inquit
2163 1711 2220 1749 Si-

1173 1756 1240 1794 lius
1255 1786 1264 1800 ,
1292 1758 1355 1806 qui
1377 1758 1564 1806 Cyrenem
1593 1759 1778 1803 condidit;
1809 1761 1888 1797 imo
1909 1762 1946 1797 in
1968 1759 2009 1798 ea
2030 1762 2118 1798 urbe
2136 1761 2220 1799 scri-

1169 1806 1330 1845 bitidem
1342 1808 1490 1846 Annam
1505 1807 1524 1845 a
1537 1808 1642 1846 Batto
1655 1819 1839 1859 receptam
1856 1824 1863 1848 :
1886 1811 1945 1848 sed
1955 1811 2047 1848 haec
2059 1819 2224 1859 pugnant

1171 1870 1255 1896 cum
1279 1857 1626 1908 exacstatemporum
1648 1861 1801 1898 ratione.
1848 1861 2033 1910 Carthago
2056 1861 2075 1898 a
2099 1861 2229 1900 Dido-

1169 1921 1217 1946 ne
1240 1910 1389 1947 condita
1407 1922 1506 1948 anno
1520 1910 1660 1959 perio-di
1681 1911 1845 1957 Julianae
1869 1924 2224 1951 ntmmncccxxvnr.

1169 1960 1294 1998 Battus
1318 1961 1507 2010 Cyrenen}
1538 1961 1705 1999 condidit
1738 1975 2021 2001 mmmmtxxxiv.
2050 1963 2221 2002 nondum

1169 2022 1257 2060 ergo
1289 2012 1349 2049 hic
1370 2021 1474 2049 natus
1499 2039 1508 2056 ‚
1538 2023 1623 2049 cum
1648 2011 1807 2051 Didonis
1828 2025 1928 2052 mors
1947 2015 1984 2052 δε
2006 2013 2140 2053 Annae
2162 2015 2224 2062 fus

1169 2073 1213 2111 ga
1241 2061 1262 2099 a
1286 2063 1517 2111 Carthagine.
1547 2063 1669 2100 ΝΕΑΡ.
1756 2071 1760 2074 ’

1224 2125 1310 2161 573.
1339 2117 1385 2149 Et
1405 2123 1526 2150 tamen
1546 2112 1719 2163 hospitia]
1749 2118 1794 2152 Et
1806 2123 1924 2154 tamen
1934 2125 2117 2154 aeternum
2135 2115 2221 2166 qui-

1169 2163 1268 2202 dam.
1289 2165 1384 2201 forte
1398 2192 1408 2208 ‚

1219 2221 1273 2251 Ne
1295 2225 1413 2251 tamen
1434 2214 1569 2264 hospitii
1581 2216 1740 2264 servaret
1767 2217 1816 2253 ad
1833 2217 1961 2254 ultima
1979 2230 2131 2263 munus,

1268 2267 1446 2303 Extimuit
1468 2280 1613 2315 magnas
1632 2267 1863 2316 Pygmalionis
1883 2278 1964 2316 opes.

1167 2316 1314 2354 HEINS.
1340 2317 1410 2354 Pro
1430 2330 1579 2361 munus,
1602 2319 1720 2362 foedus
1740 2330 1833 2356 unus
1855 2319 1998 2362 codex;
2019 2331 2095 2357 non
2107 2318 2217 2357 maless

1220 2380 1302 2415 574.
1333 2368 1565 2416 Pygmalionis
1585 2368 1693 2417 opes.]
1727 2370 1800 2405 Hic
1815 2371 1944 2406 Annae
1959 2371 1996 2407 ὅ(
2019 2370 2132 2407 Elis-ae
2144 2371 2214 2406 fra·

1167 2427 1245 2463 ter,
1274 2419 1365 2455 filius
1385 2419 1564 2466 Pygmalii
1578 2446 1587 2461 ,
1617 2418 1641 2454 fi
1664 2419 1846 2455 credimus
1862 2420 2071 2456 Menandro
2087 2420 2214 2466 Ephe-

1167 2468 1243 2512 ΗΟ,
1271 2470 1334 2515 qui
1355 2468 1562 2514 conscripsit
1587 2467 1773 2505 historiam
1803 2471 1883 2511 περὶ
1910 2471 1975 2510 τῆς
1999 2469 2126 2511 Τυρίων
2146 2473 2214 2504 Bx-

1172 2518 1323 2559 σιλείεις.
1357 2517 1520 2565 plerique
1551 2517 1682 2554 volunt
1712 2518 1788 2555 Beli
1821 2520 1927 2566 Regis
1948 2518 2060 2555 etiam
2080 2520 2211 2567 Tyrii;

1170 2566 1230 2604 sed
1249 2569 1309 2604 liic
1327 2578 1404 2604 non
1423 2575 1636 2604 numeratur
1659 2569 1696 2604 in
1726 2566 1768 2604 ea
1797 2567 1982 2616 Dynastia.
2012 2568 2107 2606 Vide
2126 2570 2214 2606 Me-

1167 2617 1296 2654 nandri
1327 2618 1574 2665 fragmentum
1599 2617 1694 2666 apud
1723 2618 1978 2668 Theophilum
2012 2619 2056 2658 ad
2086 2620 2212 2658 Auto-

1168 2668 1281 2705 licum
1301 2668 1358 2705 lib.
1379 2680 1441 2705 111.
1470 2668 1598 2705 Nam.

1221 2729 1307 2766 575.
1336 2719 1440 2766 Signa
1461 2718 1686 2769 recensebat.]
1718 2720 1935 2766 Recensicerat
1949 2721 2130 2761 meliores.
2143 2734 2211 2771 pro

1168 2769 1270 2806 exilio
1298 2768 1462 2817 sequenti
1494 2770 1596 2808 versu
1633 2770 1787 2807 exulibus
1810 2772 1947 2809 Sarrav.
1970 2774 2008 2810 &
2038 2781 2109 2811 tres
2139 2774 2213 2811 alii.

1167 2831 1234 2867 pro
1257 2819 1418 2867 paranda
1439 2821 1537 2857 Maz.
1562 2820 1664 2859 Voss.
1687 2822 1831 2859 Arond.
1862 2824 1901 2860 &
1930 2825 2096 2872 quinque
2125 2824 2183 2861 alii
2199 2852 2210 2868 ‚

1166 2870 1268 2906 exilio
1287 2870 1448 2918 petenda.
1467 2871 1609 2908 Zulich.
1629 2872 1785 2908 exulibus
1803 2873 1965 2921 petenda.
1987 2873 2092 2912 bene.
2114 2875 2210 2912 refer

1167 2932 1244 2957 non
1265 2920 1381 2957 solum
1405 2921 1451 2958 ad
1481 2921 1630 2958 Annam
1647 2949 1656 2965 ‚
1684 2922 1743 2960 sed
1771 2923 1846 2972 ejus
1872 2935 2024 2973 quoque
2053 2925 2213 2962 comita-

1165 2979 1259 3008 tum.
1286 2970 1387 3018 supra
1406 2971 1565 3015 dixerat,
1595 2975 1710 3008 Nacta
1737 2984 1850 3010 ratem
1880 2975 2080 3024 comitesque
2092 2976 2213 3023 fugae.

1167 3021 1310 3059 Hmus.
1337 3022 1487 3058 Auxilio
1506 3023 1767 3071 terraparanda
1787 3037 1874 3061 novo
1895 3026 2103 3063 Maz.alter.

1221 3082 1301 3121 575.
1331 3072 1465 3110 Tertius
1481 3071 1555 3110 ibat
1577 3073 1747 3124 Annus]
1786 3075 1903 3113 Paene
1930 3077 2071 3113 circiter
2091 3086 2207 3113 annos

1166 3130 1236 3160 tres
1257 3121 1354 3172 apud
1367 3121 1512 3162 Battum
1530 3125 1636 3162 Anna
1647 3125 1842 3163 diverterat
1858 3154 1868 3170 ‚
1880 3138 1964 3163 curn
1981 3155 1990 3171 ,
2002 3126 2127 3163 audito
2140 3127 2210 3162 fra-

1166 3174 1225 3210 tris
1237 3173 1397 3212 adventu
1411 3201 1421 3218 ,
1439 3173 1512 3212 alio
1537 3186 1658 3223 parare
1676 3176 1799 3224 fugam
1821 3177 1971 3221 coaeta3
2001 3177 2110 3224 idque
2123 3176 2207 3212 Bat-

1166 3224 1191 3261 ti
1215 3224 1313 3262 suasu
1334 3252 1345 3269 ,
1382 3225 1446 3273 qui
1476 3226 1609 3262 viribus
1638 3226 1754 3274 impar
1789 3227 1942 3265 divitem
1976 3225 2203 3275 Pigmaliona

1165 3286 1242 3312 non
1260 3286 1388 3323 parum
1410 3275 1574 3312 timebat.
1601 3277 1724 3314 Nsap.

1217 3336 1300 3374 577.
1325 3324 1483 3414 Βέὶῖἔᾳιιε
1495 3326 1622 3377 petit.]
1676 3326 1834 3377 Bellaque
1853 3327 1955 3374 ferox
1981 3325 2205 3410 Μειῑαὲᾖᾶεε-
