2495 3675
708 197 770 255 P.
845 187 1260 255 OVIDII

1332 177 1863 242 NASONIS

498 312 744 388 Tempus
769 316 900 378 erit,
936 328 1061 368 cum
1085 323 1210 370 VOS,
1247 303 1543 374 orbemque
1569 296 1808 354 tuebitur
1833 298 2023 356 idem:

356 405 458 458 530

569 388 641 443 Et
664 389 795 444 fient
818 388 930 460 ipso
959 386 1099 439 sacra
1124 379 1339 434 colente
1363 375 1518 429 Deo:

499 460 571 517 Et
594 479 757 533 penes
783 456 1048 530 Augustos
1076 452 1274 526 patriae
1299 447 1467 502 tutela
1492 443 1742 517 manebit.

577 534 738 588 Hanc
764 532 838 588 fas
865 527 1075 600 imperii
1101 526 1251 580 frena
1278 536 1462 600 tenere
1489 516 1731 570 domum.

503 606 633 661 Inde
655 623 821 677 nepos
847 616 1105 671 natusque
1132 599 1236 653 Dei
1264 597 1420 667 (licet
1446 590 1554 662 ipse
1581 588 1834 659 recuset)-

586 681 831 732 Pondera
856 673 1073 729 coelesti
1098 685 1277 726 mente
1303 679 1518 739 paterna
1542 661 1696 717 feret.

362 774 392 825 5
401 772 462 822 35
502 751 685 823 thue
713 767 817 821 ego
843 746 1116 821 perpetuis
1145 744 1272 798 olim
1302 738 1542 795 sacrabor
1568 735 1779 816 infir-18,

585 824 671 877 Sic
699 823 934 893 Augusta
961 836 1162 873 novum
1183 816 1321 887 Julia
1344 827 1545 891 num-en·
1573 821 1688 862 erit.

507 895 730 952 Talibus
747 909 804 949 ut
820 893 1028 950 nostros
1054 889 1206 945 dietis
1233 883 1509 943 descendit
1534 898 1587 935 m
1604 897 1767 934 annos
1785 910 1803 945 5

584 968 821 1024 Substitit
845 969 901 1024 in
925 964 1133 1022 medios
1159 960 1389 1036 praescia
1412 957 1589 1029 lingua
1614 953 1788 1009 sonos,

247 1184 338 1224 otest
359 1185 469 1224 etiam
494 1183 602 1234 effiret
629 1183 714 1233 legi.
739 1183 815 1223 vid.
836 1196 926 1223 xm.
953 1183 1144 1232 Met.345.
1173 1180 1268 1219 &ad

263 1237 308 1275 al.
325 1236 419 1274 Flac.
437 1248 507 1273 vn.
532 1236 589 1282 46.
619 1234 747 1273 ssunm.

276 1287 360 1336 528.
386 1286 545 1337 Excipe.]
576 1286 701 1335 Accipe
718 1285 955 1335 multiscripti
973 1286 1010 1323 &
1034 1284 1136 1322 editi.
1163 1282 1272 1332 accipe

224 1338 312 1387 veste
332 1338 512 1387 Excerpta
534 1337 663 1375 Voffii.

277 1401 363 1438 529.
389 1395 481 1425 Cum
501 1403 561 1425 vos
580 1388 760 1437 orbemque
778 1387 932 1425 tuebitur
952 1386 1088 1436 idem]
1126 1383 1274 1422 Praedi-

225 1441 274 1478 cit
295 1441 492 1487 imperium
514 1443 550 1477 ὅ(
575 1440 837 1477 Pontificatum
858 1440 1064 1477 maximum
1077 1437 1164 1485 Julii
1178 1435 1274 1473 Cae-

222 1491 304 1530 saris
348 1491 470 1527 NEAp.
491 1493 570 1539 {Quo
591 1504 651 1527 vos
674 1491 802 1540 poster.
828 1490 913 1528 Ald.

278 1553 363 1590 530.
392 1541 532 1578 colente
562 1541 670 1590 Dea]
729 1542 776 1579 Et
809 1542 877 1579 hac
910 1540 1043 1580 vocula
1074 1539 1270 1577 ἀποξέωσιν.

225 1593 351 1632 Neai).
380 1591 535 1628 Colenda
555 1592 630 1629 duo
651 1592 742 1629 libri.

278 1655 361 1693 531.
391 1647 435 1679 Et
457 1652 557 1693 penes
579 1642 760 1691 Augustos.
806 1643 895 1680 Non
918 1641 1014 1680 male
1033 1642 1145 1679 etiarn
1174 1641 1274 1690 lege-

226 1694 295 1739 ris,
324 1694 419 1731 Ciaem
442 1704 566 1743 penes,
603 1694 696 1732 utin
717 1705 819 1732 ineo.
848 1694 1026 1731 Nmpor.
1046 1693 1093 1731 Et
1110 1694 1159 1730 ita
1181 1703 1273 1730 unus

232 1744 490 1783 Bononiensis.

279 1806 366 1845 531.
397 1795 518 1832 Tutela
540 1795 731 1846 manebit.]
779 1795 941 1833 Manebis
962 1807 1054 1834 unus
1079 1794 1276 1834 Mediceus

228 1847 366 1896 probae
387 1856 510 1885 notae.
541 1847 701 1885 venuste.
731 1848 874 1885 Herus.

285 1909 369 1947 532.
400 1897 539 1947 Frena]
594 1899 693 1944 Jura
723 1911 815 1936 unus
846 1899 1018 1937 Vatican.

285 1960 370 1998 533.
399 1948 482 1985 Inde
513 1958 606 1998 nepos
629 1977 638 1993 ‚
676 1960 848 2000 natusque
881 1949 984 1998 Dei]
1040 1949 1082 1986 In
1115 1947 1274 1992 eodem,

232 2000 323 2037 'Inde
344 1999 512 2050 satusque
539 2011 698 2050 neposque
731 2004 807 2038 Dei.
852 2000 989 2049 Capito
1021 2000 1274 2038 Octavianum

234 2051 274 2089 &
295 2050 491 2088 Tiberium
509 2064 517 2088 :
545 2052 590 2088 de
603 2063 678 2101 quo
698 2052 822 2096 addit,
851 2051 929 2096 licet
950 2052 1013 2100 ipse
1030 2053 1167 2094 recuset.
1194 2051 1277 2088 No-

229 2102 323 2140 tavit
344 2103 380 2139 &
403 2101 440 2140 id
461 2102 537 2140 Dio
560 2103 619 2139 lib.
642 2115 738 2140 Lvir.
776 2103 837 2140 sub
859 2103 1007 2141 initium
1033 2131 1044 2148 ‚
1084 2103 1121 2140 &
1146 2102 1278 2139 Sueto-

229 2153 314 2190 nius
335 2153 372 2189 in
392 2153 527 2190 eodem
548 2154 726 2202 Principe.
755 2154 930 2192 Nmor.
969 2155 1058 2192 Non
1081 2153 1198 2202 agitur
1232 2152 1278 2191 de

233 2202 400 2247 duobus,
423 2216 493 2241 nec
510 2204 738 2253 intelligendi
761 2205 1014 2249 Octavianus,
1042 2205 1101 2242 vel
1124 2205 1280 2242 Germa—

226 2255 333 2292 nicus
366 2255 403 2291 &
435 2254 606 2293 Tiberius
637 2283 648 2300 ,
697 2265 737 2293 ut
772 2256 901 2293 volunt
933 2256 1147 2303 interpretes
1172 2283 1182 2299 ‚
1218 2254 1280 2292 sed

233 2304 334 2342 solus
353 2305 526 2343 Tiberius
549 2333 559 2350 ,
595 2307 658 2355 qui
689 2304 784 2343 filius
806 2306 958 2355 Augusti
975 2334 986 2350 ‚
1017 2306 1055 2343 ἃ
1078 2306 1167 2343 Divi
1194 2305 1281 2352 Julii

233 2354 396 2393 Caesaris
418 2357 556 2405 Nepos.
585 2366 625 2394 ut
643 2358 678 2394 in
701 2358 864 2395 nummis
884 2357 1009 2405 paffim
1030 2356 1173 2399 dicitur.
1208 2357 1282 2394 hoc

235 2409 362 2455 recuset
378 2407 535 2455 postulat
557 2436 566 2451 ‚
600 2419 667 2456 pro
696 2419 772 2457 quo
805 2409 929 2456 recuses
961 2408 1130 2455 Excerpt.
1151 2407 1282 2444 Voffii.

234 2469 341 2507 usque
362 2459 488 2505 recuset
515 2458 678 2496 Patavin.
710 2459 904 2507 eleganter.
932 2470 1017 2496 narn
1048 2458 1281 2506 pertinaciter

235 2507 435 2553 recusavit,
457 2507 609 2546 simulan
623 2509 658 2546 di
672 2510 801 2547 artifex
815 2537 825 2552 ,
839 2510 1024 2547 Tiberius.
1050 2522 1156 2557 usque
1177 2509 1280 2545 enim

242 2560 465 2596 continuum
487 2561 523 2596 &
551 2559 707 2607 longum
730 2568 876 2607 ternpus
907 2567 1024 2595 notat.
1057 2558 1130 2594 vid.
1163 2559 1282 2594 Gron.

238 2608 377 2644 1.0bs.
395 2620 448 2654 ις.
473 2609 640 2646 Fanensis
662 2609 706 2647 de
728 2610 806 2647 solo
832 2608 998 2658 Augusto
1018 2608 1124 2654 capit.
1151 2607 1283 2645 BURM.

295 2668 379 2705 535.
406 2659 511 2703 Julia
531 2672 660 2695 numen
681 2660 786 2708 erit.]
826 2662 964 2696 Haeret
994 2659 1038 2695 ad
1070 2660 1161 2694 haec
1181 2659 1283 2694 Mar-

240 2706 317 2745 sus:
345 2709 406 2745 De
425 2707 541 2753 Julia,
570 2710 710 2758 inquit,
739 2708 900 2756 Augusta
930 2719 1009 2744 non
1037 2707 1192 2754 legimus
1220 2707 1285 2743 ali-

243 2756 334 2807 quid
353 2757 451 2795 sacri.
506 2760 541 2795 O
575 2762 696 2807 pepo!
727 2759 818 2796 haec
849 2757 1003 2796 secunda
1025 2756 1183 2794 Caesaris
1205 2757 1285 2793 Au-

244 2808 337 2856 gusti
365 2812 502 2856 conjux
523 2836 533 2852 ,
578 2821 673 2857 quae
714 2809 809 2858 prius
840 2808 935 2846 dicta
967 2808 1074 2845 Livia
1107 2806 1283 2849 Drusilla;

245 2858 371 2912 postea
395 2859 516 2896 mariti
538 2858 740 2907 adoptione
766 2862 804 2898 in
832 2860 1013 2906 juliorum
1046 2858 1202 2895 domum
1225 2857 1288 2894 ad-

246 2909 348 2947 milia
365 2938 373 2951 ,
404 2908 500 2946 unde
518 2910 555 2946 in
576 2910 759 2957 posterum
782 2910 814 2948 ei
836 2922 977 2948 nomen
1008 2910 1074 2946 fuit
1091 2909 1186 2956 Julia
1212 2910 1288 2945 Au-

254 2960 352 3008 gusta
369 2974 376 2996 ε
396 2961 489 2996 hanc
509 2971 624 3007 nepos
645 2960 816 2999 Claudius
838 2961 1085 3004 consecravit,
1122 2968 1161 2997 ut
1182 2959 1290 2996 tradit

250 3012 448 3047 Suetonius
471 3010 531 3047 lib.
547 3023 580 3048 v.
610 3022 757 3058 cap.rr.
792 3012 911 3049 Aviae
934 3039 944 3054 ,
980 3011 1099 3060 inquit
1119 3038 1129 3055 ‚
1166 3009 1289 3046 Liviae

251 3060 389 3097 divinos
412 3061 549 3096 honores
563 3088 573 3104 ‚
602 3072 644 3100 ey·
663 3061 812 3110 Circenfi
823 3061 948 3110 pompas
970 3074 1110 3097 currum
1131 3059 1288 3109 elephan-

249 3121 368 3149 torum
393 3110 718 3158 Augusteoszmilem
737 3112 984 3148 decernendum
1006 3111 1159 3147 curavit.
1210 3110 1288 3147 Dio

253 3161 391 3199 Cassius
412 3163 471 3199 lib.
494 3173 549 3198 Lx.
579 3160 651 3199 le'
668 3179 702 3200 τε
729 3161 826 3203 τηθᾶυ
856 3162 922 3200 vlu>
939 3160 1055 3200 Λιὸῗοιν
1075 3161 1095 3199 ἐ
1123 3162 1213 3211 μόνον
1228 3160 1292 3199 Ἱπ-

253 3234 319 3257 πων
337 3218 463 3263 dyst-rr
483 3222 649 3266 {rifano-52¹,
682 3217 766 3254 οἱλωὲ
794 3221 849 3263 κρᾴ
881 3214 1140 3264 αἷπηθαινοίτιο-εν,
1172 3214 1290 3261 ἔγκλ-

254 3275 312 3322 μοὲ
343 3290 376 3311 τε
404 3276 434 3310 τὶ
465 3271 500 3310 0³1⁴
531 3276 576 3322 τῷ
605 3270 945 3323 Λῦςκςειῳᾼᾶξῦφας,
976 3273 1033 3318 ³59⁶}
1065 3269 1125 3311 ’τοὶς
1153 3274 1290 3312 Sus-iaz

253 3332 328 3379 αῖς
357 3328 565 3379 οἱειποιςθένοις
592 3328 742 3380 ispanus&
771 3325 955 3375 ωῄοςιέξοις·
978 3331 1052 3370 mis
1077 3343 1110 3366 τε
1134 3327 1290 3374 γιωοιιξίν

2230 1028 2375 1104 Pup»

1321 1178 1411 1230 ‘o'guov
1432 1177 1469 1214 τὸ
1484 1173 1589 1224 ’ὂνομοι
1616 1171 1717 1213 αότῗὲς
1734 1169 1866 1219 mcc-7033
1883 1165 2060 1211 κελόῧσοις.
2090 1167 2232 1207 Habuit
2243 1171 2374 1216 etiarm*

1325 1239 1467 1280 praeter
1486 1230 1549 1266 has
1583 1228 1739 1274 virgines
1769 1225 1955 1268 Vestales,
1982 1225 2083 1262 suam
2106 1222 2375 1265 Flaminicarn;

1329 1280 1405 1370 quo
1440 1280 1560 1318 refero
1593 1277 1772 1316 vetustam
1803 1278 1898 1315 hanc
1923 1274 2034 1314 bafim
2057 1302 2070 1322 ,
2110 1284 2204 1324 quae
2234 1273 2376 1324 Aquini

1330 1334 1363 1371 el
1392 1345 1407 1369 :-

1471 1428 1798 1470 DENTRIAE
1837 1429 1884 1466 L.
1918 1427 1959 1466 F.
1998 1426 2234 1466 POLLAE

1549 1491 1932 1532 SACERDOTI
1979 1490 2159 1529 DIVAE

1690 1555 2023 1594 AVGVSTAE

1612 1618 1773 1658 POST
1802 1618 2095 1657 MORTEM

1780 1683 1831 1720 D.
1884 1681 1934 1719 D.

1331 1801 1388 1840 Ex
1409 1802 1484 1839 hoc
1501 1799 1627 1850 pamm
1658 1800 1696 1838 in
1725 1796 2018 1848 inscriptionibus
2039 1796 2198 1845 antiquis
2225 1795 2383 1835 litatum*

1330 1854 1446 1901 Juliae
1481 1852 1678 1895 videmus3
1723 1859 1763 1889 ut
1792 1852 1829 1888 in
1867 1849 1921 1887 his
1957 1847 2183 1897 Fragmentis
2210 1847 2376 1886 Fratrum

1332 1904 1550 1942 Arvalium:
1583 1914 1680 1940 Divo
1704 1913 1886 1939 Avovsro
1918 1911 2050 1937 ROVEM
2072 1910 2238 1941 mant-zm,
2269 1910 2382 1935 mvsav

1335 1967 1525 1993 Avovsrffi
1550 1965 1725 1991 vaccam.
1753 1952 1823 1990 Sed
1844 1952 1882 1989 hi
1903 1951 2065 1988 honores
2085 1948 2105 1986 a
2119 1948 2262 1986 Claudii
2283 1961 2381 1986 aevo

1333 2015 1502 2044 mortuae
1528 2005 1679 2049 Liviae,
1708 2012 1748 2043 ut
1771 2003 1892 2046 vides,
1921 2001 2051 2045 delati;
2081 1998 2170 2037 vere
2190 1999 2240 2036 illi
2260 1998 2380 2037 statim

1333 2058 1411 2107 post
1434 2058 1510 2107 ejus
1539 2056 1684 2094 obitum
1714 2053 1812 2104 large
1843 2052 1864 2091 a
1887 2053 2023 2091 Senatu
2052 2051 2189 2089 decreti
2213 2063 2220 2087 :
2250 2058 2285 2087 at
2303 2048 2382 2088 fere

1334 2120 1466 2147 ornnes
1496 2107 1589 2145 filius
1618 2106 1790 2144 Tiberius
1819 2117 1884 2155 per
1912 2102 2129 2142 modestiam
2165 2100 2380 2146 imminuit,

1334 2160 1482 2204 addito,
1508 2171 1555 2196 ne
1576 2158 1732 2196 caelestis
1755 2157 1884 2205 religio
1903 2155 2171 2193 decerneretur.
2203 2151 2273 2190 Adi
2287 2151 2385 2190 Cor-

1335 2212 1473 2249 nelium
1497 2211 1674 2248 Tacitum
1698 2209 1761 2246 sub
1784 2208 1930 2245 initium
1953 2205 2118 2243 Annalis.
2166 2203 2246 2250 Jarn
2270 2201 2386 2240 habe-

1338 2274 1419 2299 mus
1443 2261 1580 2309 ahquid
1603 2260 1699 2297 sacri.
1753 2259 1824 2296 Sed
1854 2258 1900 2295 de
1932 2258 2006 2293 hoc
2027 2255 2205 2292 vaticinio
2221 2281 2230 2297 ,
2256 2253 2385 2297 sodes,

1334 2313 1497 2350 nostrum
1522 2311 1669 2348 excuses
1689 2321 1734 2347 ex
1756 2307 1853 2346 certa
1873 2306 2193 2355 praesumptione3
2222 2303 2297 2340 slve
2319 2313 2384 2339 ve-

1335 2363 1426 2406 rius,
1456 2362 1594 2399 mireris
1613 2360 1744 2397 domui
1767 2357 1952 2407 Augustae
1973 2356 2196 2393 adulantem.
2239 2352 2386 2390 Adscri-
2443 2353 2456 2357 ’

1336 2414 1447 2451 bitin
1476 2413 1591 2450 Divas
1617 2411 1771 2458 Iuliam,
1798 2419 1998 2456 antequam
2027 2404 2116 2455 quid
2147 2403 2262 2441 firnile
2285 2402 2385 2441 exsul

1338 2463 1513 2508 audisset,
1541 2471 1625 2500 ante
1657 2461 1845 2509 ipsiusmet
1877 2458 2022 2495 obitum
2048 2484 2057 2500 ,
2086 2464 2170 2493 ante
2193 2454 2386 2492 decretum

1339 2515 1524 2556 Senatus;
1571 2513 1615 2551 ad
1646 2523 1741 2559 quae
1770 2522 1839 2547 nec
1866 2509 1942 2545 dies
1972 2506 2126 2544 Nasonis
2158 2516 2382 2553 pervenere:

1338 2576 1425 2601 nam
1450 2572 1617 2600 mortuus
1635 2560 1813 2609 plusculos
1835 2568 1952 2595 annos
1977 2564 2063 2593 ante
2082 2555 2230 2602 Juliarn.
2257 2555 2387 2593 NEAP.

1340 2615 1448 2651 Haec
1465 2615 1532 2652 tria
1553 2612 1698 2650 disticha
1719 2609 1739 2648 a
1761 2610 1814 2652 sss.
1836 2620 1917 2658 531.
1944 2607 1988 2644 ab
2001 2606 2145 2644 Ovidio
2164 2605 2291 2643 inserta
2313 2603 2386 2643 effe

1339 2665 1418 2711 post
1440 2672 1602 2700 mortem
1626 2662 1779 2709 Augusti
1800 2659 1920 2697 censet
1948 2658 2003 2695 Cl.
2026 2656 2227 2694 Maffonius
2247 2656 2284 2692 in
2310 2657 2387 2694 vita.

1342 2713 1474 2749 Ovidii
1495 2712 1539 2749 ad
1550 2723 1686 2749 annum
1703 2705 2301 2748 U.C.1)ccr.xvrr.ubiNoris1um
2327 2718 2385 2744 re-

1342 2764 1434 2799 futat
1448 2765 1483 2799 &
1500 2762 1631 2811 Spanh.
1642 2760 1688 2798 de
1700 2760 1789 2798 Usu.
1803 2762 1917 2797 Num.
1930 2759 2100 2796 Tom.11.
2115 2768 2149 2804 p.
2160 2768 2243 2803 274.
2256 2767 2384 2795 recen-

1346 2812 1430 2850 litos
1453 2814 1563 2850 etiarn
1581 2814 1668 2850 hinc
1688 2813 1722 2848 in
1745 2811 1871 2848 exfilio
1884 2811 1928 2848 ab
1941 2808 2083 2846 Ovidio
2105 2808 2213 2845 fastos
2234 2808 2387 2857 colligit.

1345 2863 1462 2901 ubide
1484 2864 1576 2911 Julia
1591 2862 1751 2912 Augusta
1764 2863 1887 2899 multis
1910 2860 1993 2907 agit.
2013 2858 2059 2895 de
2078 2870 2149 2906 qua
2171 2858 2256 2895 vide
2270 2860 2384 2897 etiam

1347 2926 1486 2952 comm.
1508 2916 1552 2952 ad
1573 2914 1705 2962 Vellcj.
1731 2914 1843 2950 Pater.
1864 2923 1908 2948 11.
1931 2922 1988 2957 71.
2016 2911 2053 2947 ὅ(
2073 2909 2222 2947 Casaub.
2237 2908 2281 2947 ad
2294 2909 2388 2959 Sue.-¹

1345 2973 1423 3003 ton.
1446 2966 1542 3014 Aug.
1570 2978 1649 3002 102.
1677 2965 1804 3002 lluuM.

1395 3037 1478 3075 537.
1507 3025 1646 3062 Talibus
1666 3035 1705 3060 ut
1730 3023 1830 3060 diffiis
1857 3022 1980 3069 nostros
2001 3022 2172 3070 descendit
2187 3022 2225 3058 in
2243 3021 2383 3072 annosa]

1344 3077 1484 3114 Talibus
1501 3076 1656 3124 auspiciis
1679 3075 1820 3112 Arund.
1841 3075 1877 3111 &
1897 3083 1966 3111 tres
1985 3074 2057 3111 alii.
2083 3073 2136 3110 At
2154 3072 2297 3117 Ursini,
2312 3073 2388 3110 Zu-

1346 3128 1430 3165 lich.
1459 3128 1592 3164 Mazar.
1631 3127 1790 3173 Nauger.
1822 3123 1925 3162 Voss‘.
1959 3127 1994 3161 ὅ(
2020 3133 2089 3161 tres
2118 3123 2206 3167 alii,
2246 3123 2389 3159 Talibus.

1346 3178 1501 3226 auspiciis
1535 3177 1654 3223 nostros
1694 3176 1861 3224 (lescendn
1886 3174 1932 3210 acl
1963 3188 2066 3222 agros.
2107 3173 2201 3208 clic'la
2228 3174 2287 3209 hic
2317 3185 2384 3221 pro

1348 3229 1539 3267 Vaticiniis
1568 3227 1700 3266 sumlit.
1728 3227 1812 3264 vide
1846 3234 1949 3263 notas
1980 3226 2015 3261 in
2043 3224 2149 3271 Epist.
2174 3235 2206 3260 v.
2238 3222 2290 3265 >Sis
2325 3235 2385 3272 33.

1347 3280 1490 3318 Heius,
1523 3280 1603 3316 Nos
1634 3278 1819 3326 vulgatam
1849 3275 2079 3318 reduximus,
2108 3275 2143 3311 in
2174 3285 2244 3322 qua
2272 3273 2390 3312 sensus

1346 3331 1501 3376 melior,
1545 3332 1583 3369 &
1614 3325 1728 3379 quam
1758 3326 1928 3366 Francof.
1961 3326 1999 3363 &
2039 3325 2201 3374 optimus
2235 3326 2392 3374 quisque

2279 3385 2394 3424 agno&
