2495 3675
501 139 1130 197 TRISTIUM
1202 139 1398 196 L1s.
1470 139 1515 230 Ι.χ

796 314 1338 377 ELEGIA

1583 139 1793 196 Eme.
1833 141 1927 199 IV.
2121 138 2234 207 469

1436 312 1554 377 IV.

347 468 688 573 TInguitur
712 466 935 521 Oceano
961 464 1138 519 custos
1156 465 1576 537 Erymanthidos
1602 464 1801 529 Ursae,⁴

521 540 936 613 AEquoreasque
957 537 1051 591 suo
1076 537 1244 591 fidere
1272 540 1449 593 turbat
1477 556 1661 610 aquas:

352 615 467 670 Nos
493 629 670 669 tamen
699 611 906 664 lonium
932 627 1042 663 non
1070 610 1244 665 nostra
1269 611 1518 665 findimus
1543 629 1744 684 aequor

422 688 651 759 Sponte:
690 683 779 737 sed
807 682 1032 736 audaces
1058 684 1301 753 cogimur
1328 682 1429 738 esse
1457 698 1620 738 metu.

209 781 240 832 ς
351 760 452 814 Me
477 759 756 818 miserum,
795 755 1004 827 quantis
1029 755 1328 809 increscunt
1355 774 1585 828 aequora
1611 756 1815 819 ventis;

425 831 702 902 Erutaque
730 846 797 881 ex
822 828 944 881 imis
971 826 1141 881 fervet
1169 846 1322 882 arena
1352 830 1524 882 vadis!

355 903 555 960 Monte
585 920 684 957 nec
710 900 932 955 inferior
957 916 1145 969 prorae
1171 902 1443 973 puppique
1466 919 1719 956 recurvae

425 976 611 1039 Insilit,
651 975 706 1028 &
733 971 901 1044 picios
930 972 1172 1026 verberat
1204 974 1345 1026 unda
1375 974 1536 1028 Deos,

355 1050 520 1106 Pinea
544 1061 691 1102 texta
714 1047 930 1106 sonant3
970 1044 1100 1116 pulsi
1125 1045 1349 1100 stridore
1375 1047 1656 1102 rudentes:

214 1142 280 1180 10

122 1351 154 1380 1.
181 1338 343 1389 &tingitur
377 1344 509 1376 Oceano
539 1335 642 1384 custos
669 1331 943 1384 Erymanthidos
984 1332 1110 1382 Ursae,

65 1391 324 1442 'AEquoreasque
343 1390 407 1439 suo
421 1388 531 1438 fidere
553 1387 674 1425 turbat
697 1386 851 1438 aquas,]
904 1386 971 1423 Per
992 1385 1111 1422 custo-

65 1442 152 1480 dem
174 1440 462 1491 Erymanthidos
486 1438 597 1476 Ursae
617 1436 814 1475 Artfturum
836 1436 1003 1484 intelligit
1014 1436 1110 1473 Ovi-

66 1492 169 1531 dius:
198 1494 226 1531 is
246 1491 381 1530 occidit
401 1490 574 1528 chronice
598 1500 682 1526 cum
713 1490 818 1526 tertia
838 1488 983 1525 decima
1012 1496 1110 1535 parte

66 1542 198 1593 (quam
219 1543 441 1581 recentiores
461 1548 596 1578 vocant
618 1537 786 1588 gradum)
816 1537 1017 1587 Sagittarii,
1039 1539 1113 1575 hoc

68 1595 142 1640 est,
172 1595 313 1633 circiter
333 1605 386 1631 xv.
413 1592 469 1629 Id.
496 1589 713 1629 Decembris
735 1591 772 1627 in
791 1587 944 1627 finiente
973 1588 1116 1635 (Hori-

65 1655 220 1683 zontem
243 1644 355 1692 vulgo
378 1642 529 1690 dicunt)
567 1642 746 1678 Romano
769 1667 780 1684 ‚
819 1652 904 1678 cum
930 1639 998 1676 hac
1019 1647 1116 1676 tem·

64 1695 203 1745 pestate
225 1695 287 1733 Sol
315 1696 353 1732 in
384 1706 473 1732 xm.
500 1700 601 1741 parte
631 1691 811 1740 Sagittarii
829 1690 954 1728 existat
975 1690 1116 1728 circiter

23 1755 25 1759 ’
65 1758 141 1784 vit.
167 1747 245 1784 Kal.
265 1744 493 1783 Decembris.
513 1747 551 1781 &
579 1743 667 1791 quia
699 1741 796 1791 signa
816 1740 915 1779 sedes
939 1741 1014 1778 suas
1038 1741 1117 1778 die-

66 1796 133 1835 bus
153 1796 432 1848 quatuordecim
452 1794 696 1843 anticiparunt
711 1792 794 1838 ,fit‚
822 1801 861 1830 ut
876 1791 1116 1829 Ovidiitem-

66 1857 159 1896 pore
181 1848 243 1885 Sol
265 1849 302 1885 in
324 1846 452 1886 eadem
479 1857 568 1884 xm.
608 1843 790 1892 Sagittarii
809 1852 908 1893 parte
926 1854 1040 1891 prope
1062 1854 1116 1881 iv.

66 1898 122 1937 ld.
142 1898 359 1937 Decembris
392 1896 586 1936 exstiterit:
613 1906 690 1944 quo
716 1894 776 1933 die
795 1894 923 1934 infelix
943 1896 1054 1943 poeta
1077 1894 1114 1931 in

66 1948 232 1987 exsilium
256 1948 483 1998 proficiscens
501 1948 626 1985 Roma
647 1945 811 1984 disceffit.
848 1946 889 1983 In
906 1945 980 1983 hoc
1001 1944 1116 1993 expli-

66 2000 286 2039 candoloco
305 2027 315 2043 ,
343 2011 482 2049 magno
503 1998 594 2036 mihi
607 1997 744 2034 auxilio
756 1998 903 2034 fuerunt
917 2024 927 2040 ‚
956 1995 995 2033 P.
1009 1995 1114 2032 Chri-

22 2058 23 2061 ’
67 2051 259 2100 stophorus
282 2051 431 2089 Clavius
460 2047 733 2095 Bambergenfis
757 2074 768 2091 ,
802 2046 822 2084 ὲ
841 2047 1014 2085 societate
1031 2046 1114 2093 Jesu

33 2105 35 2109 '
69 2101 269 2146 Sacerdos,
299 2102 336 2139 ὃ(
360 2102 484 2138 Petrus
511 2099 687 2147 Angelius
709 2098 908 2145 Bargaeus‚
935 2097 1002 2133 viri
1025 2108 1111 2134 cum

64 2152 215 2191 aliarum
234 2154 366 2190 attium
381 2179 391 2195 ,
419 2161 500 2189 turn
525 2151 719 2199 praecipue
739 2148 984 2186 astronomiae
1005 2147 1112 2185 intel-

64 2203 299 2253 ligentiffimi.
342 2202 480 2240 Plinius
506 2209 632 2238 tamen
650 2200 711 2237 lxb.
734 2211 848 2237 xvxxi.
867 2211 948 2247 cap.v
969 2209 1026 2245 31.
1057 2210 1110 2236 iv.

67 2266 184 2295 nonas
204 2253 430 2292 Novembris
447 2251 646 2290 Areturum
676 2249 815 2297 vesperi
836 2250 1007 2287 occidere
1027 2249 1110 2286 scri·

68 2305 130 2343 bit.
159 2306 326 2354 Utraque
345 2304 551 2352 supputatio
583 2303 762 2340 convenit
789 2300 988 2340 sententiae
1011 2299 1118 2349 ipsius

69 2355 108 2394 in
127 2355 252 2405 Elegia
273 2355 338 2394 ult.
356 2354 465 2404 hujus
483 2354 544 2391 lib.

118 2425 199 2459 Aut
216 2419 309 2504 hcine
327 2432 381 2456 me
397 2418 506 2468 gelido
528 2428 708 2456 tremerem
739 2430 817 2455 cum
837 2415 949 2464 mense
973 2419 1113 2453 Decem-

269 2482 301 2505 rt

168 2497 375 2556 scribenssem
397 2518 517 2556 mediis
537 2517 657 2555 Adria
677 2516 771 2555 vidit
793 2518 906 2566 aquis.

65 2598 251 2637 Credibile
271 2606 397 2637 tamen
427 2597 476 2636 est
505 2597 714 2640 Ovidium,
743 2597 858 2633 invite
885 2595 920 2633 in
946 2595 1112 2635 exsilium

63 2649 259 2687 abeuntem
290 2650 450 2693 diutius,
475 2660 587 2696 quam
618 2649 710 2685 ratio
733 2646 895 2690 ferebat,
923 2647 959 2684 in
982 2649 1112 2686 itinere

66 2699 136 2738 esse
157 2709 446 2739 commoratum.
474 2699 530 2736 Ex
550 2700 625 2736 hoc
639 2707 762 2735 autem
784 2698 872 2736 loco
899 2698 1113 2748 intelligitur

68 2749 157 2791 illud
175 2751 237 2791 lib.
255 2764 302 2791 11.
323 2750 428 2800 Eleg.
448 2763 522 2787 vir.
551 2751 610 2787 De
632 2749 775 2787 Ponto:

151 2852 166 2855 .„
502 2812 668 2861 projeHus
690 2812 727 2846 in
745 2822 868 2859 aequor

75 2866 320 2952 CArb‘t'ur-um
343 2863 461 2913 subii,
489 2861 740 2912 Pleiadumque
763 2861 890 2898 minas.

93 2926 242 2954 domu.

130 2988 161 3015 1.
188 2975 386 3026 Tingitur.]
425 2975 525 3013 Hinc
547 2974 740 3013 exordium
760 2973 970 3012 faciendum
990 2985 1115 3012 novae

74 3024 222 3075 Elegiae
246 3055 255 3069 ,
291 3027 403 3076 idque
434 3038 480 3064 ex
512 3025 583 3063 fide
616 3026 880 3074 castigatiorum
914 3025 1114 3068 codicum,

75 3077 178 3124 quod
205 3077 325 3114 nescio
353 3077 551 3125 quomodo
579 3077 867 3125 typographicae
898 3088 1032 3123 operae
1052 3088 1116 3113 ne-

76 3128 276 3174 giexerunt.
305 3130 452 3165 monuit
479 3139 631 3175 quoque
652 3127 892 3174 Tanaquillus
912 3127 1035 3164 Faber.
1059 3126 1119 3163 lib.

77 3188 107 3213 1.
127 3177 194 3225 Ep.
213 3190 272 3216 22.
299 3179 445 3216 Hense.
483 3178 694 3216 Turbatum
717 3177 922 3225 elegiarum
947 3178 1116 3214 ordinem

75 3225 146 3264 effe
169 3228 273 3282 facile
299 3237 458 3277 apparet.
485 3241 570 3267 nam
603 3241 687 3266 cum
713 3230 868 3276 primam
892 3229 1055 3276 Elegiam
1081 3237 1119 3264 ut

70 3277 336 3327 praefationem
354 3278 586 3328 praemififfet
596 3307 607 3326 ,
620 3279 722 3330 sequi
733 3278 888 3318 decebat
903 3291 984 3318 eam
1000 3306 1012 3325 ‚
1025 3289 1119 3328 quae

429 1121 692 1193 Adgemit
718 1121 771 1174 &
799 1117 986 1174 nostris
1008 1118 1114 1191 ipsa
1138 1119 1313 1175 carina
1338 1119 1501 1175 malie.

2107 1194 2216 1251 Na-

1166 1346 1267 1374 nunc
1286 1338 1390 1375 tertia
1412 1335 1482 1380 est,
1512 1347 1607 1386 quae
1630 1336 1796 1374 ultimam
1821 1335 1856 1372 in
1879 1332 1966 1372 urbe
1988 1332 2136 1371 noeiem
2151 1362 2161 1378 ‚
2176 1334 2216 1372 δε

1166 1398 1261 1435 quae
1276 1387 1318 1425 efi
1336 1388 1431 1437 gella
1453 1387 1532 1425 sunt
1548 1396 1711 1432 ,narret;
1742 1385 1874 1423 deinde
1896 1384 2086 1422 succedere
2105 1385 2217 1421 debe-

1167 1437 1227 1476 bat
1254 1439 1366 1483 haec,
1397 1439 1580 1486 Tingitur,
1608 1450 1681 1476 σε.
1707 1448 1799 1486 quae
1813 1444 1929 1472 narrat
1953 1435 2040 1483 quid
2052 1436 2215 1483 primurn

1167 1490 1339 1527 acciderit
1358 1491 1546 1538 postquam
1568 1501 1703 1525 navem
1726 1486 1975 1525 conscenderit
1996 1514 2005 1529 ‚
2035 1495 2074 1523 ut
2098 1488 2217 1524 ventis

1168 1539 1323 1577 adversis
1355 1541 1391 1578 in
1418 1540 1500 1577 litus
1532 1539 1698 1577 Italicum
1738 1537 1890 1586 rejectus
1921 1538 2038 1574 fuerit.
2066 1538 2102 1574 ὃ(
2126 1545 2216 1575 tunc

1167 1589 1269 1639 sequi
1288 1590 1467 1633 debebat,
1495 1602 1590 1640 quae
1609 1601 1708 1627 nunc
1719 1587 1873 1626 secunda
1895 1587 1956 1626 est.
1986 1587 2037 1623 Di
2053 1588 2216 1627 marisv-

1169 1652 1302 1685 terrae‚
1328 1653 1423 1690 quae
1453 1640 1706 1689 tempestatem
1723 1668 1733 1683 ‚
1761 1649 1833 1688 qua
1856 1637 2010 1687 jactatus
2032 1638 2124 1680 fuit,
2152 1637 2219 1676 de-

1167 1691 1284 1729 scribit
1317 1692 1567 1730 miserabiliori
1598 1692 1784 1734 carmine,
1814 1700 1926 1738 quam
1950 1697 1989 1725 ut
2008 1688 2217 1728 verosimile

1172 1742 1212 1779 sit
1235 1743 1271 1779 in
1294 1745 1379 1780 navi
1403 1751 1478 1780 tam
1507 1740 1663 1790 quassata
1686 1769 1697 1787 ,
1733 1740 1779 1778 de
1802 1751 1844 1776 ea
1872 1738 2040 1776 facienda
2060 1738 2217 1787 potuiffe

1172 1794 1334 1841 cogitare
1356 1820 1366 1836 ‚
1401 1792 1468 1831 nisi
1494 1793 1683 1830 Nasonem
1710 1789 1898 1838 Eumolpo
1928 1790 2150 1827 Petroniano
2174 1789 2220 1828 sl-

1172 1844 1299 1881 milem
1331 1843 1511 1893 fingamus
1533 1871 1544 1888 ‚
1586 1842 1645 1880 cui
1681 1842 1831 1880 vacabat
1857 1841 1895 1878 in
1925 1840 2057 1878 vicinia
2088 1842 2219 1879 mortis

1171 1895 1291 1933 versus
1312 1895 1443 1933 facere.
1471 1906 1537 1943 pro
1561 1893 1734 1942 tingirur‚
1761 1892 1928 1940 mergitur
1960 1891 2090 1929 eratin
2122 1891 2219 1929 duo-

1171 1945 1248 1984 bus.
1272 1946 1342 1984 vid.
1360 1945 1404 1984 ad
1421 1945 1482 1984 lib.
1502 1958 1546 1984 ιι.
1573 1945 1668 1983 Met.
1691 1949 1773 1992 172.
1803 1943 1841 1981 &
1863 1954 1907 1981 11.
1927 1941 2010 1980 Art.
2029 1943 2220 1989 Am.410.

1170 1996 1301 2047 Euam.-

1222 2059 1256 2097 3.
1284 2046 1507 2097 findimus]
1539 2047 1733 2085 scindimus
1753 2046 1905 2084 Putean.
1925 2045 1963 2082 δε
1986 2043 2114 2082 Servii.

1225 2112 1258 2146 ς.
1286 2104 1346 2134 Me
1369 2099 1554 2146 miserum,
1583 2098 1727 2148 quantis
1749 2096 1941 2145 nigrescunt
1965 2108 2112 2144 aequora
2130 2100 2219 2133 ven-¹

1170 2149 1215 2186 tis
1230 2177 1239 2192 ‚
1261 2154 1441 2200 Erutaque
1461 2162 1501 2186 ex
1524 2149 1605 2187 imis
1623 2150 1736 2194 fervet
1754 2160 1860 2185 arena
1870 2145 2010 2198 fretis]
2040 2146 2153 2196 Supra
2167 2147 2218 2193 Εμ-

1168 2201 1238 2249 leg.
1265 2213 1310 2238 11.

1221 2266 1388 2314 §Quintae
1406 2266 1546 2305 dedum
1557 2264 1741 2316 subsidunt
1757 2278 1900 2323 aeqetore
1921 2263 2032 2301 valles
2043 2275 2055 2308 ·,

1268 2319 1438 2366 Jamjam
1461 2321 1617 2356 tacturas
1635 2329 1775 2354 tartara
1795 2330 1893 2366 mgra
1909 2326 2018 2365 putes.

1170 2382 1340 2419 Croni«.
1370 2388 1563 2428 lncrelcunt
1585 2383 1716 2420 rectius
1739 2383 1845 2420 multi
1861 2390 2040 2418 veterum.
2069 2380 2215 2417 Heius-J

1170 2433 1359 2480 crebescunt
1381 2434 1469 2470 duo.
1483 2438 1676 2483 turgescunt
1699 2435 1754 2470 vel
1778 2432 1972 2480 horrescunt
1993 2431 2092 2469 aliut.
2112 2429 2213 2466 deiu-

1168 2483 1213 2521 de
1231 2512 1241 2529 ‚
1259 2497 1369 2520 arena
1385 2485 1484 2528 fretis
1508 2485 1659 2521 Putean.
1681 2486 1717 2520 &
1741 2483 1798 2520 sex
1820 2483 1889 2519 alii.

1219 2558 1254 2592 9.
1281 2547 1388 2583 Pinea
1409 2556 1507 2583 texta
1521 2545 1680 2594 sonam]
1710 2546 1876 2584 Tabulae
1899 2545 1919 2583 ὲ
1944 2546 2056 2595 pino,
2083 2544 2233 2595 quibuw·

1169 2597 1363 2646 comparfta
1383 2606 1459 2635 erat
1479 2598 1590 2636 navis.
1614 2596 1660 2634 sic
1676 2597 1734 2635 lib.
1756 2609 1782 2633 i.
1806 2595 1896 2634 Fast.

1222 2663 1330 2698 Pinea
1352 2675 1420 2699 non
1435 2663 1518 2709 sano
1533 2672 1581 2698 ter
1600 2662 1678 2710 pede
1698 2670 1795 2697 texta
1807 2659 1908 2708 fierit.

1168 2721 1216 2759 Et
1237 2723 1299 2762 lib.
1317 2735 1397 2761 xiv.
1416 2723 1789 2772 Metamorphoseos:

1405 2800 1484 2830 Fert
1505 2806 1572 2831 ecce
1593 2792 1719 2829 avidas
1739 2791 1778 2829 in
1797 2792 1898 2841 pinea
1918 2797 2057 2830 Turnus

1224 2849 1334 2881 Texta
1351 2845 1459 2889 faces.

1173 2906 1227 2944 Ita
1251 2910 1350 2945 enim
1375 2908 1394 2945 ὲ
1415 2910 1593 2946 veteribus
1610 2908 1706 2945 libris
1725 2907 1925 2956 legendum
1946 2907 1992 2945 ibi
2007 2908 2116 2953 docui
2130 2923 2140 2951 ;
2155 2907 2218 2946 ad..

1169 2958 1333 3008 duxique
1357 2959 1456 2996 hunc
1477 2960 1610 2997 Catulli
1629 2960 1753 2997 locum
1775 2971 1820 2996 ex
1838 2960 1998 2996 carmine
2010 2960 2054 3003 de
2071 2960 2218 3008 Nuptiis

1172 3009 1268 3046 Pelei
1292 3012 1329 3046 <Sc
1349 3009 1555 3047 Thetidos:

1224 3061 1330 3096 Pinea
1349 3060 1550 3110 conjungens
1571 3059 1716 3110 inflexae
1737 3070 1833 3096 texta
1853 3059 2001 3097 carinae.

1171 3137 1284 3173 quem
1306 3136 1420 3172 nuper
1445 3123 1548 3161 valde
1568 3123 1755 3162 illustravit
1773 3120 1942 3160 eruditiss.
1968 3124 2021 3159 vir
2042 3122 2221 3170 Joseplius

1174 3176 1355 3223 Scaliger:
1384 3175 1487 3223 cujus
1507 3176 1615 3212 verba
1630 3175 1724 3220 <sunt
1737 3175 1836 3210 enim
1859 3185 1933 3209 non
1961 3174 2216 3220 vulgaria)liuc

1175 3227 1316 3263 adferre
1333 3237 1467 3274 operae
1491 3227 1647 3273 pretium
1664 3237 1724 3262 me
1746 3224 1925 3261 faciurum
1947 3223 2021 3259 sum
2043 3223 2223 3268 opinatus.

1176 3278 1289 3316 Certe
1308 3281 1430 3315 Texere
1451 3288 1557 3312 naves
1576 3286 1717 3315 veteres
1740 3274 1933 3318 dicebant,
1962 3271 1981 3310 a
2005 3283 2079 3323 quo
2102 3272 2226 3314 locria,

1359 3328 1466 3366 Nun
1495 3337 1514 3375 3
2183 3323 2245 3364 m*
