2495 3675
230 170 342 240 823

740 164 803 221 P.
876 162 1295 224 OVIDII
1368 160 1900 227 NASONIS

523 264 735 332 Effice,
766 267 827 322 fit
854 268 1006 324 nobis
1033 284 1142 323 non
1168 263 1505 335 implacabilis
1532 265 1638 329 i1·a;

591 340 801 415 Meque
827 343 949 396 loco
983 339 1137 411 plesti
1163 337 1539 392 commodiore
1565 341 1710 396 velit.

377 418 441 484 65
520 412 677 469 Haec
710 432 815 486 ego
842 414 977 467 visus
1016 427 1160 464 eram
1183 426 1356 481 puero
1381 410 1566 466 dixisse
1592 413 1812 470 volucri.

590 485 715 542 Hos
744 487 876 541 visus
915 481 1069 536 nobis
1095 483 1182 537 ille
1209 481 1409 536 dedisse
1433 483 1605 539 sonos.

509 558 646 623 Per,
681 576 796 614 mea
823 556 956 619 tela,
993 554 1163 618 faceS,
1204 554 1260 609 &
1283 571 1410 625 per,
1449 573 1566 612 mea
1592 559 1723 622 tela,
1759 560 1995 633 sagitta3‚

589 633 692 686 Per
718 641 943 683 matrem
960 628 1113 697 jum,
1150 626 1578 701 Caesareumque
1605 646 1793 703 caput;

507 704 624 767 Nil,
664 700 757 756 nifi
787 701 1119 764 concessum,
1157 717 1257 756 nos
1283 714 1336 755 te
1361 700 1599 757 didicisse
1626 705 1905 776 magistro;

584 773 807 829 Artibus
840 775 895 828 &
921 775 1124 829 nullum
1153 775 1358 829 crimen
1380 773 1540 829 ineffe
1568 776 1684 831 tuis,

406 795 439 831 0

366 796 400 846 7
514 847 700 918 thue
725 847 860 909 hoc,
899 846 967 901 fic
993 849 1196 902 utinam
1223 847 1518 902 defendere
1545 862 1724 904 cetera
1752 851 1950 921 posses!

591 920 702 974 Scis
728 919 900 983 aliud,
937 920 1088 992 quod
1116 934 1169 974 te
1191 920 1425 983 laeserit,
1458 919 1560 974 ess'e
1588 923 1768 993 magis,

514 993 800 1066 Quidquid
827 991 884 1045 id
910 994 983 1046 est
1009 996 1220 1064 (neque
1248 992 1391 1046 enim
1418 991 1581 1046 debet
1607 994 1764 1050 dolor
1788 997 1872 1051 ille
1899 999 2123 1070 referri>

589 1067 717 1119 Non
746 1078 898 1134 potes
926 1067 954 1119 a
982 1067 1136 1135 culpa
1161 1065 1344 1118 dicere
1369 1064 1538 1118 abesse
1564 1070 1668 1119 tua.

375 1158 439 1207 75,
516 1138 610 1192 Tu
636 1139 759 1191 licet
786 1138 981 1192 erroris
1006 1137 1096 1191 sub
1125 1138 1353 1207 imagine
1380 1138 1584 1190 crimen
1611 1139 1929 1204 obumbre53

598 1211 724 1264 Non
749 1211 959 1280 gravior
987 1210 1180 1264 merito
1206 1209 1431 1262 vindicis
1458 1209 1530 1262 ira
1558 1208 1675 1263 fuit.

520 1282 598 1337 Ut
624 1296 804 1336 tamen
832 1283 1188 1354 adspicerem,
1227 1281 1634 1350 consolarerque
1653 1282 1949 1353 jacentem,

594 1356 762 1426 Lapsa
787 1372 878 1425 per
903 1356 1179 1409 immensas
1204 1354 1278 1407 est
1308 1353 1436 1406 mihi
1462 1371 1632 1424 penna
1661 1359 1782 1410 vias,

522 1426 680 1483 Haec
704 1428 821 1480 loca
850 1442 963 1482 tum
990 1429 1221 1497 primum
1247 1425 1385 1488 vidi,
1423 1444 1546 1481 cum
1572 1427 1751 1484 Matre
1767 1444 1995 1501 rogante

383 1504 450 1560 80

596 1499 800 1555 Phasias
826 1500 899 1554 est
923 1501 1038 1555 telis
1062 1500 1165 1554 fixa
1189 1499 1358 1570 puella
1391 1499 1537 1553 meis,

526 1575 680 1647 Quae
707 1589 848 1626 nunc
873 1591 968 1627 cur
995 1573 1189 1627 iterum
1218 1571 1332 1642 post
1359 1571 1527 1625 secula
1553 1573 1710 1645 longa
1734 1577 1981 1643 revisam,

599 1647 692 1700 Tu
718 1645 872 1705 facis,
911 1647 944 1699 ὀ
969 1645 1144 1700 castris
1171 1646 1316 1699 miles
1341 1645 1508 1698 amice
1534 1649 1679 1700 meis,

525 1719 676 1776 Pone
703 1732 877 1772 metus
901 1719 1091 1789 igitur;
1129 1719 1370 1773 mitescet
1393 1716 1629 1775 Caesaris
1653 1720 1754 1774 ira:

599 1791 670 1847 Et
699 1792 874 1846 veniet
903 1793 1040 1846 votis
1063 1791 1278 1848 mollior
1299 1790 1428 1846 hora
1456 1791 1574 1847 tuis,

237 2073 274 2102 te
296 2063 496 2101 Latinitate
518 2061 620 2110 saepe
641 2061 800 2099 occurrit
818 2060 915 2110 apud
936 2059 1138 2098 Historicos
1157 2060 1195 2098 &
1212 2059 1276 2107 Ju-

235 2114 480 2152 risconsultos.
508 2113 592 2149 vide
616 2111 764 2149 Casaub.
783 2112 827 2149 ad
852 2113 968 2161 Spart.
989 2111 1191 2149 Adrianz.
1213 2111 1278 2161 qui

236 2167 285 2203 ita
308 2166 344 2202 ὅ(
368 2163 549 2202 Ovidium
581 2163 749 2200 locutum
779 2162 878 2200 dicit.
913 2161 973 2199 sed
1000 2162 1138 2200 dubitat
1164 2162 1209 2199 de
1228 2173 1275 2199 eo

240 2216 413 2264 Cujacius
430 2213 633 2251 Consultat.
661 2225 757 2250 xiii.
784 2214 845 2259 qui
867 2213 926 2250 hic
949 2215 1107 2260 repperit
1128 2212 1164 2249 in
1186 2213 1275 2250 Mss.

238 2266 301 2314 qui
319 2265 383 2301 tibi
397 2266 512 2309 fratre
531 2274 611 2300 tuus
627 2291 636 2307 ‚
665 2272 704 2300 ut
726 2265 761 2300 in
786 2264 844 2300 sex
862 2274 1013 2312 quoque
1035 2263 1209 2300 Heinsius
1220 2264 1279 2300 in-

238 2315 441 2365 veninqui
461 2314 629 2360 tibisorte
650 2323 744 2362 nepos
768 2313 938 2351 Leidens.
960 2313 1082 2350 nescio
1095 2325 1184 2350 vero
1197 2326 1273 2363 quo

237 2366 408 2404 indueus
438 2365 629 2402 Dacierius
657 2365 700 2402 ad
741 2365 873 2402 Horat.
904 2376 950 2400 11.
985 2363 1061 2401 Od.
1093 2377 1121 2401 1.
1165 2365 1277 2403 citans

236 2417 335 2455 hune
359 2416 490 2453 Ovidii
516 2415 655 2453 versum
678 2415 799 2460 addit,
819 2413 854 2463 fi
871 2415 967 2452 modo
981 2414 1103 2451 ovidii
1122 2414 1177 2461 est.
1201 2415 1276 2460 alii,

235 2477 275 2505 ut
298 2468 361 2515 qui
390 2476 505 2513 nuper
536 2467 755 2514 Menagiana
774 2467 889 2503 auxit.
914 2473 1009 2503 tom.
1029 2477 1081 2502 xv.
1105 2467 1185 2511 167.
1212 2477 1277 2502 ex-

237 2517 371 2566 plicant
398 2517 485 2560 hic,
516 2518 581 2564 qui
612 2517 659 2553 est
691 2518 783 2554 inter
811 2517 972 2561 posteros
995 2516 1109 2553 fratris
1129 2517 1181 2553 tui
1206 2515 1276 2553 [Ε-

236 2579 328 2605 neae
343 2596 353 2611 ,
382 2579 468 2616 ergo
483 2567 621 2605 dietum
642 2566 728 2606 effet
750 2578 845 2616 nepos
864 2566 906 2603 ab
927 2572 1040 2603 AEnea
1051 2578 1117 2614 pro
1129 2572 1274 2612 AEnme,

237 2629 277 2653 ut
305 2618 347 2653 ab
379 2619 523 2654 Andria
543 2617 671 2654 ancilla
699 2620 794 2664 apud
822 2618 1044 2655 Terentium
1075 2617 1113 2654 δε
1133 2617 1273 2656 similia.

238 2668 276 2706 δί
295 2668 368 2705 hoc
392 2669 496 2706 facile
516 2670 747 2707 admitterem
764 2697 773 2712 ‚
801 2668 865 2705 nisi
887 2668 1040 2706 obstaret
1061 2679 1272 2715 pronomen

240 2718 305 2754 tibi
321 2746 330 2761 ‚
345 2719 445 2765 quod
466 2719 636 2757 eamdem
649 2721 724 2757 vim
744 2719 850 2757 debet
862 2719 992 2756 habere
1005 2747 1014 2762 ‚
1026 2730 1066 2754 ac
1079 2719 1101 2755 si
1115 2717 1270 2761 dixisset,

239 2779 320 2805 mus
341 2779 433 2815 nepos
454 2770 497 2805 ab
520 2776 631 2807 AE'nea
656 2798 666 2814 ,
703 2782 813 2818 quare
834 2782 977 2817 neque,
1005 2769 1069 2805 tibi
1090 2769 1134 2804 ab
1161 2775 1273 2805 AEnea

236 2829 338 2863 auus,
369 2820 483 2867 potest
505 2820 599 2868 legi,
628 2821 730 2870 quod
759 2823 923 2868 ineptum
956 2822 1091 2859 faceret
1120 2820 1274 2859 sensum.

240 2869 307 2906 alia
326 2881 378 2906 res
407 2871 453 2908 est
477 2871 571 2918 apud
595 2871 736 2909 Lucan.
755 2885 806 2908 ix.
826 2885 911 2920 995.
1131 2880 1134 2884 ’

292 2936 421 2990 Gentis·
434 2935 542 2972 Iuleae
564 2937 683 2983 vestris
701 2937 900 2986 clariffimm
918 2939 988 2976 aris

293 2989 371 3019 Dat
388 2995 444 3033 pta
466 2997 546 3022 tura
567 2997 673 3036 nepos.

243 3047 303 3087 ubi
321 3048 375 3105 ‘est
399 3061 463 3096 pro
484 3064 559 3088 uno
591 3065 635 3093 ex
657 3055 804 3102 posteris
818 3056 913 3102 Julii.
940 3068 1052 3104 quare
1072 3056 1148 3094 fere
1170 3053 1274 3093 incli-

244 3111 297 3137 no
318 3111 457 3156 ineam
486 3102 723 3150 sententiam,
751 3115 791 3143 ut
818 3107 1067 3155 Ovidiusjam
1092 3135 1102 3151 ,
1139 3113 1180 3143 ut
1199 3107 1273 3143 sae-

239 3162 285 3198 pe
309 3148 428 3187 feciffe
461 3152 620 3206 yidimus
646 3182 656 3197 ,
693 3158 925 3194 innovaverit
946 3157 1052 3205 hujus
1082 3157 1182 3193 vocis
1209 3169 1272 3193 ve-

240 3212 317 3257 ram
341 3202 376 3238 &
400 3210 586 3257 antiquam
611 3206 817 3244 notionem.
851 3208 909 3245 sed
929 3208 1097 3245 nondum
1123 3206 1275 3245 definio.

241 3262 325 3306 quta
346 3263 533 3289 nemmem
555 3254 649 3296 hoc,
674 3267 742 3291 nec
764 3259 936 3304 proximo
961 3259 1090 3295 Ovidii
1103 3268 1272 3304 tempore

241 3311 289 3340 ‚ta
315 3303 483 3342 locutum
504 3305 701 3352 noverim,
730 3306 767 3345 ὃς
801 3308 922 3359 Valer.
945 3310 1131 3348 Maximus
1161 3310 1273 3347 etiam

2265 1930 2375 1989 Ne·
2425 1891 2428 1895 Ι

1331 2069 1368 2097 v.
1391 2069 1445 2096 lx.
1468 2070 1502 2096 2.
1539 2059 1634 2097 inter
1657 2059 1785 2109 fluoris
1803 2061 1922 2109 filium
1944 2063 1982 2102 &
2013 2073 2140 2116 nepotes
2163 2066 2379 2112 distinxerit.‘

1333 2110 1393 2147 De
1414 2110 1538 2148 seculis
1559 2111 1815 2159 posterioribus
1837 2115 1911 2151 vid.
1931 2116 2103 2155 Rittersh.
2125 2119 2170 2157 ad
2190 2121 2331 2160 Gunth.
2345 2137 2376 2162 1.

1335 2171 1419 2209 332.
1448 2160 1587 2199 Fabric.
1617 2162 1662 2199 ad
1680 2163 1814 2201 Poetas
1841 2164 2034 2204 Christian.
2063 2180 2143 2217 pag.
2166 2182 2222 2217 57.
2251 2171 2374 2212 Barth.

1331 2210 1377 2248 ad
1398 2211 1537 2249 Briton.
1564 2212 1690 2260 Philip.
1711 2225 1764 2250 vr.
1791 2227 1874 2262 414.
1903 2217 2038 2254 Henel.
2067 2219 2200 2257 Otium
2224 2223 2368 2262 Uratiss.

1331 2272 1481 2309 cap.1x.
1509 2263 1547 2298 &
1583 2262 1689 2299 alios.
1708 2273 1838 2310 nepotes
1867 2277 1933 2312 pro
1966 2270 2125 2315 agnatis,
2155 2274 2369 2317 cognatisve

1332 2311 1429 2400 {pud
1456 2312 1609 2350 Statium
1641 2313 1702 2351 lib.
1722 2326 1768 2351 11.
1800 2314 1886 2353 Silv.
1907 2328 1934 2353 1.
1959 2327 2043 2366 199.
2078 2321 2173 2368 capit
2193 2315 2372 2363 Barthius.

1366 2376 1465 2401 unm.

1383 2426 1443 2471 64,
1470 2431 1595 2475 Meque
1616 2425 1682 2463 loco
1703 2426 1815 2476 pleni.
1836 2426 1852 2477 ]
1891 2429 1977 2466 Pom·
1993 2429 2143 2469 Thuan.
2163 2431 2262 2470 Vide
2284 2434 2369 2471 No·

1331 2483 1382 2513 tas
1398 2476 1459 2514 lib.
1477 2490 1504 2514 1¹.
1518 2478 1666 2525 Eleg.v.
1681 2478 1957 2525 vs.79.Hi;xus.
1985 2479 2053 2517 Sed
2071 2483 2170 2528 pleffli
2191 2494 2337 2521 maneat
2350 2501 2370 2528 ;=

1329 2538 1407 2564 non
1430 2528 1529 2565 enim
1552 2539 1713 2575 poenam
1744 2529 1808 2566 hic
1828 2541 1899 2568 nec
1926 2531 2008 2568 alibi
2029 2531 2267 2581 deprecatur,
2305 2535 2366 2574 sed

1330 2585 1371 2615 ut
1385 2587 1528 2616 mutato
1548 2578 1637 2616 loco
1654 2579 1824 2619 leniatur.

1380 2646 1439 2683 68.
1467 2653 1531 2684 Per
1549 2646 1739 2698 matrem]
1769 2653 1836 2684 Per
1858 2654 2016 2686 Venerem
2037 2662 2141 2688 unus.

1383 2720 1442 2755 71.
1473 2710 1658 2755 Defendere
1686 2721 1817 2747 caetera
1844 2712 1980 2761 postes]
2038 2714 2161 2763 Poffem
2183 2716 2367 2755 nonnullL'

1329 2759 1440 2815 Forte
1454 2788 1462 2803 ,
1476 2760 1626 2817 ,d‘sssmdi
1646 2773 1777 2817 caerera
1796 2765 1932 2810 poffem.
1960 2764 2107 2801 Heius.
2159 2771 2269 2816 thue
2285 2766 2367 2805 hacc

1329 2819 1442 2849 etiam
1466 2814 1584 2859 icr1pti
1604 2812 1641 2848 &
1661 2812 1748 2850 editi
1768 2815 1933 2861 quidam.

1387 2883 1446 2920 73.
1475 2870 1581 2907 Dolor
1595 2870 1659 2920 ipse
1680 2873 1829 2924 referri]
1861 2874 1963 2912 Idem
1980 2874 2043 2914 lib.
2060 2875 2126 2924 iste.
2155 2876 2277 2916 Vatic.
2295 2877 2367 2916 ille.

1329 2922 1460 2971 placet.
1488 2923 1658 2961 CIOFAN.

1383 2998 1440 3033 74.
1468 2992 1549 3023 Non
1562 2996 1653 3031 potes
1673 2985 1698 3023 ὰ
1720 2987 1818 3037 culpa
1842 2988 1950 3026 dicere
1977 2989 2079 3038 abesse
2106 2989 2209 3036 tua.]
2262 2988 2365 3026 Liber

1328 3038 1431 3086 abesse
1449 3046 1618 3086 quatuor,
1640 3050 1754 3082 unus,
1786 3038 1869 3075 liber
1890 3040 2005 3089 adesse.
2032 3041 2141 3083 alius,
2169 3038 2275 3075 libera
2298 3040 2367 3088 effi.

1329 3089 1439 3127 Latet
1462 3088 1599 3136 aliquid
1619 3089 1757 3127 mendi.
1783 3090 1925 3128 Hiems.
1944 3111 1951 3117 ,

1383 3156 1441 3201 76.
1468 3155 1612 3200 Judicis
1630 3170 1689 3192 ora
1702 3156 1818 3206 suin]
1866 3157 1922 3194 Ex
1942 3153 2069 3192 iisdem
2100 3154 2367 3202 exemplaribus

1328 3208 1410 3255 lege
1426 3234 1437 3251 ‚
1463 3207 1626 3243 vindicis.
1654 3207 1823 3244 CiofAN.
1850 3205 1988 3242 Meritis
2010 3206 2097 3242 Mss.
2115 3205 2249 3242 Bersm.
2265 3206 2368 3255 prin-

1331 3257 1411 3307 cipis
1435 3269 1526 3294 unus
1545 3257 1671 3294 Heins.

1385 3307 1444 3353 78.
1471 3308 1527 3356 Est
1546 3320 1621 3346 mea
1634 3304 1780 3356 penna]
1809 3303 2024 3355 Mihipenna
2035 3305 2369 3346 duolibriHEmss

2213 3367 2272 3405 79·
2300 3364 2368 3404 1³⁰:
