2495 3675
60 0 99 58 132

450 186 1391 257 F=ASTORUM
1502 191 1696 250 L1n.

1771 197 1871 257 111.

2096 221 2195 269 223

346 316 463 373 Vos
487 329 735 387 quoque,
773 307 1028 366 Phoebea
1054 303 1272 360 morbos
1296 303 1388 378 qui
1415 306 1605 376 pellitis
1634 321 1777 374 arte,

414 389 645 442 Munera
677 385 746 438 de
769 380 948 439 vestris
978 395 1144 448 pauca
1170 376 1368 432 referte
1394 377 1558 434 Deae.

343 462 459 517 Nec
485 477 579 514 vos
605 457 756 512 turba
781 452 877 508 feri
904 451 1062 505 censu
1089 450 1328 505 fraudata
1356 451 1584 523 magistri

199 536 300 602 830

412 533 672 605 Spernite.
711 524 993 594 discipulos
1019 523 1232 577 attrahit
1259 525 1341 578 illa
1366 541 1557 580 novos.

341 608 560 680 Quique
585 615 769 655 moves
795 597 1006 651 coelum
1026 636 1039 656 ‚
1079 597 1419 669 tabulamque
1444 599 1710 656 coloribus
1736 601 1876 667 uris;

410 678 628 750 Quique
652 673 778 726 facis
804 667 963 725 docta
991 670 1166 724 mollia
1189 668 1305 724 saxa
1331 687 1506 726 manu.

45 945 111 984 ster
131 941 174 981 ad
191 942 281 980 hos:
306 939 387 976 Vos
409 946 561 986 quoque
581 936 793 974 Minervam
813 945 889 973 non
910 933 1085 989 spernite-3

47 1007 131 1034 nam
164 993 318 1030 attrahet
348 989 406 1026 illa
445 998 565 1024 novos
601 986 807 1034 discipulos.
885 985 945 1022 De
989 985 1086 1021 ferus

44 1046 116 1086 sese
135 1043 243 1082 offert
274 1038 488 1089 Symmachi
518 1037 620 1075 locus
663 1038 722 1075 lib⁴
745 1049 779 1074 v.
820 1035 1084 1086 Epistolarum:

48 1095 172 1144 nempe
195 1093 383 1131 Minervae
408 1088 473 1126 tibi
488 1088 637 1135 solemne
667 1088 707 1126 de
733 1087 857 1136 scholis
877 1097 999 1124 notum
1020 1086 1085 1132 est,

47 1157 88 1185 ut
109 1147 182 1193 fere
212 1155 372 1181 memores
396 1141 519 1190 sumus
545 1168 555 1184 ,
590 1139 697 1176 etiam
723 1138 919 1188 procedente
947 1149 1087 1194 aetate,

43 1195 226 1248 puerilium
252 1195 422 1238 feriarum
445 1204 454 1229 ε
495 1191 541 1227 ad
568 1204 646 1228 eum
678 1190 770 1228 diem
794 1189 1000 1227 convivium
1022 1189 1086 1226 ttbt

41 1257 219 1300 paramus.
250 1246 288 1283 ὅ(
309 1243 454 1282 Horatii
478 1241 586 1292 Epist.
606 1240 755 1280 ultima:

71 1374 73 1379 ,
94 1339 152 1373 Ac
169 1331 280 1382 potius
292 1340 376 1381 puer
395 1339 434 1367 ut
447 1328 542 1379 festis
564 1327 848 1384 {Qinquatribtcs
869 1327 973 1373 olim,

94 1384 225 1432 Exiguo
239 1393 406 1432 gratoque
419 1381 558 1428 fruaris
576 1392 722 1429 tempore
740 1388 881 1428 raptim.
1008 1417 1014 1422 ἃ

45 1450 224 1489 Nasson.
254 1448 379 1484 Locus
398 1443 656 1482 vexatiffimus.
682 1455 749 1491 pro
766 1440 951 1497 sensuheffe
963 1441 1086 1499 rescri-

44 1499 220 1541 bendum,
232 1500 344 1544 censu,
359 1494 456 1532 recte
469 1496 506 1533 in
519 1494 756 1532 Miscellaneis
774 1492 972 1529 Pontianus
987 1505 1085 1540 Jam-

46 1550 186 1590 'dudum
211 1549 324 1590 vidit,
351 1556 461 1595 atque
481 1545 582 1583 illum
612 1545 724 1582 secuti
746 1542 867 1592 postea
898 1543 1086 1581 Bersumn-

45 1613 114 1640 nus
138 1602 175 1637 δε
201 1598 384 1646 Neapolis.
422 1607 543 1645 neque
563 1595 664 1633 aliter
685 1594 760 1632 duo
790 1593 1024 1632 Ambrosiam
1047 1596 1086 1633 ὅ(

46 1653 212 1701 quinque
225 1649 338 1686 aliiex
358 1647 496 1685 nostris.
524 1645 588 1683 nisi
608 1645 711 1694 quod
725 1645 762 1682 in
780 1645 841 1688 iis,
871 1647 968 1691 censu
979 1647 1085 1691 frau-

48 1703 166 1738 dante.
202 1699 389 1748 aliquanto
415 1697 530 1745 plures
545 1725 554 1739 ,
567 1696 670 1744 sensu
686 1695 884 1742 fraudante
901 1707 1060 1745 quatuor
1075 1724 1085 1740 ‚

37 1751 156 1801 sensus
168 1749 355 1798 fraudata.
386 1747 497 1785 Unde
529 1748 644 1795 census
662 1746 841 1794 fraudata
867 1746 1085 1791 scribebam,

45 1803 170 1850 quales
193 1799 391 1838 Graecismi
412 1798 605 1836 sollemnes
636 1797 715 1835 sunt
734 1797 895 1842 Nasoni,
925 1798 983 1835 vel
1012 1812 1088 1835 cen-

42 1854 128 1902 fiam
157 1851 341 1897 fraudata.
363 1851 401 1888 &
437 1861 500 1898 per
525 1850 660 1896 censum
692 1848 877 1885 Minerval
909 1849 1089 1898 intellige-

48 1904 131 1942 bam
156 1931 167 1947 ,
205 1901 301 1940 unde
330 1901 498 1939 victitant
534 1899 702 1947 magistri.
732 1898 929 1948 quomodo
957 1902 994 1938 in
1023 1901 1089 1940 illis

49 1951 344 2002 Metamorphos.
366 1963 423 1990 ιν.
442 1953 489 1989 de
507 1950 704 1999 piscatore:

99 2035 174 2068 Ars
193 2031 249 2068 illi
262 2031 330 2080 sua
353 2030 466 2078 census
483 2038 558 2066 erat
572 2045 583 2065 .-
611 2041 688 2065 cum
707 2028 859 2065 traderet
876 2039 989 2066 artem
1003 2057 1013 2073 ,

99 2081 226 2129 Accipe
244 2109 254 2125 ,
281 2094 367 2130 quas
386 2079 490 2117 habeo
503 2108 514 2126 ‚
532 2079 642 2125 studii
660 2079 814 2128 succeffor
832 2091 874 2120 ξφ
894 2080 1011 2117 haeres
1024 2108 1036 2126 ,

102 2133 246 2182 Inquit,
272 2144 355 2181 opes.
852 2148 864 2154 ⁴*

52 2195 113 2234 ubi
143 2195 331 2245 quaestum
361 2207 408 2233 ex
445 2194 618 2242 piscatura
645 2193 784 2231 factum
814 2192 985 2243 designat.
1013 2209 1088 2232 cen-

43 2249 104 2296 sus
133 2259 178 2284 ex
213 2246 376 2295 opificio.
425 2245 697 2293 Quinctilizmus
727 2244 1009 2283 Ded-amatione
1030 2260 1089 2284 XV.

49 2297 95 2335 de
116 2309 301 2346 paupere:
347 2296 518 2345 Excusare
547 2310 614 2333 non
640 2293 728 2343 poffis
746 2323 756 2339 ,
787 2294 820 2342 fi
847 2307 988 2333 tantum
1014 2307 1086 2341 per-

55 2347 180 2384 dideris
206 2347 276 2384 dies
298 2375 310 2392 ,
343 2350 437 2396 cujus
465 2350 578 2396 census
605 2360 646 2382 ex
673 2345 835 2383 manibus
858 2375 868 2390 ,
895 2361 936 2383 ex
964 2347 1090 2384 labori-

53 2398 113 2433 bus
141 2398 332 2445 substantia
352 2426 361 2440 ‚
388 2411 491 2447 quem
509 2397 660 2446 quotidie
682 2397 784 2443 pascit
805 2397 899 2433 ultra
920 2401 1090 2435 rationem

54 2447 238 2494 dimensus.
264 2447 439 2485 militibus
457 2447 547 2483 olim
564 2447 646 2495 jure
668 2447 889 2483 Romanoid
910 2449 1090 2496 privilegii

55 2495 265 2534 concessum
288 2524 299 2540 ,
335 2506 374 2534 ut
403 2497 620 2544 stipendium
650 2495 686 2531 in
715 2496 861 2531 illorum
884 2497 990 2533 censu
1010 2511 1088 2534 non

52 2548 265 2592 haberetur,
292 2547 380 2584 dum
403 2548 639 2584 minorennes
660 2552 783 2586 erant,
811 2556 852 2581 ac
877 2546 1029 2593 proinde
1051 2548 1088 2584 in

52 2607 245 2648 parentum
274 2596 462 2646 potestate.
490 2596 578 2633 hinc
597 2594 782 2642 Juvenalis
805 2594 873 2632 Sat.
899 2607 977 2633 xvi.

282 2689 366 2713 nam
388 2675 571 2726 quaesunt
585 2683 687 2722 parta
706 2671 818 2709 labore

40 2752 42 2755 -
105 2728 280 2772 Militiae,
306 2726 438 2775 placuit
455 2738 522 2762 non
539 2724 596 2773 effe
615 2724 654 2760 in
673 2734 800 2770 corpore
817 2726 941 2770 census.

57 2792 180 2829 civitas
201 2790 311 2827 tenuis
330 2789 426 2838 censu
437 2816 447 2833 ,
459 2800 526 2837 pro
539 2787 668 2836 opibus
688 2787 806 2831 tenui,
821 2786 923 2825 Festo
937 2786 1089 2825 Avieno

57 2843 133 2881 Ora
154 2843 362 2880 Maritima:

282 2907 337 2944 hic
350 2907 409 2957 sat
427 2905 560 2954 angusti
581 2904 666 2940 laris
684 2954 690 2960 ι

107 2959 293 3008 Tenuisque
309 2959 407 3007 censu
426 2957 552 2993 civitas
574 2956 751 3004 Polygtum
771 2954 826 3002 est.

58 3019 211 3071 Injurius
244 3022 352 3071 igitur
385 3020 610 3059 Theodorus
641 3019 826 3056 Marcilius
857 3017 899 3056 ad
921 3018 1087 3066 Satyram

56 3074 197 3110 tertiam
219 3072 325 3110 Persii
352 3072 406 3115 ybs.
434 3075 492 3118 46.
521 3071 608 3107 dum
634 3068 770 3117 sugillat
800 3069 901 3112 illos,
930 3070 992 3117 qui
1016 3069 1089 3106 hoc

59 3122 210 3160 Nasonis
234 3123 320 3160 loco
341 3123 440 3170 censu
469 3133 578 3171 quam
603 3122 697 3166 sensu
719 3119 858 3156 malunt
879 3125 1084 3175 ammittere.

59 3170 130 3209 Sed
155 3173 415 3220 perpendamus
446 3173 554 3220 paulo
576 3171 774 3207 accuratius
806 3169 951 3218 scriptos
983 3170 1084 3207 codr-

57 3233 128 3258 ces.
154 3223 312 3268 optimus
323 3223 520 3260 Vaticanus
539 3232 684 3259 amanti
709 3222 843 3266 prim-a,
868 3230 964 3266 censu
980 3221 1081 3265 frau-

55 3272 152 3307 data.
183 3274 393 3310 veterrimus
411 3274 648 3313 petavianus,
673 3272 764 3320 senju
779 3271 956 3315 fraudare.
981 3279 1024 3326 *ut
1049 3272 1084 3307 ὅί

51 3321 244 3361 Patavinus
262 3323 461 3374 praestantis
479 3332 602 3361 notae.
627 3323 897 3361 Mazariniauus
909 3329 1087 3370 optimus,

2034 798 2188 854 Mille

1143 931 1249 969 turha
1272 931 1368 975 ferae
1380 932 1497 981 sensus
1510 935 1695 981 fraudare.
1713 947 1780 984 pro
1796 936 1899 973 turba
1924 939 2034 976 etiam
2048 937 2083 975 in
2096 937 2192 976 duo-

1144 984 1208 1020 bus
1224 982 1364 1025 ‚verba
1394 984 1505 1022 Unde
1524 995 1649 1033 argute
1673 988 1710 1023 δε
1731 988 1882 1036 ingenio
1905 988 1938 1026 se
1961 988 2188 1026 mehercules

1142 1033 1262 1072 noster
1294 1034 1508 1073 Gronovius
1529 1047 1606 1084 cap.
1631 1048 1684 1074 11.
1711 1037 1771 1074 hb.
1794 1050 1847 1076 iv.
1876 1037 1920 1075 de
1934 1039 2091 1078 Pecunia
2111 1041 2189 1078 Ve-

1142 1094 1261 1123 terum
1275 1112 1285 1128 ‚

1194 1154 1267 1185 Nec
1286 1161 1346 1184 vos
1357 1147 1466 1204 ’thure
1478 1149 1551 1197 seri
1573 1152 1707 1201 censam
1719 1150 1894 1197 fraudare
1915 1151 2069 1200 magistri

1246 1205 1407 1248 spernite.

1143 1260 1235 1297 mihi
1257 1261 1446 1299 videbatur
1464 1261 1500 1299 in
1533 1263 1743 1308 codicibus,
1770 1265 1832 1313 qui
1856 1264 1963 1301 verba
1994 1276 2060 1312 pro
2085 1266 2188 1302 turba

1143 1311 1342 1355 exhibent,
1371 1314 1409 1349 &
1432 1313 1469 1349 in
1492 1313 1553 1351 illo
1577 1316 1817 1352 Mazariniani
1838 1315 1916 1353 libri
1933 1317 2032 1363 serae
2055 1327 2119 1364 pro
2140 1319 2189 1360 fe—

1142 1360 1175 1397 ri
1204 1363 1438 1410 praeferentis
1464 1363 1640 1411 superesse
1660 1376 1789 1403 manus
1820 1366 2052 1405 Nasonianae
2084 1368 2191 1405 vesti·

1139 1412 1222 1459 gia,
1250 1424 1345 1461 quae
1378 1412 1574 1461 reliquisset
1602 1416 1728 1453 nobis:

1192 1484 1264 1515 Nec
1284 1490 1442 1533 vos-aere
1460 1476 1599 1515 brevem
1619 1479 1756 1528 censum
1770 1481 1947 1528 fraudare
1966 1483 2119 1532 magistri

1244 1535 1405 1577 Sperntte.

1140 1593 1199 1631 vel
1227 1596 1336 1632 etiam
1355 1624 1364 1639 ‚
1395 1608 1470 1631 aere
1499 1595 1597 1633 brevi
1610 1598 1809 1643 fraudare,
1837 1611 1903 1648 pro
1927 1602 2061 1650 exiguo
2085 1615 2180 1643 aere.

1144 1644 1192 1682 fic
1210 1658 1288 1683 mus
1307 1645 1444 1690 brevis,
1474 1648 1508 1683 ἃ
1525 1661 1582 1683 ras
1608 1648 1709 1685 breve
1723 1678 1732 1694 ‚
1747 1662 1813 1698 pro
1836 1662 1948 1698 parvo
1964 1655 2078 1701 ,apud
2102 1656 2186 1692 No-

1142 1695 1251 1733 strum
1274 1698 1311 1734 in
1333 1697 1432 1735 hisce
1457 1696 1536 1744 ipfis
1567 1698 1751 1737 Fastorum
1779 1701 1886 1738 libris.
1911 1702 1971 1740 sed
1993 1706 2029 1741 ὅ(
2048 1705 2191 1742 brevem-

1143 1751 1278 1795 censum
1307 1749 1484 1786 Horatius
1510 1748 1660 1788 dixerat.
1689 1761 1752 1797 per
1769 1764 1824 1788 aes
1844 1751 1946 1789 breve
1964 1753 2092 1802 stipem
2123 1756 2189 1794 de-

1144 1796 1268 1846 signat.
1297 1797 1345 1837 fic
1366 1811 1422 1836 aes
1446 1809 1603 1847 parvum
1623 1800 1810 1839 Petronio.
1837 1802 1963 1851 stipem
1993 1805 2190 1844 Minervae

1144 1849 1435 1899 Quinquatribus
1456 1849 1879 1901 consecrabantmagissri
1895 1881 1904 1898 ,
1920 1862 1959 1891 ut
1979 1867 2024 1892 ex
2037 1856 2189 1895 Tertul-

1142 1899 1242 1938 liano
1269 1913 1360 1939 mox
1389 1900 1616 1945 videbimus,
1652 1902 1759 1950 poffis
1787 1904 1899 1942 etiam
1938 1908 2052 1954 census
2077 1909 2189 1954 frau-

1144 1950 1252 1996 dare,
1279 1961 1319 1990 ut
1340 1952 1556 1990 accedamus
1584 1964 1695 2001 quam
1718 1955 1889 2001 proxime
1911 1956 1955 1993 ad
1975 1957 2187 2005 scripturam

1145 2002 1383 2040 Mazariniani
1397 2003 1554 2046 codicis,
1576 2004 1638 2052 qui
1659 2004 1838 2044 lectiones
1849 2007 1973 2054 passim
1993 2007 2079 2047 fidas
2090 2012 2190 2058 opti-

1144 2064 1296 2102 masque
1315 2054 1421 2092 nobis
1439 2053 1688 2100 conservavit,
1716 2067 1736 2093 a
1755 2068 1833 2105 quo
1854 2069 1924 2095 nec
1944 2059 2101 2097 multum
2128 2060 2201 2098 abn-

1142 2102 1235 2143 ludit
1256 2103 1497 2149 petavianus,
1527 2114 1565 2142 ut
1581 2105 1660 2153 jam
1682 2106 1854 2144 vidimus,
1882 2108 1952 2146 Sed
1976 2110 2011 2146 &
2033 2110 2068 2146 in
2091 2111 2187 2149 duo-

1144 2153 1207 2191 bus
1219 2164 1279 2192 aut
1290 2155 1399 2192 tribus
1420 2156 1496 2193 aliis
1510 2157 1662 2193 minoris
1683 2157 1756 2201 rei,
1786 2163 1858 2194 Nec
1869 2172 1931 2195 vos
1949 2160 2052 2196 turba
2067 2161 2182 2199 deam.

1143 2216 1238 2251 quae
1263 2205 1448 2243 diversitas
1469 2206 1662 2254 scripturae
1683 2207 1810 2245 locum
1831 2210 2093 2258 interpolatum
2116 2212 2188 2250 esse

1144 2254 1222 2293 satis
1244 2257 1392 2293 evincit.
1419 2256 1521 2304 quod
1540 2270 1595 2292 aes
1616 2256 1718 2308 breve
1740 2257 1829 2296 dixit
1849 2259 2022 2298 hocloco
2037 2262 2198 2308 Noster„

1144 2305 1180 2343 id
1200 2306 1339 2355 exiguae
1348 2306 1444 2356 stipis
1460 2321 1541 2345 aera
1554 2308 1679 2357 Elegia
1700 2309 1817 2357 prima
1836 2309 1917 2348 libri
1936 2312 2044 2359 primi
2058 2313 2184 2351 Ponti-

1145 2368 1274 2395 corum
1292 2370 1300 2395 :

1194 2428 1294 2462 Ante
1313 2430 1426 2463 Deum
1448 2437 1595 2463 matrem
1614 2440 1717 2464 cornu
1737 2427 1862 2465 tibicen
1880 2429 2014 2465 adunco

1247 2481 1340 2512 Cum
1361 2477 1455 2512 canit
1471 2504 1480 2520 ,
1509 2478 1648 2523 exiguae
1666 2477 1742 2526 quis
1763 2477 1852 2526 stipis
1870 2492 1950 2515 aera
1971 2487 2091 2527 neget?

1147 2535 1321 2573 Ceterum
1337 2535 1382 2573 de
1398 2537 1532 2573 votivis
1551 2537 1840 2586 Quinquatribus
1850 2539 1952 2578 locus
1963 2540 2196 2591 exilatapudss

1144 2584 1362 2632 juvenalem
1385 2585 1455 2623 Sat.
1476 2598 1520 2629 x,
1549 2587 1666 2625 obiter
1682 2587 1924 2637 castigandus:

1195 2648 1382 2698 Eloquium
1403 2661 1443 2685 ac
1455 2650 1598 2696 famam
1619 2652 1851 2699 Demosthenis
1874 2666 1938 2691 aut
1961 2654 2145 2693 Ciceronis-

1197 2699 1321 2747 Incipit
1345 2710 1460 2747 optare
1472 2728 1480 2742 ,
1508 2711 1551 2739 (9⁶
1567 2702 1647 2738 totis
1665 2704 1933 2752 quinquatribus
1952 2716 2044 2754 optat
2059 2734 2068 2750 ,

1196 2749 1367 2799 Qisquis
1393 2751 1508 2786 adhuc
1529 2765 1595 2787 uno
1612 2764 1753 2800 parcam
1772 2757 1912 2803 col-fast
1926 2759 2129 2793 A‘Iinervam
2142 2770 2168 2800 ς·

1195 2804 1310 2848 Qem
1320 2801 1480 2850 sequitur
1496 2803 1598 2847 custos
1614 2804 1772 2852 angustae
1797 2807 1945 2843 vernula
1964 2812 2089 2856 capsae.

1143 2863 1202 2900 Sic
1224 2865 1321 2901 enim
1342 2864 1474 2908 scribo,
1506 2877 1582 2902 non
1608 2874 1750 2913 partam
1780 2870 1996 2906 Minervam.
2038 2880 2193 2920 parcam.

1145 2914 1349 2951 Minervam
1363 2915 1473 2960 dicit,
1494 2927 1562 2963 qua
1582 2928 1670 2964 puer
1680 2928 1784 2965 parce
1797 2920 1916 2957 adbuc
1936 2920 1984 2957 est
2006 2923 2179 2964 imbutus.

1144 2964 1255 3001 tenuis
1275 2966 1441 3002 Minerva
1457 2967 1600 3014 ‚Virgih
1620 2966 1706 3004 AEn.
1726 2979 1816 3006 vm.
1843 2982 1928 3018 409.
1956 2972 2016 3009 ubi
2036 2974 2193 3014 Servius>

1143 3027 1221 3052 non
1243 3015 1400 3054 dissimili
1423 3017 1539 3054 modo
1570 3017 1690 3053 rudem
1719 3029 1871 3068 quoque
1894 3021 2101 3060 Minervam
2126 3026 2182 3063 di-

1146 3066 1259 3102 cebat.
1288 3067 1498 3115 &pinguem
1520 3068 1738 3118 craslamque.
1761 3068 1818 3107 sed
1840 3071 1902 3108 iste
1921 3073 2104 3118 Juvenalis
2124 3076 2178 3112 Io-

1142 3127 1202 3153 cus
1222 3116 1414 3165 discipulos
1441 3120 1566 3167 tangit.
1600 3119 1703 3165 quod
1729 3121 1959 3160 manifestum
1988 3124 2045 3165 fit.
2072 3125 2176 3173 quod

1140 3167 1185 3203 de
1209 3169 1355 3205 vernula
1366 3168 1488 3216 capsae
1501 3169 1647 3206 custode
1660 3171 1790 3208 herum
1801 3172 1972 3220 sequente
1986 3175 2174 3221 subjungit.

1141 3217 1238 3254 hunc
1260 3219 1450 3266 capsarium
1472 3222 1664 3256 vocabant.
1697 3222 1781 3258 vide
1808 3222 2025 3260 Suetonium
2059 3225 2179 3260 Nero-

1142 3280 1188 3305 ne
1212 3279 1288 3316 cap.
1305 3281 1554 3318 xxxvx.qucm
1571 3271 1694 3308 locum
1715 3282 1923 3319 opportune
1946 3274 2176 3309 amicillimus

1142 3318 1261 3358 noster
1281 3319 1458 3359 Graevius
1478 3320 1654 3370 suggessit.
1691 3322 1865 3359 Ceterum
1895 3324 1933 3359 in
1953 3322 2176 3369 Symmacho

2085 3382 2181 3419 quo-
