2495 3675
725 183 785 241 P.
860 174 1283 238 ovtD11

1356 171 1886 234 NASONIS

535 285 650 342 Cur
675 286 773 342 tibi
806 303 905 360 pro
929 283 1149 356 Libycis
1175 278 1487 336 claudantur
1513 289 1628 332 rete
1656 276 1883 335 Leaenis

611 360 852 416 Imbelles
877 374 1096 430 capreae
1122 355 1481 424 sollicitusque
1504 351 1669 423 lepus.

537 433 665 489 Non
694 432 811 496 fibi,
850 428 1153 501 respondit,
1189 427 1333 482 filvas
1358 423 1589 485 cessiffe3
1631 423 1722 480 sed
1751 423 1938 479 hortos
1953 430 1970 486 ,’

612 508 863 576 Arvaque
887 500 1116 575 pugnaci
1141 516 1250 554 non
1275 497 1520 553 adeunda
1547 495 1706 552 ferae.

399 599 461 653 37
472 602 498 651 5
540 579 738 634 Omnia
764 577 996 632 finierat:
1038 586 1226 628 tenues
1249 569 1452 625 seceffit
1479 571 1533 624 in
1559 587 1721 625 auras.

616 650 811 705 Mansit
840 648 995 702 odor.
1034 643 1205 717 poffes
1228 644 1359 698 scire
1385 641 1534 697 fuiffe
1562 642 1754 698 Deam.

539 725 751 780 Floreat
776 736 835 776 ut
858 732 980 774 toto
1007 734 1221 773 carmen
1248 716 1467 771 Nasonis
1492 716 1546 768 in
1571 733 1738 778 aevo;

609 797 840 867 Sparge,
877 809 1101 864 precor,
1141 789 1297 844 donis
1321 787 1537 859 pedora
1562 787 1735 841 nostra
1763 791 1879 843 tuis.

690 868 826 924 Oete
853 866 1024 921 minus
1046 865 1234 938 quarta
1261 873 1475 935 promet
1502 860 1589 915 sua
1614 859 1780 915 fidera
1804 861 2013 918 Chiron

399 945 502 1010 380

763 939 1021 1002 Semivir,
1065 937 1121 991 δε
1153 935 1277 990 flavi
1305 951 1533 1006 corpore
1561 933 1760 988 mixtus
1789 936 1929 1006 equi.

543 1018 732 1073 Pelion
762 1011 1099 1068 Haemoniae
1123 1026 1278 1063 mons
1306 1007 1380 1061 est
1408 1005 1660 1061 obversus
1689 1006 1743 1060 in
1768 1007 2020 1062 Austros:

619 1090 835 1142 Summa
862 1086 1033 1139 virent
1058 1083 1215 1154 pinu:
1257 1093 1434 1135 cetera
1463 1095 1692 1152 quercus
1729 1078 1902 1134 habet.

545 1159 864 1233 Phillyrides
891 1156 1079 1211 tenuit.
1117 1155 1242 1209 saxo
1268 1153 1401 1207 stant
1427 1165 1573 1206 antra
1604 1151 1814 1205 vetusto
1832 1188 1846 1213 ,

621 1234 777 1306 Quae
800 1230 994 1302 justum
1022 1239 1324 1282 memorant
1351 1222 1626 1278 incoluisse
1653 1223 1847 1279 senem.

408 1310 505 1378 585
543 1308 631 1363 Ille
657 1322 868 1368 manuS‚
907 1302 1034 1356 olim
1069 1297 1300 1353 missuras
1329 1295 1571 1351 Hebion
1598 1296 1738 1359 let0,

621 1378 880 1434 Creditur
918 1375 974 1430 in
996 1372 1172 1444 lyricis
1195 1368 1477 1426 detinuisse
1505 1366 1699 1424 modis,

310 1607 395 1647 371.
423 1601 499 1635 Cur
519 1594 584 1633 tibi
597 1603 656 1644 pro
679 1589 809 1639 Libycis
831 1583 1099 1642 clauduntur.)
1119 1584 1303 1623 Claudan-

258 1659 318 1685 tur
340 1648 445 1697 prim.
467 1645 638 1684 Ambros.
664 1642 771 1681 Laeti
800 1640 837 1676 ὃ(
857 1646 1016 1688 quatuor
1043 1637 1115 1675 ahi.
1142 1645 1183 1674 ut
1201 1636 1304 1684 supe-

2235 1445 2423 1504 Vene-

1411 1579 1494 1619 'Aut
1517 1579 1778 1630 confitnguineos
1793 1581 1911 1630 fraffii
1928 1591 2073 1621 crateres
2092 1582 2130 1622 in
2150 1583 2275 1630 hostes3

1413 1633 1476 1670 Sed
1491 1631 1675 1682 pharetrae
1695 1632 1843 1682 infhntes
1869 1645 1913 1675 ey
1932 1634 2056 1673 inania
2085 1645 2180 1685 terga
2191 1637 2370 1682 serarum.

258 1702 354 1737 riora
374 1699 452 1743 iila,
483 1697 576 1735 dixit
598 1708 641 1736 co*
658 1694 722 1732 illa
748 1691 849 1733 licet,
876 1689 960 1734 vel,
990 1687 1129 1725 dixerat
1148 1685 1236 1729 illa,
1266 1693 1306 1723 ut
1365 1694 1424 1733 En
1443 1696 1555 1733 etiarn
1573 1723 1583 1740 ,
1612 1703 1653 1734 ut
1684 1695 1808 1736 laudat
1835 1698 1957 1736 virum
1982 1697 2002 1735 a
2030 1698 2167 1747 justitia
2186 1711 2270 1738 cum
2295 1701 2424 1740 nostro

257 1750 306 1787 est
327 1750 365 1787 in
386 1749 605 1792 Erfurtano,
632 1758 694 1795 per
707 1740 939 1782 parenthesin
956 1739 1133 1788 legantur.
1162 1738 1307 1774 Hans.

261 1799 429 1837 Priscian,
449 1811 527 1848 pag,
543 1810 560 1844 7
571 1810 627 1846 59.
639 1798 724 1834 citat
739 1822 748 1837 ,
763 1791 975 1846 claudantur
986 1799 1052 1826 rete
1064 1794 1312 1843 Leones.men-

259 1849 429 1887 dose.ubi
449 1850 584 1892 docet,
614 1856 690 1885 rete
709 1845 770 1883 hic
792 1854 859 1891 pro
883 1851 948 1898 reti
966 1840 1167 1888 sumptum.
1182 1847 1242 1888 pro
1256 1843 1312 1875 Li-

260 1900 340 1949 bryco
360 1900 573 1937 claudantur
589 1910 657 1937 rete
685 1897 775 1933 leone
803 1894 939 1941 Regius
966 1902 1059 1929 unus
1078 1902 1097 1928 a
1112 1901 1163 1928 m.
1189 1901 1244 1939 pr.

317 1970 401 2007 375.
429 1956 597 2006 Tenues.]
628 1962 759 1993 Vacuas
780 1965 831 2001 pr.
847 1952 976 1989 Ambr.
1001 1953 1039 1989 &
1055 1952 1317 1999 Laeti.succes-

260 2009 308 2059 fit
327 2009 477 2060 quidam
500 2008 599 2047 editi.
614 2009 650 2045 &
665 2011 713 2044 ita
733 2014 807 2043 erat
827 2005 863 2042 in
885 2003 975 2041 ouo
994 2002 1103 2040 libris.
1130 2001 1191 2040 sed
1212 2013 1316 2050 prae-

262 2063 343 2099 fero
363 2061 552 2110 vulgatum
570 2056 756 2109 seceffitmt
780 2067 833 2093 ιν.
853 2053 962 2093 Trist.
983 2065 1074 2092 vm.
1095 2063 1155 2099 27.
1182 2053 1317 2090 Secede-

264 2126 300 2149 re
312 2114 350 2150 in
373 2112 498 2150 hortos.
526 2110 657 2148 BuuM.

321 2188 403 2226 377.
432 2183 475 2213 In
496 2175 620 2224 aeva]
663 2181 703 2211 In
724 2172 798 2210 orbe
819 2172 971 2210 Thuan.
991 2181 1105 2209 totum
1125 2171 1162 2208 in
1182 2184 1313 2208 aevum

265 2239 371 2266 unus.
395 2237 463 2264 toto
482 2227 520 2262 in
540 2239 632 2262 anno
660 2227 761 2263 alius.
788 2237 911 2261 nomen
934 2223 1083 2270 Nasonis
1110 2222 1313 2272 Gottorph.

267 2279 410 2317 Moreti
433 2279 471 2315 ἃ
492 2276 568 2314 duo
590 2277 659 2314 alii.

323 2348 408 2386 379.
438 2340 545 2374 Noeta
567 2338 686 2374 minus
704 2335 873 2387 quarta]
927 2347 963 2373 v.
992 2335 1121 2374 Nonas
1152 2335 1315 2372 Centau-

271 2400 330 2427 rus
350 2389 465 2427 fertur
482 2391 520 2427 in
541 2397 663 2426 ortum
680 2402 687 2425 ;
718 2388 853 2425 eodem
873 2395 1045 2435 ternpore
1066 2387 1104 2424 ὅτ
1123 2385 1316 2423 Columel-

266 2439 323 2477 lae
344 2440 382 2476 δε
397 2439 594 2488 Rhapsodo
612 2440 662 2476 illi
678 2467 688 2482 ‚
706 2439 768 2477 sub
787 2438 943 2476 nornine
963 2435 1198 2476 Ptolemaeia
1213 2436 1314 2473 Leo-

273 2492 361 2527 nico
384 2491 497 2529 edito.
525 2490 702 2528 Numi.
738 2492 844 2526 Noele
865 2488 983 2525 minus
1008 2488 1135 2538 quinta
1162 2486 1316 2524 Hercul.

270 2553 362 2577 imus
384 2540 536 2579 Hercul.
569 2540 698 2578 Heius.
731 2540 975 2589 conjiciebat,
999 2539 1097 2587 pius,
1124 2546 1166 2576 ut
1185 2537 1317 2575 δικαιό-

276 2604 387 2634 τατος
407 2592 618 2637 Κεντάυρων
645 2592 786 2629 Chiron
808 2590 982 2627 Homero
1005 2589 1150 2627 dicitur.
1166 2589 1205 2626 &
1227 2599 1320 2625 mox

274 2654 358 2690 413.
372 2640 559 2692 Justiffime
569 2642 714 2680 Chiron.
728 2640 862 2692 promit
875 2640 986 2678 etiam
1002 2640 1196 2678 Mediceus
1216 2650 1322 2676 unus.

197 2734 204 2738 ⁴
273 2690 406 2732 buum.

331 2756 412 2803 381.
442 2757 555 2794 Pelion
578 2752 796 2804 AEmoniae.]
853 2750 1036 2790 Describit
1055 2749 1118 2788 ubi
1147 2747 1322 2798 &quales

279 2815 379 2843 erant
403 2808 572 2846 Chironis
591 2808 710 2845 aedes.
746 2804 817 2842 Sed
834 2802 880 2842 de
900 2803 954 2841 his
981 2802 1030 2840 sic
1051 2799 1162 2839 fufius
1180 2800 1324 2848 elegans

276 2857 408 2894 Statius
427 2859 547 2905 primo
570 2856 796 2896 Achilleidos
812 2868 821 2893 ε

562 2925 695 2957 Domus
721 2920 834 2956 ardua
854 2928 1006 2955 montem

327 2969 485 3014 Perfhrat
501 2997 509 3012 ,
538 2982 579 3008 ω·
599 2972 692 3018 longo
706 2969 880 3018 suspendit
901 2970 1021 3007 Pelion
1036 2980 1133 3006 arcu.

331 3025 420 3055 Pars
437 3019 602 3065 exhausta
622 3033 731 3055 manu
744 3047 753 3062 ‚
779 3030 913 3067 partem
937 3022 1004 3067 sua
1024 3027 1161 3067 ruperat
1180 3028 1298 3061 aeram

334 3075 436 3119 Signa
458 3080 601 3111 tamen,
630 3069 835 3116 Divumque
862 3069 928 3106 tori
950 3095 960 3112 ,
999 3079 1041 3108 Φ*
1061 3082 1161 3118 quem
1184 3070 1326 3119 quisque

454 3121 616 3167 sacrarat

334 3170 514 3209 'Accubitu
531 3170 691 3218 genioque
705 3197 714 3213 ‚
743 3169 831 3205 Iocus
853 3166 1064 3216 monstratur
1078 3185 1088 3205 .·
1118 3179 1157 3205 at
1175 3168 1273 3207 intra

330 3220 502 3259 Centauri
513 3220 652 3268 stabula
671 3220 745 3261 alta
763 3229 883 3268 patent
899 3248 908 3263 ‚
946 3232 1012 3256 non
1033 3233 1143 3268 aequa
1167 3221 1326 3266 nefandis

334 3272 528 3310 Fratribus.
561 3270 627 3307 Hic
650 3270 831 3307 hominum
855 3270 967 3306 nullos
988 3273 1125 3318 experta
1145 3283 1274 3310 cruores

324 3323 480 3373 Spicula,
509 3335 567 3360 nec
588 3332 731 3374 truncae
751 3320 845 3358 bellis
857 3320 1047 3370 genialibus
1071 3320 1147 3359 orni
1160 3341 1175 3366 5

1368 1745 1629 1795 Fastographo.
1657 1747 1782 1786 Nem.
1810 1748 1918 1787 Pelios
1938 1748 2014 1787 duo
2031 1750 2123 1787 libri.
2151 1752 2446 1799 conversusSar«

1370 1808 1447 1835 rav.
1468 1799 1506 1836 ὃς
1528 1809 1619 1836 unus
1646 1797 1805 1837 Heinfii.
1825 1799 1901 1838 vid.
1930 1812 2021 1840 xm.
2051 1801 2148 1840 Met.
2169 1812 2251 1850 715.
2279 1803 2427 1852 aversus

1370 1859 1480 1887 unus.
1499 1850 1634 1894 everfits
1656 1849 1745 1888 duo.

1426 1899 1510 1948 382.
1538 1905 1685 1937 Summa
1708 1901 1828 1939 virent
1844 1900 1976 1951 pinu.]
2014 1902 2110 1940 Viret
2130 1902 2248 1941 codex
2265 1916 2360 1943 unus
2377 1917 2424 1944 ex

1372 1952 1486 1996 meis,
1516 1951 1606 1989 alius
1630 1951 1759 1990 itidem
1788 1964 1834 1991 ex
1863 1952 2059 1994 Mediceis.
2079 1954 2238 2004 eleganti
2258 1956 2425 2001 Graeci&

1371 2013 1450 2041 mo.
1478 2003 1574 2040 Met.
1595 2002 1657 2041 lib.
1681 2015 1735 2042 tv.
1758 2004 1843 2053 526.

1423 2069 1588 2107 Imminet
1606 2069 1809 2120 aequoribus
1821 2071 1992 2120 scopulus.
2007 2079 2090 2122 pars
2110 2070 2184 2108 ima
2205 2081 2356 2108 cavatur

1421 2119 1598 2158 fluetibus
1613 2148 1623 2166 ,
1649 2133 1694 2161 (9'
1715 2123 1822 2159 tebias
1850 2122 2004 2169 defendit
2026 2122 2069 2159 ab
2098 2121 2266 2158 imbribus
2285 2122 2399 2160 undas
2412 2126 2426 2168 3

1420 2176 1568 2208 Summa
1587 2172 1693 2210 viret.

1371 2230 1433 2269 ubi
1451 2241 1641 2279 perperam
1675 2230 1696 2267 a
1725 2230 1912 2268 nonnullis
1940 2229 2061 2266 virent
2091 2232 2293 2279 reponitur.
2345 2233 2425 2274 Eo-

1371 2281 1458 2320 dem
1477 2280 1570 2319 libro
1585 2309 1596 2326 ‚
1623 2292 1669 2319 ex
1688 2279 1761 2320 fide
1786 2282 2018 2330 optimorum
2040 2280 2212 2320 codicum
2226 2312 2237 2328 ‚

1424 2347 1575 2395 Quaque
1586 2353 1683 2395 patet
1703 2358 1796 2383 nunc
1818 2354 1912 2394 terga
1935 2344 2031 2382 cavis
2040 2346 2250 2397 superobfita
2269 2348 2423 2397 conchis,
2458 2378 2471 2383 «ν

1426 2402 1533 2434 Nunc
1552 2395 1703 2434 laterum
1723 2396 1825 2444 costas
1835 2396 1924 2443 serit
1945 2398 2031 2446 ense.

1372 2458 1421 2496 fic
1453 2460 1492 2498 δε
1515 2460 1612 2508 apud
1640 2459 1834 2499 Avlenurn
1858 2460 1999 2510 corrige
2029 2460 2289 2510 Descriptione
2317 2464 2426 2504 Orbis

1372 2510 1451 2559 ipso
1472 2510 1590 2548 statim
1612 2510 1721 2549 initio
1736 2539 1746 2557 ‚

1683 2575 1754 2611 qua
1770 2561 1807 2610 se
1824 2562 1912 2610 salis
1930 2560 2086 2613 insinuat
2108 2563 2185 2608 vis,

1428 2618 1684 2662 Terrarumque
1700 2614 1797 2650 cavis
1815 2612 1975 2652 illabitur
1995 2614 2128 2650 arduus
2140 2614 2249 2650 Atlas
2260 2641 2271 2658 ‚

1430 2664 1515 2710 Qa
1526 2663 1612 2711 juga
1632 2663 1715 2712 celsa
1734 2673 1867 2710 tumet,
1895 2664 2022 2714 Libyae
2033 2665 2101 2713 sese
2116 2663 2261 2711 explicat
2283 2678 2355 2704 ora.

1378 2724 1479 2764 idem
1499 2738 1591 2764 mox
1605 2755 1615 2771 ,

1506 2803 1606 2813 -·
1634 2791 1695 2829 Ab
1717 2793 1868 2843 Zephyro
1887 2793 1970 2832 hinc
1987 2800 2081 2841 rupes
2101 2790 2240 2841 dorsum
2262 2803 2387 2836 tumet.

1431 2916 1522 2954 Scire
1535 2916 1601 2966 fibi
1621 2916 1692 2954 late
1711 2917 1850 2964 dorsum
1871 2926 1993 2953 tumet.

1380 2966 1478 3005 idem
1493 2995 1504 3011 ‚
1533 2970 1684 3016 Dorsum
1708 2976 1819 3002 tumet
1838 2965 1893 3003 hic
1914 2966 2074 3015 Erythia.
2104 2969 2193 3006 nihil
2216 2971 2250 3008 in
2271 2970 2335 3010 illo
2355 2973 2427 3011 fre-¹

1379 3018 1550 3067 quentius
1567 3018 1621 3055 his
1653 3017 1882 3055 Graecismis.
1911 3018 2056 3055 Herus.
2110 3019 2192 3067 Ego
2224 3029 2346 3060 tamen
2367 3025 2427 3062 hic

1380 3069 1557 3107 retineam
1573 3095 1584 3112 ‚
1603 3067 1746 3115 summa
1767 3068 1885 3105 virent
1899 3097 1908 3113 ,
1930 3077 2077 3117 propter
2103 3069 2254 3120 sequens
2269 3101 2279 3118 ,
2307 3067 2427 3112 cetera.

1382 3120 1421 3158 &
1440 3118 1536 3157 aliud
1556 3117 1626 3155 esse
1647 3120 1683 3156 in
1712 3118 1798 3156 loco
1829 3131 1883 3158 iv.
1919 3119 2013 3157 Met.
2038 3120 2120 3167 526.
2149 3123 2198 3160 ibi
2219 3123 2426 3163 docuimus.

1381 3171 1445 3220 qui
1464 3178 1589 3207 tamen
1612 3169 1864 3208 Graecismum
1887 3170 2087 3208 defendere
2110 3172 2224 3218 velit,
2251 3174 2428 3213 habeatis

1380 3221 1506 3259 locum
1530 3219 1688 3257 Caesaris
1708 3232 1753 3258 11.
1782 3220 1828 3259 de
1848 3220 1888 3258 B.
1912 3220 1959 3258 G.
1985 3232 2040 3267 17.
2069 3222 2129 3259 ubi
2152 3224 2188 3261 in
2210 3225 2301 3262 Mss.
2323 3226 2428 3264 Peta-

1380 3272 1431 3309 vii
1451 3271 1581 3320 legitur
1595 3270 1866 3318 ,collis‚infima
1896 3281 2055 3321 apertus,
2084 3273 2127 3309 ab
2143 3274 2313 3323 superiore
2331 3286 2427 3325 parte

1372 3321 1560 3372 filvestri55
1591 3322 1702 3372 vulgo
1716 3349 1726 3367 ‚
1753 3320 1894 3369 infimus
1914 3333 2073 3373 apertus,
2096 3327 2199 3374 quod
2212 3327 2332 3365 minus
2354 3323 2431 3362 ele-²

2304 3384 2428 3425 gamex
