<?xml version="1.0" encoding="UTF-8"?>
<!DOCTYPE html PUBLIC "-//W3C//DTD XHTML 1.0 Transitional//EN"
    "http://www.w3.org/TR/xhtml1/DTD/xhtml1-transitional.dtd">
<html xmlns="http://www.w3.org/1999/xhtml" xml:lang="en" lang="en">
 <head>
  <title>
</title>
<meta http-equiv="Content-Type" content="text/html;charset=utf-8" />
  <meta name='ocr-system' content='tesseract 3.04.00' />
  <meta name='ocr-capabilities' content='ocr_page ocr_carea ocr_par ocr_line ocrx_word'/>
</head>
<body>
  <div class='ocr_page' id='page_1' title='image "./publiiovidiinaso03ovid_0335.png"; bbox 0 0 2495 3675; ppageno 0'>
   <div class='ocr_carea' id='block_1_1' title="bbox 426 149 1099 214">
    <p class='ocr_par' dir='ltr' id='par_1_1' title="bbox 426 149 1099 214">
     <span class='ocr_line' id='line_1_1' title="bbox 426 149 1099 214; baseline -0.01 0"><span class='ocrx_word' id='word_1_1' title='bbox 426 149 1099 214; x_wconf 87' lang='lat' dir='ltr'><strong>FASTOR</strong></span> 
     </span>
    </p>
   </div>
   <div class='ocr_carea' id='block_1_2' title="bbox 1169 147 1847 210">
    <p class='ocr_par' dir='ltr' id='par_1_2' title="bbox 1169 147 1847 210">
     <span class='ocr_line' id='line_1_2' title="bbox 1169 147 1847 210; baseline 0.004 -5"><span class='ocrx_word' id='word_1_2' title='bbox 1169 147 1226 205; x_wconf 92' lang='lat' dir='ltr'>U</span> <span class='ocrx_word' id='word_1_3' title='bbox 1300 147 1371 203; x_wconf 91' lang='lat' dir='ltr'>M</span> <span class='ocrx_word' id='word_1_4' title='bbox 1492 149 1687 206; x_wconf 73' lang='lat' dir='ltr'><strong>Ltss.</strong></span> <span class='ocrx_word' id='word_1_5' title='bbox 1775 151 1847 210; x_wconf 89' lang='lat' dir='ltr'><strong>V.</strong></span> 
     </span>
    </p>
   </div>
   <div class='ocr_carea' id='block_1_3' title="bbox 2157 171 2252 219">
    <p class='ocr_par' dir='ltr' id='par_1_3' title="bbox 2157 171 2252 219">
     <span class='ocr_line' id='line_1_3' title="bbox 2157 171 2252 219; baseline 0 -11"><span class='ocrx_word' id='word_1_6' title='bbox 2157 171 2252 219; x_wconf 83' lang='lat'><strong>321</strong></span> 
     </span>
    </p>
   </div>
   <div class='ocr_carea' id='block_1_4' title="bbox 385 247 1716 401">
    <p class='ocr_par' dir='ltr' id='par_1_4' title="bbox 385 247 1716 401">
     <span class='ocr_line' id='line_1_4' title="bbox 385 247 1716 326; baseline -0.007 -14"><span class='ocrx_word' id='word_1_7' title='bbox 385 257 465 312; x_wconf 91' lang='lat' dir='ltr'><strong>At</strong></span> <span class='ocrx_word' id='word_1_8' title='bbox 487 256 628 311; x_wconf 90' lang='lat' dir='ltr'><strong>canis</strong></span> <span class='ocrx_word' id='word_1_9' title='bbox 653 267 776 310; x_wconf 89' lang='lat' dir='ltr'><strong>ante</strong></span> <span class='ocrx_word' id='word_1_10' title='bbox 802 253 994 326; x_wconf 79' lang='lat' dir='ltr'><strong>pedeS,</strong></span> <span class='ocrx_word' id='word_1_11' title='bbox 1027 252 1152 307; x_wconf 87' lang='lat' dir='ltr'><strong>saxo</strong></span> <span class='ocrx_word' id='word_1_12' title='bbox 1176 247 1459 304; x_wconf 88' lang='lat' dir='ltr'><strong>fabricatus</strong></span> <span class='ocrx_word' id='word_1_13' title='bbox 1484 249 1680 303; x_wconf 88' lang='lat' dir='ltr'><strong>eodem</strong></span> <span class='ocrx_word' id='word_1_14' title='bbox 1701 284 1716 308; x_wconf 91' lang='lat'>‚</span> 
     </span>
     <span class='ocr_line' id='line_1_5' title="bbox 457 318 1703 401; baseline -0.01 -16"><span class='ocrx_word' id='word_1_15' title='bbox 457 329 652 385; x_wconf 81' lang='lat' dir='ltr'>Stabat.</span> <span class='ocrx_word' id='word_1_16' title='bbox 693 345 830 401; x_wconf 90' lang='lat' dir='ltr'><strong>quae</strong></span> <span class='ocrx_word' id='word_1_17' title='bbox 855 325 1022 380; x_wconf 88' lang='lat' dir='ltr'><strong>standi</strong></span> <span class='ocrx_word' id='word_1_18' title='bbox 1047 339 1171 378; x_wconf 92' lang='lat' dir='ltr'><strong>cum</strong></span> <span class='ocrx_word' id='word_1_19' title='bbox 1202 321 1346 376; x_wconf 85' lang='lat' dir='ltr'><strong>Lare</strong></span> <span class='ocrx_word' id='word_1_20' title='bbox 1372 318 1542 376; x_wconf 85' lang='lat' dir='ltr'><strong>cauffa</strong></span> <span class='ocrx_word' id='word_1_21' title='bbox 1569 321 1703 375; x_wconf 88' lang='lat' dir='ltr'><strong>fuit?</strong></span> 
     </span>
    </p>
   </div>
   <div class='ocr_carea' id='block_1_5' title="bbox 384 391 2051 475">
    <p class='ocr_par' dir='ltr' id='par_1_5' title="bbox 384 391 2051 475">
     <span class='ocr_line' id='line_1_6' title="bbox 384 391 2051 475; baseline -0.005 -16"><span class='ocrx_word' id='word_1_22' title='bbox 384 403 569 459; x_wconf 90' lang='lat' dir='ltr'><strong>Servat</strong></span> <span class='ocrx_word' id='word_1_23' title='bbox 594 418 823 474; x_wconf 90' lang='lat' dir='ltr'><strong>uterque</strong></span> <span class='ocrx_word' id='word_1_24' title='bbox 849 399 1074 453; x_wconf 86' lang='lat' dir='ltr'><strong>domum</strong></span> <span class='ocrx_word' id='word_1_25' title='bbox 1099 433 1114 458; x_wconf 95' lang='lat'>,</span> <span class='ocrx_word' id='word_1_26' title='bbox 1151 393 1378 449; x_wconf 83' lang='lat' dir='ltr'><strong>domino</strong></span> <span class='ocrx_word' id='word_1_27' title='bbox 1404 411 1623 467; x_wconf 86' lang='lat' dir='ltr'><strong>quoque</strong></span> <span class='ocrx_word' id='word_1_28' title='bbox 1638 391 1785 475; x_wconf 32' lang='lat' dir='ltr'><strong>‘fidus</strong></span> <span class='ocrx_word' id='word_1_29' title='bbox 1811 404 2051 468; x_wconf 80' lang='lat' dir='ltr'><strong>uterque.</strong></span> 
     </span>
    </p>
   </div>
   <div class='ocr_carea' id='block_1_6' title="bbox 243 494 342 547">
    <p class='ocr_par' dir='ltr' id='par_1_6' title="bbox 243 494 342 547">
     <span class='ocr_line' id='line_1_7' title="bbox 243 494 342 547; baseline 0 -18"><span class='ocrx_word' id='word_1_30' title='bbox 243 494 342 547; x_wconf 85' lang='lat'><strong>140</strong></span> 
     </span>
    </p>
   </div>
   <div class='ocr_carea' id='block_1_7' title="bbox 449 468 1670 547">
    <p class='ocr_par' dir='ltr' id='par_1_7' title="bbox 449 468 1670 547">
     <span class='ocr_line' id='line_1_8' title="bbox 449 468 1670 547; baseline -0.009 -16"><span class='ocrx_word' id='word_1_31' title='bbox 449 475 704 547; x_wconf 85' lang='lat' dir='ltr'>Compita</span> <span class='ocrx_word' id='word_1_32' title='bbox 727 483 873 544; x_wconf 89' lang='lat' dir='ltr'><strong>grata</strong></span> <span class='ocrx_word' id='word_1_33' title='bbox 897 469 1050 523; x_wconf 91' lang='lat' dir='ltr'><strong>Deo:</strong></span> <span class='ocrx_word' id='word_1_34' title='bbox 1090 468 1327 539; x_wconf 89' lang='lat' dir='ltr'><strong>compita</strong></span> <span class='ocrx_word' id='word_1_35' title='bbox 1364 481 1510 539; x_wconf 88' lang='lat' dir='ltr'><strong>grata</strong></span> <span class='ocrx_word' id='word_1_36' title='bbox 1535 484 1670 521; x_wconf 82' lang='lat' dir='ltr'><strong>cani.</strong></span> 
     </span>
    </p>
   </div>
   <div class='ocr_carea' id='block_1_8' title="bbox 231 539 1878 1127">
    <p class='ocr_par' dir='ltr' id='par_1_8' title="bbox 381 539 1770 689">
     <span class='ocr_line' id='line_1_9' title="bbox 381 539 1657 621; baseline -0.008 -17"><span class='ocrx_word' id='word_1_37' title='bbox 381 549 670 621; x_wconf 81' lang='lat' dir='ltr'><strong>Exagitant</strong></span> <span class='ocrx_word' id='word_1_38' title='bbox 698 544 754 598; x_wconf 86' lang='lat'>&amp;</span> <span class='ocrx_word' id='word_1_39' title='bbox 788 543 925 605; x_wconf 90' lang='lat' dir='ltr'><strong>Lar,</strong></span> <span class='ocrx_word' id='word_1_40' title='bbox 964 542 1020 594; x_wconf 85' lang='lat'>&amp;</span> <span class='ocrx_word' id='word_1_41' title='bbox 1049 539 1202 595; x_wconf 87' lang='lat' dir='ltr'><strong>turba</strong></span> <span class='ocrx_word' id='word_1_42' title='bbox 1227 539 1449 604; x_wconf 87' lang='lat' dir='ltr'><strong>Diania,</strong></span> <span class='ocrx_word' id='word_1_43' title='bbox 1487 539 1657 594; x_wconf 83' lang='lat' dir='ltr'><strong>fures:</strong></span> 
     </span>
     <span class='ocr_line' id='line_1_10' title="bbox 452 613 1770 689; baseline -0.008 -12"><span class='ocrx_word' id='word_1_44' title='bbox 452 618 884 689; x_wconf 80' lang='lat' dir='ltr'><strong>pervigilantque</strong></span> <span class='ocrx_word' id='word_1_45' title='bbox 911 614 1107 675; x_wconf 79' lang='lat' dir='ltr'><strong>Lare83</strong></span> <span class='ocrx_word' id='word_1_46' title='bbox 1150 613 1574 685; x_wconf 82' lang='lat' dir='ltr'><strong>pervigilantque</strong></span> <span class='ocrx_word' id='word_1_47' title='bbox 1600 628 1770 667; x_wconf 76' lang='lat' dir='ltr'><strong>canes·</strong></span> 
     </span>
    </p>

    <p class='ocr_par' dir='ltr' id='par_1_9' title="bbox 374 685 1664 820">
     <span class='ocr_line' id='line_1_11' title="bbox 374 685 1664 764; baseline -0.008 -14"><span class='ocrx_word' id='word_1_48' title='bbox 374 695 508 750; x_wconf 86' lang='lat' dir='ltr'><strong>Bina</strong></span> <span class='ocrx_word' id='word_1_49' title='bbox 532 689 884 764; x_wconf 86' lang='lat' dir='ltr'><strong>gemellorum</strong></span> <span class='ocrx_word' id='word_1_50' title='bbox 907 686 1227 760; x_wconf 81' lang='lat' dir='ltr'><strong>quaerebam</strong></span> <span class='ocrx_word' id='word_1_51' title='bbox 1255 685 1394 757; x_wconf 84' lang='lat' dir='ltr'><strong>signa</strong></span> <span class='ocrx_word' id='word_1_52' title='bbox 1417 685 1664 740; x_wconf 84' lang='lat' dir='ltr'><strong>Deorum</strong></span> 
     </span>
     <span class='ocr_line' id='line_1_12' title="bbox 448 757 1535 820; baseline -0.006 -1"><span class='ocrx_word' id='word_1_53' title='bbox 448 763 666 820; x_wconf 82' lang='lat' dir='ltr'><strong>Viribus</strong></span> <span class='ocrx_word' id='word_1_54' title='bbox 690 761 916 816; x_wconf 84' lang='lat' dir='ltr'><strong>annosae</strong></span> <span class='ocrx_word' id='word_1_55' title='bbox 944 758 1077 814; x_wconf 59' lang='lat' dir='ltr'><strong>saffra</strong></span> <span class='ocrx_word' id='word_1_56' title='bbox 1101 757 1301 813; x_wconf 88' lang='lat' dir='ltr'><strong>caduca</strong></span> <span class='ocrx_word' id='word_1_57' title='bbox 1327 776 1535 813; x_wconf 87' lang='lat' dir='ltr'><strong>morae:</strong></span> 
     </span>
    </p>

    <p class='ocr_par' dir='ltr' id='par_1_10' title="bbox 231 830 1878 909">
     <span class='ocr_line' id='line_1_13' title="bbox 231 830 1878 909; baseline -0.004 -16"><span class='ocrx_word' id='word_1_58' title='bbox 231 855 328 909; x_wconf 85' lang='lat'><strong>145</strong></span> <span class='ocrx_word' id='word_1_59' title='bbox 362 837 519 893; x_wconf 88' lang='lat' dir='ltr'><strong>Mille</strong></span> <span class='ocrx_word' id='word_1_60' title='bbox 549 836 712 890; x_wconf 85' lang='lat' dir='ltr'><strong>Lares</strong></span> <span class='ocrx_word' id='word_1_61' title='bbox 731 874 744 898; x_wconf 93' lang='lat'>,</span> <span class='ocrx_word' id='word_1_62' title='bbox 780 833 1126 904; x_wconf 86' lang='lat' dir='ltr'><strong>Geniumque</strong></span> <span class='ocrx_word' id='word_1_63' title='bbox 1151 832 1330 895; x_wconf 84' lang='lat' dir='ltr'><strong>ducis,</strong></span> <span class='ocrx_word' id='word_1_64' title='bbox 1368 832 1460 904; x_wconf 85' lang='lat' dir='ltr'><strong>qui</strong></span> <span class='ocrx_word' id='word_1_65' title='bbox 1487 830 1704 884; x_wconf 85' lang='lat' dir='ltr'><strong>tradidit</strong></span> <span class='ocrx_word' id='word_1_66' title='bbox 1730 831 1844 887; x_wconf 86' lang='lat' dir='ltr'><strong>illos</strong></span> <span class='ocrx_word' id='word_1_67' title='bbox 1862 869 1878 895; x_wconf 91' lang='lat'>,</span> 
     </span>
    </p>

    <p class='ocr_par' dir='ltr' id='par_1_11' title="bbox 451 904 1669 968">
     <span class='ocr_line' id='line_1_14' title="bbox 451 904 1669 968; baseline -0.006 -4"><span class='ocrx_word' id='word_1_68' title='bbox 451 909 595 964; x_wconf 87' lang='lat' dir='ltr'><strong>Urbs</strong></span> <span class='ocrx_word' id='word_1_69' title='bbox 618 906 809 968; x_wconf 80' lang='lat' dir='ltr'><strong>habet3</strong></span> <span class='ocrx_word' id='word_1_70' title='bbox 852 908 907 959; x_wconf 72' lang='grc' dir='ltr'><strong>δε</strong></span> <span class='ocrx_word' id='word_1_71' title='bbox 933 906 1037 960; x_wconf 86' lang='lat' dir='ltr'><strong>vici</strong></span> <span class='ocrx_word' id='word_1_72' title='bbox 1065 905 1281 958; x_wconf 85' lang='lat' dir='ltr'><strong>numina</strong></span> <span class='ocrx_word' id='word_1_73' title='bbox 1309 906 1445 958; x_wconf 89' lang='lat' dir='ltr'><strong>trina</strong></span> <span class='ocrx_word' id='word_1_74' title='bbox 1470 904 1669 958; x_wconf 87' lang='lat' dir='ltr'><strong>colunt.</strong></span> 
     </span>
    </p>

    <p class='ocr_par' dir='ltr' id='par_1_12' title="bbox 367 976 1837 1127">
     <span class='ocr_line' id='line_1_15' title="bbox 367 976 1837 1056; baseline -0.005 -19"><span class='ocrx_word' id='word_1_75' title='bbox 367 983 499 1056; x_wconf 90' lang='lat' dir='ltr'><strong>Quo</strong></span> <span class='ocrx_word' id='word_1_76' title='bbox 527 980 704 1036; x_wconf 86' lang='lat' dir='ltr'><strong>feror?</strong></span> <span class='ocrx_word' id='word_1_77' title='bbox 745 978 1015 1051; x_wconf 86' lang='lat' dir='ltr'><strong>Augustus</strong></span> <span class='ocrx_word' id='word_1_78' title='bbox 1043 976 1230 1032; x_wconf 83' lang='lat' dir='ltr'><strong>mensis</strong></span> <span class='ocrx_word' id='word_1_79' title='bbox 1254 978 1381 1031; x_wconf 84' lang='lat' dir='ltr'><strong>mihi</strong></span> <span class='ocrx_word' id='word_1_80' title='bbox 1411 977 1655 1031; x_wconf 81' lang='lat' dir='ltr'><strong>carminis</strong></span> <span class='ocrx_word' id='word_1_81' title='bbox 1687 976 1837 1048; x_wconf 81' lang='lat' dir='ltr'><strong>hujus</strong></span> 
     </span>
     <span class='ocr_line' id='line_1_16' title="bbox 434 1048 1661 1127; baseline -0.005 -17"><span class='ocrx_word' id='word_1_82' title='bbox 434 1055 529 1127; x_wconf 86' lang='lat' dir='ltr'><strong>Jus</strong></span> <span class='ocrx_word' id='word_1_83' title='bbox 554 1053 717 1110; x_wconf 90' lang='lat' dir='ltr'><strong>dabit.</strong></span> <span class='ocrx_word' id='word_1_84' title='bbox 740 1052 945 1108; x_wconf 87' lang='lat' dir='ltr'><strong>interea</strong></span> <span class='ocrx_word' id='word_1_85' title='bbox 968 1051 1108 1107; x_wconf 90' lang='lat' dir='ltr'><strong>Diva</strong></span> <span class='ocrx_word' id='word_1_86' title='bbox 1132 1049 1374 1105; x_wconf 85' lang='lat' dir='ltr'><strong>canenda</strong></span> <span class='ocrx_word' id='word_1_87' title='bbox 1396 1049 1546 1104; x_wconf 79' lang='lat' dir='ltr'><strong>Bona</strong></span> <span class='ocrx_word' id='word_1_88' title='bbox 1572 1048 1661 1104; x_wconf 82' lang='lat' dir='ltr'><strong>est.</strong></span> 
     </span>
    </p>
   </div>
   <div class='ocr_carea' id='block_1_9' title="bbox 27 1315 1129 2878">
    <p class='ocr_par' dir='ltr' id='par_1_13' title="bbox 76 1315 1122 1421">
     <span class='ocr_line' id='line_1_17' title="bbox 76 1315 1122 1370; baseline -0.005 -11"><span class='ocrx_word' id='word_1_89' title='bbox 76 1326 135 1359; x_wconf 86' lang='lat' dir='ltr'><strong>tos</strong></span> <span class='ocrx_word' id='word_1_90' title='bbox 157 1319 324 1370; x_wconf 79' lang='lat' dir='ltr'><strong>reperio,</strong></span> <span class='ocrx_word' id='word_1_91' title='bbox 351 1319 388 1357; x_wconf 91' lang='lat' dir='ltr'><strong>in</strong></span> <span class='ocrx_word' id='word_1_92' title='bbox 408 1317 603 1364; x_wconf 82' lang='lat' dir='ltr'><strong>cubiculo,</strong></span> <span class='ocrx_word' id='word_1_93' title='bbox 633 1317 670 1356; x_wconf 89' lang='lat'>&amp;</span> <span class='ocrx_word' id='word_1_94' title='bbox 700 1318 740 1356; x_wconf 90' lang='lat' dir='ltr'><strong>in</strong></span> <span class='ocrx_word' id='word_1_95' title='bbox 758 1315 999 1367; x_wconf 90' lang='lat' dir='ltr'><strong>compluvio,</strong></span> <span class='ocrx_word' id='word_1_96' title='bbox 1028 1316 1065 1354; x_wconf 62' lang='grc' dir='ltr'><strong>ὅ(</strong></span> <span class='ocrx_word' id='word_1_97' title='bbox 1085 1316 1122 1354; x_wconf 91' lang='lat' dir='ltr'><strong>in</strong></span> 
     </span>
     <span class='ocr_line' id='line_1_18' title="bbox 77 1368 664 1421; baseline -0.009 -11"><span class='ocrx_word' id='word_1_98' title='bbox 77 1372 223 1421; x_wconf 89' lang='lat' dir='ltr'><strong>porticu</strong></span> <span class='ocrx_word' id='word_1_99' title='bbox 244 1372 331 1408; x_wconf 88' lang='lat' dir='ltr'><strong>huic</strong></span> <span class='ocrx_word' id='word_1_100' title='bbox 353 1368 510 1408; x_wconf 72' lang='lat' dir='ltr'><strong>annexa.</strong></span> <span class='ocrx_word' id='word_1_101' title='bbox 538 1369 664 1406; x_wconf 60' lang='lat' dir='ltr'><strong>Nam.</strong></span> 
     </span>
    </p>

    <p class='ocr_par' dir='ltr' id='par_1_14' title="bbox 27 1416 1127 1724">
     <span class='ocr_line' id='line_1_19' title="bbox 27 1416 1126 1472; baseline -0.006 -11"><span class='ocrx_word' id='word_1_102' title='bbox 27 1425 29 1427; x_wconf 80' lang='grc'><strong>’</strong></span> <span class='ocrx_word' id='word_1_103' title='bbox 132 1434 216 1472; x_wconf 90' lang='lat'>139.</span> <span class='ocrx_word' id='word_1_104' title='bbox 243 1421 394 1459; x_wconf 84' lang='lat' dir='ltr'><strong>Domino</strong></span> <span class='ocrx_word' id='word_1_105' title='bbox 416 1433 548 1470; x_wconf 74' lang='lat' dir='ltr'><strong>quoque</strong></span> <span class='ocrx_word' id='word_1_106' title='bbox 561 1419 655 1469; x_wconf 82' lang='lat' dir='ltr'><strong>fidus</strong></span> <span class='ocrx_word' id='word_1_107' title='bbox 674 1418 857 1469; x_wconf 79' lang='lat' dir='ltr'><strong>uterque.]</strong></span> <span class='ocrx_word' id='word_1_108' title='bbox 894 1419 1040 1455; x_wconf 86' lang='lat' dir='ltr'><strong>Canum</strong></span> <span class='ocrx_word' id='word_1_109' title='bbox 1063 1416 1126 1464; x_wconf 80' lang='grc' dir='ltr'><strong>Φι-</strong></span> 
     </span>
     <span class='ocr_line' id='line_1_20' title="bbox 75 1467 1125 1519; baseline -0.006 -8"><span class='ocrx_word' id='word_1_110' title='bbox 75 1471 331 1511; x_wconf 50' lang='lat' dir='ltr'><strong>&gt;sassonorum</strong></span> <span class='ocrx_word' id='word_1_111' title='bbox 351 1473 390 1510; x_wconf 86' lang='lat' dir='ltr'><strong>in</strong></span> <span class='ocrx_word' id='word_1_112' title='bbox 413 1471 488 1508; x_wconf 88' lang='lat' dir='ltr'><strong>dies</strong></span> <span class='ocrx_word' id='word_1_113' title='bbox 509 1471 741 1519; x_wconf 87' lang='lat' dir='ltr'><strong>experimur,</strong></span> <span class='ocrx_word' id='word_1_114' title='bbox 756 1471 794 1506; x_wconf 72' lang='grc' dir='ltr'><strong>δε</strong></span> <span class='ocrx_word' id='word_1_115' title='bbox 813 1480 890 1506; x_wconf 89' lang='lat' dir='ltr'><strong>non</strong></span> <span class='ocrx_word' id='word_1_116' title='bbox 903 1467 1125 1506; x_wconf 80' lang='lat' dir='ltr'><strong>custodiam?</strong></span> 
     </span>
     <span class='ocr_line' id='line_1_21' title="bbox 73 1518 1125 1572; baseline -0.006 -10"><span class='ocrx_word' id='word_1_117' title='bbox 73 1523 345 1572; x_wconf 86' lang='lat' dir='ltr'><strong>custodesipsos</strong></span> <span class='ocrx_word' id='word_1_118' title='bbox 357 1550 367 1568; x_wconf 92' lang='lat'><strong>,</strong></span> <span class='ocrx_word' id='word_1_119' title='bbox 380 1530 418 1559; x_wconf 90' lang='lat' dir='ltr'><strong>ut</strong></span> <span class='ocrx_word' id='word_1_120' title='bbox 431 1522 570 1560; x_wconf 90' lang='lat' dir='ltr'><strong>mireris</strong></span> <span class='ocrx_word' id='word_1_121' title='bbox 583 1548 594 1566; x_wconf 95' lang='lat'>‚</span> <span class='ocrx_word' id='word_1_122' title='bbox 609 1523 713 1563; x_wconf 71' lang='grc' dir='ltr'><strong><em>κύνας</em></strong></span> <span class='ocrx_word' id='word_1_123' title='bbox 729 1527 871 1557; x_wconf 80' lang='lat' dir='ltr'><strong>veteres</strong></span> <span class='ocrx_word' id='word_1_124' title='bbox 892 1518 1030 1557; x_wconf 85' lang='lat' dir='ltr'><strong>dixere.</strong></span> <span class='ocrx_word' id='word_1_125' title='bbox 1056 1519 1125 1557; x_wconf 91' lang='lat' dir='ltr'><strong>Vi-</strong></span> 
     </span>
     <span class='ocr_line' id='line_1_22' title="bbox 74 1570 1126 1622; baseline -0.006 -10"><span class='ocrx_word' id='word_1_126' title='bbox 74 1573 122 1612; x_wconf 89' lang='lat' dir='ltr'><strong>de</strong></span> <span class='ocrx_word' id='word_1_127' title='bbox 141 1573 358 1622; x_wconf 82' lang='lat' dir='ltr'><strong>AEschylum</strong></span> <span class='ocrx_word' id='word_1_128' title='bbox 387 1574 426 1610; x_wconf 92' lang='lat' dir='ltr'><strong>in</strong></span> <span class='ocrx_word' id='word_1_129' title='bbox 451 1572 754 1621; x_wconf 73' lang='lat' dir='ltr'><strong>Agamemnone·</strong></span> <span class='ocrx_word' id='word_1_130' title='bbox 791 1570 969 1608; x_wconf 63' lang='lat' dir='ltr'><strong>Neapor..</strong></span> <span class='ocrx_word' id='word_1_131' title='bbox 1020 1575 1126 1607; x_wconf 89' lang='lat' dir='ltr'><strong>Dom.</strong></span> 
     </span>
     <span class='ocr_line' id='line_1_23' title="bbox 67 1619 1127 1675; baseline -0.005 -13"><span class='ocrx_word' id='word_1_132' title='bbox 67 1623 187 1671; x_wconf 83' lang='lat' dir='ltr'><strong>fidelis</strong></span> <span class='ocrx_word' id='word_1_133' title='bbox 214 1623 356 1675; x_wconf 78' lang='lat' dir='ltr'><strong>uter&#39;que</strong></span> <span class='ocrx_word' id='word_1_134' title='bbox 384 1623 537 1661; x_wconf 84' lang='lat' dir='ltr'><strong>Putean.</strong></span> <span class='ocrx_word' id='word_1_135' title='bbox 561 1632 686 1671; x_wconf 84' lang='lat' dir='ltr'><strong>gratus</strong></span> <span class='ocrx_word' id='word_1_136' title='bbox 721 1619 875 1659; x_wconf 84' lang='lat' dir='ltr'><strong>Thuan.</strong></span> <span class='ocrx_word' id='word_1_137' title='bbox 911 1633 1043 1671; x_wconf 83' lang='lat' dir='ltr'><strong>quoque</strong></span> <span class='ocrx_word' id='word_1_138' title='bbox 1061 1622 1127 1669; x_wconf 87' lang='lat' dir='ltr'><strong>fa-</strong></span> 
     </span>
     <span class='ocr_line' id='line_1_24' title="bbox 74 1676 312 1724; baseline 0 -12"><span class='ocrx_word' id='word_1_139' title='bbox 74 1677 149 1713; x_wconf 78' lang='lat' dir='ltr'><strong>c‘lus</strong></span> <span class='ocrx_word' id='word_1_140' title='bbox 165 1676 312 1724; x_wconf 87' lang='lat' dir='ltr'><strong>Junian.</strong></span> 
     </span>
    </p>

    <p class='ocr_par' dir='ltr' id='par_1_15' title="bbox 74 1722 1129 2878">
     <span class='ocr_line' id='line_1_25' title="bbox 133 1722 1120 1774; baseline -0.004 -10"><span class='ocrx_word' id='word_1_141' title='bbox 133 1739 203 1770; x_wconf 84' lang='lat'><strong>140</strong></span> <span class='ocrx_word' id='word_1_142' title='bbox 229 1723 389 1774; x_wconf 86' lang='lat' dir='ltr'><strong>Compita</strong></span> <span class='ocrx_word' id='word_1_143' title='bbox 396 1732 501 1774; x_wconf 83' lang='lat' dir='ltr'><strong>grata</strong></span> <span class='ocrx_word' id='word_1_144' title='bbox 514 1722 617 1773; x_wconf 92' lang='lat' dir='ltr'><strong>Deo.]</strong></span> <span class='ocrx_word' id='word_1_145' title='bbox 635 1723 812 1772; x_wconf 84' lang='lat' dir='ltr'><strong>Compita</strong></span> <span class='ocrx_word' id='word_1_146' title='bbox 823 1723 864 1759; x_wconf 72' lang='grc' dir='ltr'><strong>αἱ</strong></span> <span class='ocrx_word' id='word_1_147' title='bbox 881 1723 1120 1770; x_wconf 56' lang='lat' dir='ltr'><strong>cvm-paxami.</strong></span> 
     </span>
     <span class='ocr_line' id='line_1_26' title="bbox 79 1772 1120 1823; baseline -0.003 -8"><span class='ocrx_word' id='word_1_148' title='bbox 79 1775 226 1816; x_wconf 83' lang='lat' dir='ltr'><strong>Gloffae</strong></span> <span class='ocrx_word' id='word_1_149' title='bbox 248 1803 259 1820; x_wconf 96' lang='lat'>,</span> <span class='ocrx_word' id='word_1_150' title='bbox 295 1775 468 1823; x_wconf 84' lang='lat' dir='ltr'><strong>Competit</strong></span> <span class='ocrx_word' id='word_1_151' title='bbox 487 1802 497 1819; x_wconf 95' lang='lat'>,</span> <span class='ocrx_word' id='word_1_152' title='bbox 527 1774 729 1820; x_wconf 78' lang='grc' dir='ltr'><strong><em>συντρέχει.</em></strong></span> <span class='ocrx_word' id='word_1_153' title='bbox 789 1772 900 1811; x_wconf 88' lang='lat' dir='ltr'><strong>Persii</strong></span> <span class='ocrx_word' id='word_1_154' title='bbox 933 1782 1038 1812; x_wconf 66' lang='lat' dir='ltr'><strong>vetus</strong></span> <span class='ocrx_word' id='word_1_155' title='bbox 1063 1775 1120 1812; x_wconf 91' lang='lat' dir='ltr'><strong>in-</strong></span> 
     </span>
     <span class='ocr_line' id='line_1_27' title="bbox 75 1824 1125 1876; baseline -0.002 -12"><span class='ocrx_word' id='word_1_156' title='bbox 75 1835 211 1876; x_wconf 83' lang='lat' dir='ltr'><strong>terpres</strong></span> <span class='ocrx_word' id='word_1_157' title='bbox 236 1825 282 1863; x_wconf 86' lang='lat' dir='ltr'><strong>ad</strong></span> <span class='ocrx_word' id='word_1_158' title='bbox 309 1825 397 1864; x_wconf 85' lang='lat' dir='ltr'><strong>illud</strong></span> <span class='ocrx_word' id='word_1_159' title='bbox 420 1825 494 1864; x_wconf 86' lang='lat' dir='ltr'><strong>Sat.</strong></span> <span class='ocrx_word' id='word_1_160' title='bbox 523 1837 558 1863; x_wconf 88' lang='lat' dir='ltr'><strong>v.</strong></span> <span class='ocrx_word' id='word_1_161' title='bbox 599 1824 744 1873; x_wconf 83' lang='lat' dir='ltr'><strong>Pertusa</strong></span> <span class='ocrx_word' id='word_1_162' title='bbox 770 1825 915 1874; x_wconf 86' lang='lat' dir='ltr'><strong>compita</strong></span> <span class='ocrx_word' id='word_1_163' title='bbox 933 1825 1021 1873; x_wconf 78' lang='lat' dir='ltr'><strong>sunt</strong></span> <span class='ocrx_word' id='word_1_164' title='bbox 1053 1824 1125 1862; x_wconf 84' lang='lat' dir='ltr'><strong>loca</strong></span> 
     </span>
     <span class='ocr_line' id='line_1_28' title="bbox 75 1875 1126 1927; baseline -0.002 -11"><span class='ocrx_word' id='word_1_165' title='bbox 75 1877 116 1916; x_wconf 80' lang='lat' dir='ltr'><strong>in</strong></span> <span class='ocrx_word' id='word_1_166' title='bbox 134 1875 333 1927; x_wconf 81' lang='lat' dir='ltr'><strong>quadriviis</strong></span> <span class='ocrx_word' id='word_1_167' title='bbox 359 1875 457 1927; x_wconf 80' lang='lat' dir='ltr'><strong>quast</strong></span> <span class='ocrx_word' id='word_1_168' title='bbox 486 1886 597 1914; x_wconf 80' lang='lat' dir='ltr'><strong>turres</strong></span> <span class='ocrx_word' id='word_1_169' title='bbox 618 1904 629 1921; x_wconf 95' lang='lat'>,</span> <span class='ocrx_word' id='word_1_170' title='bbox 665 1876 727 1914; x_wconf 90' lang='lat' dir='ltr'><strong>ubi</strong></span> <span class='ocrx_word' id='word_1_171' title='bbox 747 1875 913 1915; x_wconf 86' lang='lat' dir='ltr'><strong>sacrificia</strong></span> <span class='ocrx_word' id='word_1_172' title='bbox 935 1888 1002 1925; x_wconf 81' lang='lat' dir='ltr'><strong>pro</strong></span> <span class='ocrx_word' id='word_1_173' title='bbox 1022 1875 1126 1914; x_wconf 65' lang='lat' dir='ltr'><strong>finita</strong></span> 
     </span>
     <span class='ocr_line' id='line_1_29' title="bbox 74 1925 1125 1978; baseline -0.001 -12"><span class='ocrx_word' id='word_1_174' title='bbox 74 1925 295 1978; x_wconf 71' lang='lat' dir='ltr'><strong>agricultura</strong></span> <span class='ocrx_word' id='word_1_175' title='bbox 321 1927 440 1966; x_wconf 86' lang='lat' dir='ltr'><strong>rustici</strong></span> <span class='ocrx_word' id='word_1_176' title='bbox 469 1928 664 1966; x_wconf 85' lang='lat' dir='ltr'><strong>celebrant.</strong></span> <span class='ocrx_word' id='word_1_177' title='bbox 702 1927 830 1964; x_wconf 80' lang='lat' dir='ltr'><strong>Merito</strong></span> <span class='ocrx_word' id='word_1_178' title='bbox 855 1930 1014 1977; x_wconf 80' lang='lat' dir='ltr'><strong>pertusa,</strong></span> <span class='ocrx_word' id='word_1_179' title='bbox 1040 1927 1125 1978; x_wconf 83' lang='lat' dir='ltr'><strong>quia</strong></span> 
     </span>
     <span class='ocr_line' id='line_1_30' title="bbox 75 1977 1122 2030; baseline 0 -14"><span class='ocrx_word' id='word_1_180' title='bbox 75 1989 136 2030; x_wconf 83' lang='lat' dir='ltr'><strong>per</strong></span> <span class='ocrx_word' id='word_1_181' title='bbox 162 1991 276 2015; x_wconf 84' lang='lat' dir='ltr'><strong>omnes</strong></span> <span class='ocrx_word' id='word_1_182' title='bbox 303 1988 452 2028; x_wconf 80' lang='lat' dir='ltr'><strong>quatuor</strong></span> <span class='ocrx_word' id='word_1_183' title='bbox 480 1987 596 2028; x_wconf 83' lang='lat' dir='ltr'><strong>partes</strong></span> <span class='ocrx_word' id='word_1_184' title='bbox 616 1986 776 2026; x_wconf 87' lang='lat' dir='ltr'><strong>pateant.</strong></span> <span class='ocrx_word' id='word_1_185' title='bbox 814 1979 851 2016; x_wconf 92' lang='lat'>&amp;</span> <span class='ocrx_word' id='word_1_186' title='bbox 880 1977 959 2028; x_wconf 90' lang='lat' dir='ltr'><strong>post</strong></span> <span class='ocrx_word' id='word_1_187' title='bbox 988 1990 1122 2025; x_wconf 84' lang='lat' dir='ltr'><strong>pauca:</strong></span> 
     </span>
     <span class='ocr_line' id='line_1_31' title="bbox 81 2028 1125 2078; baseline -0.002 -10"><span class='ocrx_word' id='word_1_188' title='bbox 81 2029 139 2068; x_wconf 75' lang='lat' dir='ltr'><strong>Vel</strong></span> <span class='ocrx_word' id='word_1_189' title='bbox 159 2030 305 2078; x_wconf 83' lang='lat' dir='ltr'><strong>compita</strong></span> <span class='ocrx_word' id='word_1_190' title='bbox 316 2030 406 2078; x_wconf 82' lang='lat' dir='ltr'><strong>sunt</strong></span> <span class='ocrx_word' id='word_1_191' title='bbox 431 2042 500 2066; x_wconf 85' lang='lat' dir='ltr'><strong>non</strong></span> <span class='ocrx_word' id='word_1_192' title='bbox 526 2029 637 2076; x_wconf 83' lang='lat' dir='ltr'><strong>solum</strong></span> <span class='ocrx_word' id='word_1_193' title='bbox 656 2029 695 2066; x_wconf 83' lang='lat' dir='ltr'><strong>in</strong></span> <span class='ocrx_word' id='word_1_194' title='bbox 725 2028 806 2066; x_wconf 87' lang='lat' dir='ltr'><strong>urbe</strong></span> <span class='ocrx_word' id='word_1_195' title='bbox 824 2029 916 2075; x_wconf 84' lang='lat' dir='ltr'><strong>loca,</strong></span> <span class='ocrx_word' id='word_1_196' title='bbox 938 2029 1000 2078; x_wconf 68' lang='lat' dir='ltr'><strong>fid</strong></span> <span class='ocrx_word' id='word_1_197' title='bbox 1018 2029 1125 2067; x_wconf 85' lang='lat' dir='ltr'><strong>etiam</strong></span> 
     </span>
     <span class='ocr_line' id='line_1_32' title="bbox 78 2079 1124 2131; baseline -0.002 -13"><span class='ocrx_word' id='word_1_198' title='bbox 78 2080 162 2119; x_wconf 78' lang='lat' dir='ltr'><strong>viae</strong></span> <span class='ocrx_word' id='word_1_199' title='bbox 184 2079 340 2129; x_wconf 80' lang='lat' dir='ltr'><strong>publicae</strong></span> <span class='ocrx_word' id='word_1_200' title='bbox 364 2093 405 2117; x_wconf 85' lang='lat' dir='ltr'><strong>ac</strong></span> <span class='ocrx_word' id='word_1_201' title='bbox 440 2079 669 2118; x_wconf 82' lang='lat' dir='ltr'><strong>diverticulae</strong></span> <span class='ocrx_word' id='word_1_202' title='bbox 689 2080 888 2131; x_wconf 82' lang='lat' dir='ltr'><strong>aliquorum</strong></span> <span class='ocrx_word' id='word_1_203' title='bbox 914 2079 1124 2127; x_wconf 81' lang='lat' dir='ltr'><strong>confinium,</strong></span> 
     </span>
     <span class='ocr_line' id='line_1_33' title="bbox 79 2130 1127 2180; baseline -0.002 -10"><span class='ocrx_word' id='word_1_204' title='bbox 79 2130 140 2170; x_wconf 79' lang='lat' dir='ltr'><strong>ubi</strong></span> <span class='ocrx_word' id='word_1_205' title='bbox 162 2131 338 2169; x_wconf 83' lang='lat' dir='ltr'><strong>aediculae</strong></span> <span class='ocrx_word' id='word_1_206' title='bbox 355 2132 594 2179; x_wconf 83' lang='lat' dir='ltr'><strong>consecrantur</strong></span> <span class='ocrx_word' id='word_1_207' title='bbox 607 2157 618 2175; x_wconf 89' lang='lat'>,</span> <span class='ocrx_word' id='word_1_208' title='bbox 636 2140 814 2180; x_wconf 82' lang='lat' dir='ltr'><strong>patentes.-</strong></span> <span class='ocrx_word' id='word_1_209' title='bbox 837 2130 895 2167; x_wconf 84' lang='lat' dir='ltr'><strong>vel</strong></span> <span class='ocrx_word' id='word_1_210' title='bbox 913 2131 1058 2179; x_wconf 85' lang='lat' dir='ltr'><strong>compita</strong></span> <span class='ocrx_word' id='word_1_211' title='bbox 1070 2131 1127 2169; x_wconf 84' lang='lat' dir='ltr'><strong>di-</strong></span> 
     </span>
     <span class='ocr_line' id='line_1_34' title="bbox 81 2181 1126 2231; baseline -0.001 -11"><span class='ocrx_word' id='word_1_212' title='bbox 81 2192 230 2227; x_wconf 80' lang='lat' dir='ltr'><strong>cuntur,</strong></span> <span class='ocrx_word' id='word_1_213' title='bbox 256 2182 305 2219; x_wconf 87' lang='lat' dir='ltr'><strong>ad</strong></span> <span class='ocrx_word' id='word_1_214' title='bbox 326 2194 413 2230; x_wconf 86' lang='lat' dir='ltr'><strong>quae</strong></span> <span class='ocrx_word' id='word_1_215' title='bbox 426 2181 530 2230; x_wconf 80' lang='lat' dir='ltr'><strong>plura</strong></span> <span class='ocrx_word' id='word_1_216' title='bbox 548 2182 677 2219; x_wconf 77' lang='lat' dir='ltr'><strong>itinera</strong></span> <span class='ocrx_word' id='word_1_217' title='bbox 699 2190 904 2231; x_wconf 82' lang='lat' dir='ltr'><strong>competunt.</strong></span> <span class='ocrx_word' id='word_1_218' title='bbox 932 2182 1032 2231; x_wconf 73' lang='lat' dir='ltr'><strong>Hinc</strong></span> <span class='ocrx_word' id='word_1_219' title='bbox 1052 2183 1126 2219; x_wconf 82' lang='lat' dir='ltr'><strong>La-</strong></span> 
     </span>
     <span class='ocr_line' id='line_1_35' title="bbox 79 2233 1126 2283; baseline -0.001 -11"><span class='ocrx_word' id='word_1_220' title='bbox 79 2243 134 2272; x_wconf 86' lang='lat' dir='ltr'><strong>res</strong></span> <span class='ocrx_word' id='word_1_221' title='bbox 157 2234 385 2282; x_wconf 79' lang='lat' dir='ltr'><strong>Compitales</strong></span> <span class='ocrx_word' id='word_1_222' title='bbox 423 2235 461 2271; x_wconf 84' lang='lat'>&amp;</span> <span class='ocrx_word' id='word_1_223' title='bbox 493 2234 719 2283; x_wconf 85' lang='lat' dir='ltr'><strong>Compitalia</strong></span> <span class='ocrx_word' id='word_1_224' title='bbox 746 2233 832 2271; x_wconf 75' lang='lat' dir='ltr'><strong>festa</strong></span> <span class='ocrx_word' id='word_1_225' title='bbox 855 2255 866 2278; x_wconf 78' lang='lat'><strong>,</strong></span> <span class='ocrx_word' id='word_1_226' title='bbox 901 2244 997 2283; x_wconf 84' lang='lat' dir='ltr'><strong>quae</strong></span> <span class='ocrx_word' id='word_1_227' title='bbox 1022 2233 1126 2271; x_wconf 85' lang='lat' dir='ltr'><strong>Lari-</strong></span> 
     </span>
     <span class='ocr_line' id='line_1_36' title="bbox 79 2283 1128 2334; baseline 0 -12"><span class='ocrx_word' id='word_1_228' title='bbox 79 2283 144 2323; x_wconf 90' lang='lat' dir='ltr'><strong>bus</strong></span> <span class='ocrx_word' id='word_1_229' title='bbox 164 2285 200 2323; x_wconf 92' lang='lat' dir='ltr'><strong>in</strong></span> <span class='ocrx_word' id='word_1_230' title='bbox 221 2285 406 2334; x_wconf 88' lang='lat' dir='ltr'><strong>Compitis</strong></span> <span class='ocrx_word' id='word_1_231' title='bbox 431 2284 578 2323; x_wconf 86' lang='lat' dir='ltr'><strong>fiebant.</strong></span> <span class='ocrx_word' id='word_1_232' title='bbox 635 2285 718 2323; x_wconf 87' lang='lat' dir='ltr'><strong>Nec</strong></span> <span class='ocrx_word' id='word_1_233' title='bbox 740 2284 820 2322; x_wconf 90' lang='lat' dir='ltr'><strong>alibi</strong></span> <span class='ocrx_word' id='word_1_234' title='bbox 848 2284 936 2328; x_wconf 54' lang='lat' dir='ltr'><strong>talia}</strong></span> <span class='ocrx_word' id='word_1_235' title='bbox 951 2284 1045 2321; x_wconf 87' lang='lat' dir='ltr'><strong>sacra</strong></span> <span class='ocrx_word' id='word_1_236' title='bbox 1067 2296 1128 2322; x_wconf 88' lang='lat' dir='ltr'><strong>ce-</strong></span> 
     </span>
     <span class='ocr_line' id='line_1_37' title="bbox 77 2333 1126 2383; baseline -0.001 -9"><span class='ocrx_word' id='word_1_237' title='bbox 77 2333 207 2374; x_wconf 84' lang='lat' dir='ltr'><strong>lebrari</strong></span> <span class='ocrx_word' id='word_1_238' title='bbox 229 2344 418 2383; x_wconf 81' lang='lat' dir='ltr'><strong>poterant:</strong></span> <span class='ocrx_word' id='word_1_239' title='bbox 446 2335 540 2374; x_wconf 87' lang='lat' dir='ltr'><strong>adde</strong></span> <span class='ocrx_word' id='word_1_240' title='bbox 560 2345 686 2374; x_wconf 85' lang='lat' dir='ltr'><strong>tamen</strong></span> <span class='ocrx_word' id='word_1_241' title='bbox 709 2337 821 2373; x_wconf 84' lang='lat' dir='ltr'><strong>etiam</strong></span> <span class='ocrx_word' id='word_1_242' title='bbox 842 2336 1001 2373; x_wconf 74' lang='lat' dir='ltr'><strong>in&#39;foco.</strong></span> <span class='ocrx_word' id='word_1_243' title='bbox 1030 2335 1126 2373; x_wconf 87' lang='lat' dir='ltr'><strong>Cato</strong></span> 
     </span>
     <span class='ocr_line' id='line_1_38' title="bbox 79 2384 1126 2435; baseline -0.002 -11"><span class='ocrx_word' id='word_1_244' title='bbox 79 2384 128 2424; x_wconf 84' lang='lat' dir='ltr'><strong>de</strong></span> <span class='ocrx_word' id='word_1_245' title='bbox 150 2387 193 2424; x_wconf 86' lang='lat' dir='ltr'><strong>R.</strong></span> <span class='ocrx_word' id='word_1_246' title='bbox 213 2387 259 2424; x_wconf 86' lang='lat' dir='ltr'><strong>R.</strong></span> <span class='ocrx_word' id='word_1_247' title='bbox 286 2393 372 2424; x_wconf 86' lang='lat' dir='ltr'><strong>Rem</strong></span> <span class='ocrx_word' id='word_1_248' title='bbox 393 2386 559 2424; x_wconf 81' lang='lat' dir='ltr'><strong>divinam</strong></span> <span class='ocrx_word' id='word_1_249' title='bbox 580 2386 646 2435; x_wconf 75' lang='lat' dir='ltr'><strong>m&#39;fi</strong></span> <span class='ocrx_word' id='word_1_250' title='bbox 663 2386 917 2435; x_wconf 83' lang='lat' dir='ltr'><strong>Compitalibus</strong></span> <span class='ocrx_word' id='word_1_251' title='bbox 944 2386 983 2423; x_wconf 80' lang='lat' dir='ltr'><strong>in</strong></span> <span class='ocrx_word' id='word_1_252' title='bbox 1005 2389 1126 2435; x_wconf 78' lang='lat' dir='ltr'><strong>compi-</strong></span> 
     </span>
     <span class='ocr_line' id='line_1_39' title="bbox 81 2437 1125 2483; baseline 0.002 -11"><span class='ocrx_word' id='word_1_253' title='bbox 81 2445 139 2480; x_wconf 82' lang='lat' dir='ltr'><strong>to,</strong></span> <span class='ocrx_word' id='word_1_254' title='bbox 166 2446 231 2473; x_wconf 84' lang='lat' dir='ltr'><strong>aut</strong></span> <span class='ocrx_word' id='word_1_255' title='bbox 250 2437 288 2473; x_wconf 87' lang='lat' dir='ltr'><strong>in</strong></span> <span class='ocrx_word' id='word_1_256' title='bbox 296 2438 398 2483; x_wconf 86' lang='lat' dir='ltr'><strong>foco,</strong></span> <span class='ocrx_word' id='word_1_257' title='bbox 424 2450 464 2473; x_wconf 89' lang='lat' dir='ltr'><strong>ne</strong></span> <span class='ocrx_word' id='word_1_258' title='bbox 473 2437 602 2483; x_wconf 88' lang='lat' dir='ltr'><strong>faciat.</strong></span> <span class='ocrx_word' id='word_1_259' title='bbox 649 2437 761 2474; x_wconf 87' lang='lat' dir='ltr'><strong>Erant</strong></span> <span class='ocrx_word' id='word_1_260' title='bbox 785 2437 877 2474; x_wconf 76' lang='lat' dir='ltr'><strong>haec</strong></span> <span class='ocrx_word' id='word_1_261' title='bbox 905 2438 999 2474; x_wconf 89' lang='lat' dir='ltr'><strong>inter</strong></span> <span class='ocrx_word' id='word_1_262' title='bbox 1020 2438 1125 2475; x_wconf 82' lang='lat' dir='ltr'><strong>ferias</strong></span> 
     </span>
     <span class='ocr_line' id='line_1_40' title="bbox 84 2486 1126 2535; baseline 0.001 -12"><span class='ocrx_word' id='word_1_263' title='bbox 84 2486 334 2534; x_wconf 79' lang='lat' dir='ltr'><strong>conceptivas.</strong></span> <span class='ocrx_word' id='word_1_264' title='bbox 385 2487 504 2523; x_wconf 85' lang='lat' dir='ltr'><strong>Varro</strong></span> <span class='ocrx_word' id='word_1_265' title='bbox 531 2487 592 2524; x_wconf 90' lang='lat' dir='ltr'><strong>lib.</strong></span> <span class='ocrx_word' id='word_1_266' title='bbox 614 2499 651 2524; x_wconf 93' lang='lat' dir='ltr'><strong>v.</strong></span> <span class='ocrx_word' id='word_1_267' title='bbox 680 2486 725 2523; x_wconf 82' lang='lat' dir='ltr'><strong>de</strong></span> <span class='ocrx_word' id='word_1_268' title='bbox 749 2487 793 2523; x_wconf 84' lang='lat' dir='ltr'><strong>L.</strong></span> <span class='ocrx_word' id='word_1_269' title='bbox 816 2489 861 2524; x_wconf 75' lang='lat'><strong>1...</strong></span> <span class='ocrx_word' id='word_1_270' title='bbox 890 2488 1126 2535; x_wconf 70' lang='lat' dir='ltr'><strong>Compitalia,</strong></span> 
     </span>
     <span class='ocr_line' id='line_1_41' title="bbox 82 2535 1126 2584; baseline 0.001 -11"><span class='ocrx_word' id='word_1_271' title='bbox 82 2536 223 2584; x_wconf 83' lang='lat' dir='ltr'><strong>inquit,</strong></span> <span class='ocrx_word' id='word_1_272' title='bbox 252 2536 321 2572; x_wconf 81' lang='lat' dir='ltr'><strong>dies</strong></span> <span class='ocrx_word' id='word_1_273' title='bbox 347 2535 548 2572; x_wconf 75' lang='lat' dir='ltr'><strong>adtributus</strong></span> <span class='ocrx_word' id='word_1_274' title='bbox 578 2535 749 2578; x_wconf 77' lang='lat' dir='ltr'><strong>Laribus,</strong></span> <span class='ocrx_word' id='word_1_275' title='bbox 777 2545 816 2571; x_wconf 89' lang='lat' dir='ltr'><strong>ut</strong></span> <span class='ocrx_word' id='word_1_276' title='bbox 836 2535 944 2573; x_wconf 84' lang='lat' dir='ltr'><strong>alibi.-</strong></span> <span class='ocrx_word' id='word_1_277' title='bbox 974 2538 1046 2575; x_wconf 66' lang='lat' dir='ltr'><strong>ideo</strong></span> <span class='ocrx_word' id='word_1_278' title='bbox 1068 2537 1126 2574; x_wconf 78' lang='lat' dir='ltr'><strong>ubi</strong></span> 
     </span>
     <span class='ocr_line' id='line_1_42' title="bbox 83 2585 1127 2635; baseline 0 -12"><span class='ocrx_word' id='word_1_279' title='bbox 83 2587 166 2623; x_wconf 79' lang='lat' dir='ltr'><strong>viae</strong></span> <span class='ocrx_word' id='word_1_280' title='bbox 185 2595 398 2635; x_wconf 82' lang='lat' dir='ltr'><strong>competunt,</strong></span> <span class='ocrx_word' id='word_1_281' title='bbox 428 2595 506 2621; x_wconf 83' lang='lat' dir='ltr'><strong>tum</strong></span> <span class='ocrx_word' id='word_1_282' title='bbox 534 2586 572 2622; x_wconf 88' lang='lat' dir='ltr'><strong>in</strong></span> <span class='ocrx_word' id='word_1_283' title='bbox 593 2585 745 2633; x_wconf 74' lang='lat' dir='ltr'><strong>compitis</strong></span> <span class='ocrx_word' id='word_1_284' title='bbox 757 2585 997 2633; x_wconf 56' lang='lat' dir='ltr'><strong>sacrificatum</strong></span> <span class='ocrx_word' id='word_1_285' title='bbox 1027 2597 1127 2635; x_wconf 75' lang='lat' dir='ltr'><strong>quot-</strong></span> 
     </span>
     <span class='ocr_line' id='line_1_43' title="bbox 82 2635 1126 2684; baseline -0.002 -10"><span class='ocrx_word' id='word_1_286' title='bbox 82 2636 188 2674; x_wconf 82' lang='lat' dir='ltr'><strong>annis</strong></span> <span class='ocrx_word' id='word_1_287' title='bbox 205 2636 261 2673; x_wconf 84' lang='lat' dir='ltr'><strong>hic</strong></span> <span class='ocrx_word' id='word_1_288' title='bbox 279 2636 349 2673; x_wconf 82' lang='lat' dir='ltr'><strong>dies</strong></span> <span class='ocrx_word' id='word_1_289' title='bbox 366 2635 562 2684; x_wconf 83' lang='lat' dir='ltr'><strong>concipitur.</strong></span> <span class='ocrx_word' id='word_1_290' title='bbox 589 2637 626 2673; x_wconf 65' lang='grc' dir='ltr'><strong>ὅ(</strong></span> <span class='ocrx_word' id='word_1_291' title='bbox 657 2635 738 2672; x_wconf 74' lang='lat' dir='ltr'><strong>alibi</strong></span> <span class='ocrx_word' id='word_1_292' title='bbox 759 2648 768 2672; x_wconf 77' lang='lat' dir='ltr'><strong>t</strong></span> <span class='ocrx_word' id='word_1_293' title='bbox 797 2635 998 2673; x_wconf 78' lang='lat' dir='ltr'><strong>comitiales</strong></span> <span class='ocrx_word' id='word_1_294' title='bbox 1020 2637 1126 2682; x_wconf 62' lang='lat' dir='ltr'><strong>dicii,</strong></span> 
     </span>
     <span class='ocr_line' id='line_1_44' title="bbox 85 2685 1128 2736; baseline 0.001 -13"><span class='ocrx_word' id='word_1_295' title='bbox 85 2687 176 2736; x_wconf 85' lang='lat' dir='ltr'><strong>quod</strong></span> <span class='ocrx_word' id='word_1_296' title='bbox 197 2697 274 2723; x_wconf 86' lang='lat' dir='ltr'><strong>tum</strong></span> <span class='ocrx_word' id='word_1_297' title='bbox 302 2688 376 2735; x_wconf 76' lang='lat' dir='ltr'><strong>esset</strong></span> <span class='ocrx_word' id='word_1_298' title='bbox 406 2686 546 2735; x_wconf 66' lang='lat' dir='ltr'><strong>populus</strong></span> <span class='ocrx_word' id='word_1_299' title='bbox 573 2685 773 2734; x_wconf 77' lang='lat' dir='ltr'><strong>constitutus</strong></span> <span class='ocrx_word' id='word_1_300' title='bbox 792 2686 839 2722; x_wconf 87' lang='lat' dir='ltr'><strong>ad</strong></span> <span class='ocrx_word' id='word_1_301' title='bbox 852 2688 1058 2736; x_wconf 75' lang='lat' dir='ltr'><strong>suffragium</strong></span> <span class='ocrx_word' id='word_1_302' title='bbox 1073 2689 1128 2734; x_wconf 69' lang='lat' dir='ltr'><strong>Je-</strong></span> 
     </span>
     <span class='ocr_line' id='line_1_45' title="bbox 84 2735 1129 2790; baseline -0.002 -14"><span class='ocrx_word' id='word_1_303' title='bbox 84 2738 253 2776; x_wconf 81' lang='lat' dir='ltr'><strong>rendum:</strong></span> <span class='ocrx_word' id='word_1_304' title='bbox 283 2735 393 2787; x_wconf 73' lang='lat' dir='ltr'><strong>nisisi</strong></span> <span class='ocrx_word' id='word_1_305' title='bbox 411 2750 499 2788; x_wconf 82' lang='lat' dir='ltr'><strong>quae</strong></span> <span class='ocrx_word' id='word_1_306' title='bbox 518 2737 628 2784; x_wconf 49' lang='lat' dir='ltr'><strong>,seriae</strong></span> <span class='ocrx_word' id='word_1_307' title='bbox 651 2746 820 2790; x_wconf 68' lang='lat' dir='ltr'><strong>conceptae</strong></span> <span class='ocrx_word' id='word_1_308' title='bbox 850 2739 968 2786; x_wconf 68' lang='lat' dir='ltr'><strong>efflent,</strong></span> <span class='ocrx_word' id='word_1_309' title='bbox 995 2747 1129 2788; x_wconf 82' lang='lat' dir='ltr'><strong>propter</strong></span> 
     </span>
     <span class='ocr_line' id='line_1_46' title="bbox 85 2788 1127 2839; baseline -0.002 -13"><span class='ocrx_word' id='word_1_310' title='bbox 85 2802 170 2839; x_wconf 83' lang='lat' dir='ltr'><strong>quas</strong></span> <span class='ocrx_word' id='word_1_311' title='bbox 189 2802 259 2827; x_wconf 86' lang='lat' dir='ltr'><strong>non</strong></span> <span class='ocrx_word' id='word_1_312' title='bbox 277 2788 413 2831; x_wconf 69' lang='lat' dir='ltr'><strong>liceret,</strong></span> <span class='ocrx_word' id='word_1_313' title='bbox 441 2799 480 2824; x_wconf 83' lang='lat' dir='ltr'><strong>ut</strong></span> <span class='ocrx_word' id='word_1_314' title='bbox 499 2789 708 2838; x_wconf 79' lang='lat' dir='ltr'><strong>Compitalia</strong></span> <span class='ocrx_word' id='word_1_315' title='bbox 721 2816 731 2833; x_wconf 90' lang='lat'>,</span> <span class='ocrx_word' id='word_1_316' title='bbox 758 2798 801 2828; x_wconf 69' lang='lat' dir='ltr'><strong>ey</strong></span> <span class='ocrx_word' id='word_1_317' title='bbox 819 2790 978 2828; x_wconf 80' lang='lat' dir='ltr'><strong>Latinae.</strong></span> <span class='ocrx_word' id='word_1_318' title='bbox 1025 2789 1127 2828; x_wconf 85' lang='lat' dir='ltr'><strong>Hinc</strong></span> 
     </span>
     <span class='ocr_line' id='line_1_47' title="bbox 85 2839 554 2878; baseline -0.004 0"><span class='ocrx_word' id='word_1_319' title='bbox 85 2841 196 2878; x_wconf 83' lang='lat' dir='ltr'><strong>etiam</strong></span> <span class='ocrx_word' id='word_1_320' title='bbox 218 2839 402 2877; x_wconf 84' lang='lat' dir='ltr'><strong>Ausonius</strong></span> <span class='ocrx_word' id='word_1_321' title='bbox 423 2848 554 2876; x_wconf 86' lang='lat' dir='ltr'><strong>vocat:</strong></span> 
     </span>
    </p>
   </div>
   <div class='ocr_carea' id='block_1_10' title="bbox 135 2903 967 2954">
    <p class='ocr_par' dir='ltr' id='par_1_16' title="bbox 135 2903 967 2954">
     <span class='ocr_line' id='line_1_48' title="bbox 135 2903 967 2954; baseline 0.001 -13"><span class='ocrx_word' id='word_1_322' title='bbox 135 2908 184 2941; x_wconf 90' lang='lat' dir='ltr'><strong>Et</strong></span> <span class='ocrx_word' id='word_1_323' title='bbox 209 2917 404 2954; x_wconf 83' lang='lat' dir='ltr'><strong>numquam</strong></span> <span class='ocrx_word' id='word_1_324' title='bbox 423 2904 522 2942; x_wconf 84' lang='lat' dir='ltr'><strong>certis</strong></span> <span class='ocrx_word' id='word_1_325' title='bbox 543 2903 722 2942; x_wconf 80' lang='lat' dir='ltr'><strong>redeuntia</strong></span> <span class='ocrx_word' id='word_1_326' title='bbox 740 2903 821 2953; x_wconf 73' lang='lat' dir='ltr'><strong>festa</strong></span> <span class='ocrx_word' id='word_1_327' title='bbox 840 2904 967 2942; x_wconf 65' lang='lat' dir='ltr'><strong>diebus.</strong></span> 
     </span>
    </p>
   </div>
   <div class='ocr_carea' id='block_1_11' title="bbox 86 2969 1132 3386">
    <p class='ocr_par' dir='ltr' id='par_1_17' title="bbox 86 2969 1132 3386">
     <span class='ocr_line' id='line_1_49' title="bbox 89 2969 1128 3021; baseline 0.001 -12"><span class='ocrx_word' id='word_1_328' title='bbox 89 2969 192 3010; x_wconf 89' lang='lat' dir='ltr'><strong>Solus</strong></span> <span class='ocrx_word' id='word_1_329' title='bbox 212 2972 413 3021; x_wconf 88' lang='lat' dir='ltr'><strong>Dionysius</strong></span> <span class='ocrx_word' id='word_1_330' title='bbox 432 2971 576 3011; x_wconf 86' lang='lat' dir='ltr'><strong>videtur</strong></span> <span class='ocrx_word' id='word_1_331' title='bbox 588 2973 707 3010; x_wconf 85' lang='lat' dir='ltr'><strong>facere</strong></span> <span class='ocrx_word' id='word_1_332' title='bbox 728 2972 862 3010; x_wconf 73' lang='lat' dir='ltr'><strong>stativa</strong></span> <span class='ocrx_word' id='word_1_333' title='bbox 883 2972 944 3010; x_wconf 80' lang='lat' dir='ltr'><strong>lib.</strong></span> <span class='ocrx_word' id='word_1_334' title='bbox 958 2984 1010 3010; x_wconf 80' lang='lat' dir='ltr'><strong>iv.</strong></span> <span class='ocrx_word' id='word_1_335' title='bbox 1042 2971 1128 3010; x_wconf 70' lang='lat' dir='ltr'><strong>Ant.</strong></span> 
     </span>
     <span class='ocr_line' id='line_1_50' title="bbox 87 3021 1128 3072; baseline 0 -12"><span class='ocrx_word' id='word_1_336' title='bbox 87 3022 150 3061; x_wconf 85' lang='lat' dir='ltr'><strong>ubi</strong></span> <span class='ocrx_word' id='word_1_337' title='bbox 178 3023 420 3062; x_wconf 85' lang='lat' dir='ltr'><strong>Saturnalibus</strong></span> <span class='ocrx_word' id='word_1_338' title='bbox 447 3050 457 3067; x_wconf 92' lang='lat'><strong>,</strong></span> <span class='ocrx_word' id='word_1_339' title='bbox 486 3034 581 3072; x_wconf 86' lang='lat' dir='ltr'><strong>quae</strong></span> <span class='ocrx_word' id='word_1_340' title='bbox 611 3021 632 3059; x_wconf 73' lang='lat' dir='ltr'><strong>a</strong></span> <span class='ocrx_word' id='word_1_341' title='bbox 660 3034 740 3060; x_wconf 82' lang='lat' dir='ltr'><strong>xvx.</strong></span> <span class='ocrx_word' id='word_1_342' title='bbox 766 3023 919 3060; x_wconf 82' lang='lat' dir='ltr'><strong>Kalend.</strong></span> <span class='ocrx_word' id='word_1_343' title='bbox 944 3024 1128 3070; x_wconf 75' lang='lat' dir='ltr'><strong>januarias</strong></span> 
     </span>
     <span class='ocr_line' id='line_1_51' title="bbox 88 3073 1129 3123; baseline -0.001 -13"><span class='ocrx_word' id='word_1_344' title='bbox 88 3082 152 3120; x_wconf 82' lang='lat' dir='ltr'><strong>per</strong></span> <span class='ocrx_word' id='word_1_345' title='bbox 171 3073 246 3112; x_wconf 89' lang='lat' dir='ltr'><strong>dies</strong></span> <span class='ocrx_word' id='word_1_346' title='bbox 271 3075 413 3123; x_wconf 87' lang='lat' dir='ltr'><strong>aliquot</strong></span> <span class='ocrx_word' id='word_1_347' title='bbox 432 3074 607 3112; x_wconf 83' lang='lat' dir='ltr'><strong>celebrata</strong></span> <span class='ocrx_word' id='word_1_348' title='bbox 625 3101 635 3115; x_wconf 93' lang='lat'>,</span> <span class='ocrx_word' id='word_1_349' title='bbox 663 3073 780 3111; x_wconf 68' lang='lat' dir='ltr'><strong>scribit</strong></span> <span class='ocrx_word' id='word_1_350' title='bbox 794 3073 989 3112; x_wconf 66' lang='lat' dir='ltr'><strong>successisse</strong></span> <span class='ocrx_word' id='word_1_351' title='bbox 1010 3075 1129 3111; x_wconf 81' lang='lat' dir='ltr'><strong>Com-</strong></span> 
     </span>
     <span class='ocr_line' id='line_1_52' title="bbox 86 3123 1132 3171; baseline 0.003 -10"><span class='ocrx_word' id='word_1_352' title='bbox 86 3123 219 3171; x_wconf 77' lang='lat' dir='ltr'><strong>pitalia.</strong></span> <span class='ocrx_word' id='word_1_353' title='bbox 275 3126 376 3162; x_wconf 73' lang='lat' dir='ltr'><strong>Audi</strong></span> <span class='ocrx_word' id='word_1_354' title='bbox 405 3126 587 3163; x_wconf 81' lang='lat' dir='ltr'><strong>Graecum</strong></span> <span class='ocrx_word' id='word_1_355' title='bbox 617 3123 858 3171; x_wconf 80' lang='lat' dir='ltr'><strong>scriptorem:</strong></span> <span class='ocrx_word' id='word_1_356' title='bbox 890 3126 950 3164; x_wconf 76' lang='grc' dir='ltr'><strong>Ἢν</strong></span> <span class='ocrx_word' id='word_1_357' title='bbox 972 3126 1020 3164; x_wconf 73' lang='grc' dir='ltr'><strong>’ἐτι</strong></span> <span class='ocrx_word' id='word_1_358' title='bbox 1045 3125 1132 3164; x_wconf 62' lang='grc' dir='ltr'><strong>καθ’</strong></span> 
     </span>
     <span class='ocr_line' id='line_1_53' title="bbox 91 3179 1131 3233; baseline -0.004 -13"><span class='ocrx_word' id='word_1_359' title='bbox 91 3181 179 3228; x_wconf 67' lang='grc' dir='ltr'><strong>ἦμοῖς</strong></span> <span class='ocrx_word' id='word_1_360' title='bbox 200 3180 313 3233; x_wconf 59' lang='lat' dir='ltr'><strong>{ogr-bas*</strong></span> <span class='ocrx_word' id='word_1_361' title='bbox 344 3180 478 3227; x_wconf 58' lang='grc' dir='ltr'><strong>οἷ’-[οντες</strong></span> <span class='ocrx_word' id='word_1_362' title='bbox 504 3184 660 3230; x_wconf 72' lang='grc' dir='ltr'><em>Ῥωμαῖοι</em></span> <span class='ocrx_word' id='word_1_363' title='bbox 689 3179 849 3229; x_wconf 50' lang='lat' dir='ltr'><strong>aeriam,</strong></span> <span class='ocrx_word' id='word_1_364' title='bbox 879 3180 1010 3225; x_wconf 71' lang='grc' dir='ltr'><strong>ὂλίγιιις</strong></span> <span class='ocrx_word' id='word_1_365' title='bbox 1030 3179 1131 3230; x_wconf 52' lang='lat' dir='ltr'><strong>{impar</strong></span> 
     </span>
     <span class='ocr_line' id='line_1_54' title="bbox 92 3235 1128 3290; baseline 0.001 -16"><span class='ocrx_word' id='word_1_366' title='bbox 92 3235 225 3284; x_wconf 57' lang='grc' dir='ltr'><strong>ὖμὲξφις</strong></span> <span class='ocrx_word' id='word_1_367' title='bbox 244 3237 274 3274; x_wconf 40' lang='grc' dir='ltr'><strong><em>ἢ</em></strong></span> <span class='ocrx_word' id='word_1_368' title='bbox 301 3245 456 3290; x_wconf 65' lang='grc' dir='ltr'><strong>Κζσνγυν,</strong></span> <span class='ocrx_word' id='word_1_369' title='bbox 486 3235 611 3286; x_wconf 59' lang='lat' dir='ltr'><strong>cimba)</strong></span> <span class='ocrx_word' id='word_1_370' title='bbox 630 3236 665 3275; x_wconf 62' lang='grc' dir='ltr'><strong>(ν’)</strong></span> <span class='ocrx_word' id='word_1_371' title='bbox 689 3240 766 3278; x_wconf 67' lang='grc' dir='ltr'><strong>ταῖς</strong></span> <span class='ocrx_word' id='word_1_372' title='bbox 786 3235 871 3276; x_wconf 57' lang='grc' dir='ltr'><strong>πάνυ</strong></span> <span class='ocrx_word' id='word_1_373' title='bbox 890 3240 922 3288; x_wconf 56' lang='lat'><strong>23⁸</strong></span> <span class='ocrx_word' id='word_1_374' title='bbox 943 3239 1128 3283; x_wconf 68' lang='grc' dir='ltr'><strong>πολυτελῆ,</strong></span> 
     </span>
     <span class='ocr_line' id='line_1_55' title="bbox 94 3288 1126 3345; baseline -0.004 -13"><span class='ocrx_word' id='word_1_375' title='bbox 94 3288 319 3337; x_wconf 55' lang='grc' dir='ltr'><strong>Κομπίτᾶλια</strong></span> <span class='ocrx_word' id='word_1_376' title='bbox 347 3289 637 3345; x_wconf 57' lang='lat' dir='ltr'><strong>‹meent-,optiones</strong></span> <span class='ocrx_word' id='word_1_377' title='bbox 676 3290 786 3332; x_wconf 59' lang='lat' dir='ltr'><strong>airh&gt;</strong></span> <span class='ocrx_word' id='word_1_378' title='bbox 825 3293 874 3332; x_wconf 66' lang='grc' dir='ltr'><strong>ἐπὶ</strong></span> <span class='ocrx_word' id='word_1_379' title='bbox 913 3291 943 3331; x_wconf 59' lang='lat'><strong>‘⁰3²</strong></span> <span class='ocrx_word' id='word_1_380' title='bbox 975 3293 1126 3332; x_wconf 69' lang='grc' dir='ltr'><strong>ςενωπῶν.</strong></span> 
     </span>
     <span class='ocr_line' id='line_1_56' title="bbox 275 3347 450 3386; baseline 0.029 -6"><span class='ocrx_word' id='word_1_381' title='bbox 275 3347 354 3382; x_wconf 77' lang='lat' dir='ltr'><strong>:som</strong></span> <span class='ocrx_word' id='word_1_382' title='bbox 384 3352 450 3386; x_wconf 72' lang='lat'><strong>111.</strong></span> 
     </span>
    </p>
   </div>
   <div class='ocr_carea' id='block_1_12' title="bbox 2134 1172 2226 1229">
    <p class='ocr_par' dir='ltr' id='par_1_18' title="bbox 2134 1172 2226 1229">
     <span class='ocr_line' id='line_1_57' title="bbox 2134 1172 2226 1229; baseline 0 0"><span class='ocrx_word' id='word_1_383' title='bbox 2134 1172 2226 1229; x_wconf 84' lang='lat' dir='ltr'><strong>Est</strong></span> 
     </span>
    </p>
   </div>
   <div class='ocr_carea' id='block_1_13' title="bbox 1174 1312 2231 3288">
    <p class='ocr_par' dir='ltr' id='par_1_19' title="bbox 1176 1312 2228 1462">
     <span class='ocr_line' id='line_1_58' title="bbox 1176 1312 2227 1366; baseline -0.005 -13"><span class='ocrx_word' id='word_1_384' title='bbox 1176 1313 1247 1353; x_wconf 91' lang='lat' dir='ltr'><strong>Sed</strong></span> <span class='ocrx_word' id='word_1_385' title='bbox 1271 1315 1309 1353; x_wconf 89' lang='lat'>&amp;</span> <span class='ocrx_word' id='word_1_386' title='bbox 1329 1313 1452 1353; x_wconf 87' lang='lat' dir='ltr'><strong>mense</strong></span> <span class='ocrx_word' id='word_1_387' title='bbox 1472 1315 1579 1366; x_wconf 86' lang='lat' dir='ltr'><strong>Majo</strong></span> <span class='ocrx_word' id='word_1_388' title='bbox 1592 1316 1628 1353; x_wconf 85' lang='lat' dir='ltr'><strong>in</strong></span> <span class='ocrx_word' id='word_1_389' title='bbox 1647 1313 1868 1352; x_wconf 81' lang='lat' dir='ltr'><strong>Kalendario</strong></span> <span class='ocrx_word' id='word_1_390' title='bbox 1887 1313 2041 1362; x_wconf 85' lang='lat' dir='ltr'><strong>antiquo</strong></span> <span class='ocrx_word' id='word_1_391' title='bbox 2062 1324 2115 1350; x_wconf 89' lang='lat' dir='ltr'><strong>vr.</strong></span> <span class='ocrx_word' id='word_1_392' title='bbox 2142 1312 2227 1349; x_wconf 72' lang='lat' dir='ltr'><strong>No-‘</strong></span> 
     </span>
     <span class='ocr_line' id='line_1_59' title="bbox 1177 1362 2228 1415; baseline -0.002 -11"><span class='ocrx_word' id='word_1_393' title='bbox 1177 1378 1240 1404; x_wconf 87' lang='lat' dir='ltr'><strong>nas</strong></span> <span class='ocrx_word' id='word_1_394' title='bbox 1260 1366 1414 1404; x_wconf 83' lang='lat' dir='ltr'><strong>invenio</strong></span> <span class='ocrx_word' id='word_1_395' title='bbox 1435 1377 1554 1405; x_wconf 71' lang='lat' dir='ltr'><strong>comp,</strong></span> <span class='ocrx_word' id='word_1_396' title='bbox 1578 1366 1713 1404; x_wconf 87' lang='lat' dir='ltr'><strong>Nescio</strong></span> <span class='ocrx_word' id='word_1_397' title='bbox 1733 1377 1810 1415; x_wconf 88' lang='lat' dir='ltr'><strong>quo</strong></span> <span class='ocrx_word' id='word_1_398' title='bbox 1833 1376 1895 1403; x_wconf 88' lang='lat' dir='ltr'><strong>me</strong></span> <span class='ocrx_word' id='word_1_399' title='bbox 1919 1374 2073 1403; x_wconf 87' lang='lat' dir='ltr'><strong>vertam.</strong></span> <span class='ocrx_word' id='word_1_400' title='bbox 2099 1362 2228 1402; x_wconf 69' lang='lat' dir='ltr'><strong>Nm.</strong></span> 
     </span>
     <span class='ocr_line' id='line_1_60' title="bbox 1181 1416 1571 1462; baseline 0.003 -9"><span class='ocrx_word' id='word_1_401' title='bbox 1181 1422 1298 1455; x_wconf 85' lang='lat' dir='ltr'><strong>Grata</strong></span> <span class='ocrx_word' id='word_1_402' title='bbox 1317 1417 1409 1462; x_wconf 79' lang='lat' dir='ltr'><strong>Jovi</strong></span> <span class='ocrx_word' id='word_1_403' title='bbox 1431 1416 1571 1454; x_wconf 83' lang='lat' dir='ltr'><strong>Sarrav.</strong></span> 
     </span>
    </p>

    <p class='ocr_par' dir='ltr' id='par_1_20' title="bbox 1179 1466 2228 1618">
     <span class='ocr_line' id='line_1_61' title="bbox 1235 1466 2226 1517; baseline -0.005 -11"><span class='ocrx_word' id='word_1_404' title='bbox 1235 1479 1316 1514; x_wconf 84' lang='lat'><strong>141.</strong></span> <span class='ocrx_word' id='word_1_405' title='bbox 1343 1467 1537 1515; x_wconf 77' lang='lat' dir='ltr'><strong>Exagitant</strong></span> <span class='ocrx_word' id='word_1_406' title='bbox 1553 1466 1715 1517; x_wconf 62' lang='lat' dir='ltr'><strong>&amp;Lar.]</strong></span> <span class='ocrx_word' id='word_1_407' title='bbox 1747 1468 2051 1517; x_wconf 79' lang='lat' dir='ltr'><strong>Exagitantfures</strong></span> <span class='ocrx_word' id='word_1_408' title='bbox 2074 1475 2116 1505; x_wconf 68' lang='lat'><strong>(9⁴</strong></span> <span class='ocrx_word' id='word_1_409' title='bbox 2143 1470 2226 1510; x_wconf 80' lang='lat' dir='ltr'><strong>Lar,</strong></span> 
     </span>
     <span class='ocr_line' id='line_1_62' title="bbox 1181 1515 2228 1567; baseline -0.003 -10"><span class='ocrx_word' id='word_1_410' title='bbox 1181 1529 1224 1557; x_wconf 66' lang='grc' dir='ltr'><strong>ω’</strong></span> <span class='ocrx_word' id='word_1_411' title='bbox 1241 1517 1345 1555; x_wconf 86' lang='lat' dir='ltr'><strong>turba</strong></span> <span class='ocrx_word' id='word_1_412' title='bbox 1367 1518 1506 1555; x_wconf 84' lang='lat' dir='ltr'><strong>Dianae</strong></span> <span class='ocrx_word' id='word_1_413' title='bbox 1522 1519 1667 1566; x_wconf 85' lang='lat' dir='ltr'><strong>Junian.</strong></span> <span class='ocrx_word' id='word_1_414' title='bbox 1692 1521 1729 1556; x_wconf 64' lang='grc' dir='ltr'><strong>ὃς</strong></span> <span class='ocrx_word' id='word_1_415' title='bbox 1751 1517 1998 1557; x_wconf 85' lang='lat' dir='ltr'><strong>Ambros.nisi</strong></span> <span class='ocrx_word' id='word_1_416' title='bbox 2019 1515 2121 1567; x_wconf 89' lang='lat' dir='ltr'><strong>quod</strong></span> <span class='ocrx_word' id='word_1_417' title='bbox 2141 1516 2199 1554; x_wconf 88' lang='lat' dir='ltr'><strong>ille</strong></span> <span class='ocrx_word' id='word_1_418' title='bbox 2216 1543 2228 1564; x_wconf 83' lang='lat'><em>,</em></span> 
     </span>
     <span class='ocr_line' id='line_1_63' title="bbox 1179 1569 1653 1618; baseline 0.002 -12"><span class='ocrx_word' id='word_1_419' title='bbox 1179 1569 1377 1618; x_wconf 83' lang='lat' dir='ltr'><strong>Exagitant</strong></span> <span class='ocrx_word' id='word_1_420' title='bbox 1393 1580 1436 1609; x_wconf 71' lang='lat'><strong>(9¹</strong></span> <span class='ocrx_word' id='word_1_421' title='bbox 1455 1575 1526 1606; x_wconf 88' lang='lat' dir='ltr'><strong>Lar</strong></span> <span class='ocrx_word' id='word_1_422' title='bbox 1542 1572 1653 1617; x_wconf 84' lang='lat' dir='ltr'><strong>sures.</strong></span> 
     </span>
    </p>

    <p class='ocr_par' dir='ltr' id='par_1_21' title="bbox 1183 1617 2227 1759">
     <span class='ocr_line' id='line_1_64' title="bbox 1236 1617 2226 1670; baseline -0.003 -13"><span class='ocrx_word' id='word_1_423' title='bbox 1236 1632 1315 1667; x_wconf 78' lang='lat'><strong>144.</strong></span> <span class='ocrx_word' id='word_1_424' title='bbox 1344 1619 1478 1657; x_wconf 82' lang='lat' dir='ltr'><strong>Viribus</strong></span> <span class='ocrx_word' id='word_1_425' title='bbox 1500 1619 1683 1670; x_wconf 60' lang='lat' dir='ltr'><strong>annosae]</strong></span> <span class='ocrx_word' id='word_1_426' title='bbox 1725 1619 1765 1657; x_wconf 85' lang='lat' dir='ltr'><strong>In</strong></span> <span class='ocrx_word' id='word_1_427' title='bbox 1789 1620 1902 1658; x_wconf 85' lang='lat' dir='ltr'><strong>veteri</strong></span> <span class='ocrx_word' id='word_1_428' title='bbox 1923 1618 1992 1662; x_wconf 83' lang='lat' dir='ltr'><strong>est,</strong></span> <span class='ocrx_word' id='word_1_429' title='bbox 2020 1617 2136 1667; x_wconf 75' lang='lat' dir='ltr'><strong>Ufibus</strong></span> <span class='ocrx_word' id='word_1_430' title='bbox 2157 1631 2226 1655; x_wconf 80' lang='lat' dir='ltr'><strong>an·</strong></span> 
     </span>
     <span class='ocr_line' id='line_1_65' title="bbox 1183 1669 2227 1720; baseline 0.001 -13"><span class='ocrx_word' id='word_1_431' title='bbox 1183 1670 1295 1719; x_wconf 77' lang='lat' dir='ltr'><strong>nosue.</strong></span> <span class='ocrx_word' id='word_1_432' title='bbox 1348 1671 1524 1710; x_wconf 72' lang='lat' dir='ltr'><strong>NEAPOL.</strong></span> <span class='ocrx_word' id='word_1_433' title='bbox 1581 1671 1634 1709; x_wconf 81' lang='lat' dir='ltr'><strong>Ita</strong></span> <span class='ocrx_word' id='word_1_434' title='bbox 1662 1681 1820 1720; x_wconf 81' lang='lat' dir='ltr'><strong>quatuor</strong></span> <span class='ocrx_word' id='word_1_435' title='bbox 1851 1672 1941 1709; x_wconf 82' lang='lat' dir='ltr'><strong>libri.</strong></span> <span class='ocrx_word' id='word_1_436' title='bbox 1968 1669 2098 1706; x_wconf 84' lang='lat' dir='ltr'><strong>caduca</strong></span> <span class='ocrx_word' id='word_1_437' title='bbox 2119 1674 2227 1708; x_wconf 83' lang='lat' dir='ltr'><strong>Deae.</strong></span> 
     </span>
     <span class='ocr_line' id='line_1_66' title="bbox 1183 1721 1352 1759; baseline 0.006 -1"><span class='ocrx_word' id='word_1_438' title='bbox 1183 1721 1352 1759; x_wconf 85' lang='lat' dir='ltr'><strong>Bernens.</strong></span> 
     </span>
    </p>

    <p class='ocr_par' dir='ltr' id='par_1_22' title="bbox 1179 1768 2228 1923">
     <span class='ocr_line' id='line_1_67' title="bbox 1233 1768 2228 1822; baseline -0.005 -11"><span class='ocrx_word' id='word_1_439' title='bbox 1233 1784 1314 1820; x_wconf 79' lang='lat'><strong>145.</strong></span> <span class='ocrx_word' id='word_1_440' title='bbox 1339 1771 1444 1809; x_wconf 87' lang='lat' dir='ltr'><strong>Mille</strong></span> <span class='ocrx_word' id='word_1_441' title='bbox 1467 1777 1569 1809; x_wconf 83' lang='lat' dir='ltr'><strong>Lares</strong></span> <span class='ocrx_word' id='word_1_442' title='bbox 1594 1772 1800 1822; x_wconf 83' lang='lat' dir='ltr'><strong>geniumque</strong></span> <span class='ocrx_word' id='word_1_443' title='bbox 1823 1771 1954 1820; x_wconf 57' lang='lat' dir='ltr'><strong>ducis]</strong></span> <span class='ocrx_word' id='word_1_444' title='bbox 1994 1769 2162 1808; x_wconf 84' lang='lat' dir='ltr'><strong>Turbant</strong></span> <span class='ocrx_word' id='word_1_445' title='bbox 2182 1768 2228 1806; x_wconf 76' lang='lat' dir='ltr'><strong>li-</strong></span> 
     </span>
     <span class='ocr_line' id='line_1_68' title="bbox 1179 1822 2225 1872; baseline -0.003 -11"><span class='ocrx_word' id='word_1_446' title='bbox 1179 1822 1234 1861; x_wconf 88' lang='lat' dir='ltr'><strong>bri</strong></span> <span class='ocrx_word' id='word_1_447' title='bbox 1256 1832 1398 1861; x_wconf 87' lang='lat' dir='ltr'><strong>veteres</strong></span> <span class='ocrx_word' id='word_1_448' title='bbox 1418 1834 1548 1872; x_wconf 81' lang='lat' dir='ltr'><strong>magna</strong></span> <span class='ocrx_word' id='word_1_449' title='bbox 1568 1835 1613 1861; x_wconf 82' lang='lat' dir='ltr'><strong>ex</strong></span> <span class='ocrx_word' id='word_1_450' title='bbox 1634 1833 1746 1872; x_wconf 89' lang='lat' dir='ltr'><strong>parte.</strong></span> <span class='ocrx_word' id='word_1_451' title='bbox 1768 1823 1828 1861; x_wconf 87' lang='lat' dir='ltr'><strong>sed</strong></span> <span class='ocrx_word' id='word_1_452' title='bbox 1850 1822 1940 1860; x_wconf 80' lang='lat' dir='ltr'><strong>nihil</strong></span> <span class='ocrx_word' id='word_1_453' title='bbox 1963 1822 2225 1868; x_wconf 76' lang='lat' dir='ltr'><strong>estjminutan-</strong></span> 
     </span>
     <span class='ocr_line' id='line_1_69' title="bbox 1180 1873 1674 1923; baseline -0.002 -10"><span class='ocrx_word' id='word_1_454' title='bbox 1180 1873 1282 1913; x_wconf 89' lang='lat' dir='ltr'><strong>dum.</strong></span> <span class='ocrx_word' id='word_1_455' title='bbox 1310 1875 1457 1912; x_wconf 84' lang='lat' dir='ltr'><strong>Perseus</strong></span> <span class='ocrx_word' id='word_1_456' title='bbox 1477 1875 1603 1923; x_wconf 85' lang='lat' dir='ltr'><strong>Satyra</strong></span> <span class='ocrx_word' id='word_1_457' title='bbox 1621 1887 1674 1912; x_wconf 81' lang='lat' dir='ltr'><strong>vr.</strong></span> 
     </span>
    </p>

    <p class='ocr_par' dir='ltr' id='par_1_23' title="bbox 1234 1921 2180 1976">
     <span class='ocr_line' id='line_1_70' title="bbox 1234 1921 2180 1976; baseline -0.002 -14"><span class='ocrx_word' id='word_1_458' title='bbox 1234 1925 1303 1962; x_wconf 72' lang='lat' dir='ltr'><strong>Dis</strong></span> <span class='ocrx_word' id='word_1_459' title='bbox 1322 1925 1431 1974; x_wconf 83' lang='lat' dir='ltr'><strong>igitur</strong></span> <span class='ocrx_word' id='word_1_460' title='bbox 1453 1926 1624 1976; x_wconf 84' lang='lat' dir='ltr'><strong>Genioque</strong></span> <span class='ocrx_word' id='word_1_461' title='bbox 1643 1925 1738 1963; x_wconf 83' lang='lat' dir='ltr'><strong>ducis</strong></span> <span class='ocrx_word' id='word_1_462' title='bbox 1751 1954 1762 1971; x_wconf 94' lang='lat'>,</span> <span class='ocrx_word' id='word_1_463' title='bbox 1789 1934 1927 1962; x_wconf 78' lang='lat' dir='ltr'><strong>emtum</strong></span> <span class='ocrx_word' id='word_1_464' title='bbox 1940 1922 2043 1974; x_wconf 82' lang='lat' dir='ltr'><strong>paria</strong></span> <span class='ocrx_word' id='word_1_465' title='bbox 2064 1921 2103 1961; x_wconf 83' lang='lat' dir='ltr'><strong>ob</strong></span> <span class='ocrx_word' id='word_1_466' title='bbox 2127 1935 2180 1960; x_wconf 77' lang='lat' dir='ltr'><strong>res</strong></span> 
     </span>
    </p>

    <p class='ocr_par' dir='ltr' id='par_1_24' title="bbox 1176 1975 2230 2180">
     <span class='ocr_line' id='line_1_71' title="bbox 1233 1975 1642 2026; baseline 0 -13"><span class='ocrx_word' id='word_1_467' title='bbox 1233 1977 1370 2026; x_wconf 81' lang='lat' dir='ltr'><strong>Egregie</strong></span> <span class='ocrx_word' id='word_1_468' title='bbox 1394 1975 1499 2025; x_wconf 79' lang='lat' dir='ltr'><strong>gestas</strong></span> <span class='ocrx_word' id='word_1_469' title='bbox 1518 1976 1642 2013; x_wconf 81' lang='lat' dir='ltr'><strong>indico.</strong></span> 
     </span>
     <span class='ocr_line' id='line_1_72' title="bbox 1181 2025 2230 2074; baseline -0.005 -9"><span class='ocrx_word' id='word_1_470' title='bbox 1181 2027 1228 2066; x_wconf 89' lang='lat' dir='ltr'><strong>fic</strong></span> <span class='ocrx_word' id='word_1_471' title='bbox 1248 2028 1365 2066; x_wconf 78' lang='lat' dir='ltr'><strong>Pithei</strong></span> <span class='ocrx_word' id='word_1_472' title='bbox 1385 2026 1518 2065; x_wconf 77' lang='lat' dir='ltr'><strong>codex.</strong></span> <span class='ocrx_word' id='word_1_473' title='bbox 1539 2039 1617 2064; x_wconf 90' lang='lat' dir='ltr'><strong>non</strong></span> <span class='ocrx_word' id='word_1_474' title='bbox 1631 2027 1767 2065; x_wconf 79' lang='lat' dir='ltr'><strong>induco.</strong></span> <span class='ocrx_word' id='word_1_475' title='bbox 1787 2028 1930 2065; x_wconf 69' lang='lat' dir='ltr'><strong>Hms.</strong></span> <span class='ocrx_word' id='word_1_476' title='bbox 1967 2025 2230 2074; x_wconf 85' lang='lat' dir='ltr'><strong>Gemitumque‚</strong></span> 
     </span>
     <span class='ocr_line' id='line_1_73' title="bbox 1176 2076 2229 2129; baseline -0.002 -15"><span class='ocrx_word' id='word_1_477' title='bbox 1176 2078 1444 2129; x_wconf 81' lang='lat' dir='ltr'><strong>geminumque,</strong></span> <span class='ocrx_word' id='word_1_478' title='bbox 1468 2079 1664 2128; x_wconf 80' lang='lat' dir='ltr'><strong>geminique</strong></span> <span class='ocrx_word' id='word_1_479' title='bbox 1685 2107 1695 2123; x_wconf 91' lang='lat'><em>‚</em></span> <span class='ocrx_word' id='word_1_480' title='bbox 1728 2078 1965 2127; x_wconf 77' lang='lat' dir='ltr'><strong>gremiumque</strong></span> <span class='ocrx_word' id='word_1_481' title='bbox 1987 2105 1998 2121; x_wconf 90' lang='lat'>,</span> <span class='ocrx_word' id='word_1_482' title='bbox 2032 2076 2229 2126; x_wconf 85' lang='lat' dir='ltr'><strong>geminum-</strong></span> 
     </span>
     <span class='ocr_line' id='line_1_74' title="bbox 1181 2128 2113 2180; baseline -0.003 -14"><span class='ocrx_word' id='word_1_483' title='bbox 1181 2143 1246 2180; x_wconf 81' lang='lat' dir='ltr'><strong>que</strong></span> <span class='ocrx_word' id='word_1_484' title='bbox 1263 2130 1384 2174; x_wconf 80' lang='lat' dir='ltr'><strong>decus,</strong></span> <span class='ocrx_word' id='word_1_485' title='bbox 1408 2129 1651 2177; x_wconf 80' lang='lat' dir='ltr'><strong>geminumque</strong></span> <span class='ocrx_word' id='word_1_486' title='bbox 1673 2130 1791 2166; x_wconf 85' lang='lat' dir='ltr'><strong>ducem</strong></span> <span class='ocrx_word' id='word_1_487' title='bbox 1806 2157 1815 2172; x_wconf 90' lang='lat'>,</span> <span class='ocrx_word' id='word_1_488' title='bbox 1844 2129 1892 2166; x_wconf 89' lang='lat' dir='ltr'><strong>est</strong></span> <span class='ocrx_word' id='word_1_489' title='bbox 1914 2130 1949 2166; x_wconf 89' lang='lat' dir='ltr'><strong>in</strong></span> <span class='ocrx_word' id='word_1_490' title='bbox 1969 2128 2113 2176; x_wconf 82' lang='lat' dir='ltr'><strong>scriptis.</strong></span> 
     </span>
    </p>

    <p class='ocr_par' dir='ltr' id='par_1_25' title="bbox 1180 2176 2229 2474">
     <span class='ocr_line' id='line_1_75' title="bbox 1239 2176 2227 2229; baseline -0.004 -11"><span class='ocrx_word' id='word_1_491' title='bbox 1239 2186 1320 2229; x_wconf 63' lang='grc' dir='ltr'><strong>ης.</strong></span> <span class='ocrx_word' id='word_1_492' title='bbox 1347 2181 1421 2229; x_wconf 59' lang='lat' dir='ltr'><strong>§Qui</strong></span> <span class='ocrx_word' id='word_1_493' title='bbox 1441 2180 1592 2216; x_wconf 73' lang='lat' dir='ltr'><strong>tradidit</strong></span> <span class='ocrx_word' id='word_1_494' title='bbox 1611 2179 1723 2229; x_wconf 83' lang='lat' dir='ltr'><strong>illos.]</strong></span> <span class='ocrx_word' id='word_1_495' title='bbox 1768 2180 1825 2217; x_wconf 86' lang='lat' dir='ltr'><strong>Ne</strong></span> <span class='ocrx_word' id='word_1_496' title='bbox 1849 2179 2010 2223; x_wconf 87' lang='lat' dir='ltr'><strong>mireris,</strong></span> <span class='ocrx_word' id='word_1_497' title='bbox 2039 2176 2227 2215; x_wconf 84' lang='lat' dir='ltr'><strong>vernalem</strong></span> 
     </span>
     <span class='ocr_line' id='line_1_76' title="bbox 1180 2229 2229 2278; baseline -0.004 -10"><span class='ocrx_word' id='word_1_498' title='bbox 1180 2231 1276 2269; x_wconf 87' lang='lat' dir='ltr'><strong>hanc</strong></span> <span class='ocrx_word' id='word_1_499' title='bbox 1299 2232 1497 2268; x_wconf 60' lang='grc' dir='ltr'><em>κολακείαν</em></span> <span class='ocrx_word' id='word_1_500' title='bbox 1518 2232 1554 2268; x_wconf 85' lang='lat' dir='ltr'><strong>in</strong></span> <span class='ocrx_word' id='word_1_501' title='bbox 1577 2231 1696 2268; x_wconf 78' lang='lat' dir='ltr'><strong>exsule</strong></span> <span class='ocrx_word' id='word_1_502' title='bbox 1717 2229 1758 2268; x_wconf 88' lang='lat' dir='ltr'><strong>ad</strong></span> <span class='ocrx_word' id='word_1_503' title='bbox 1774 2230 1875 2268; x_wconf 86' lang='lat' dir='ltr'><strong>suum</strong></span> <span class='ocrx_word' id='word_1_504' title='bbox 1890 2230 2109 2278; x_wconf 86' lang='lat' dir='ltr'><strong>Principem.</strong></span> <span class='ocrx_word' id='word_1_505' title='bbox 2141 2229 2229 2264; x_wconf 87' lang='lat' dir='ltr'><strong>Mo-</strong></span> 
     </span>
     <span class='ocr_line' id='line_1_77' title="bbox 1181 2280 2225 2329; baseline -0.004 -10"><span class='ocrx_word' id='word_1_506' title='bbox 1181 2294 1280 2327; x_wconf 80' lang='lat' dir='ltr'><strong>neo,</strong></span> <span class='ocrx_word' id='word_1_507' title='bbox 1309 2294 1358 2319; x_wconf 81' lang='lat' dir='ltr'><strong>ne</strong></span> <span class='ocrx_word' id='word_1_508' title='bbox 1378 2290 1480 2319; x_wconf 75' lang='lat' dir='ltr'><strong>eruat</strong></span> <span class='ocrx_word' id='word_1_509' title='bbox 1513 2294 1557 2318; x_wconf 86' lang='lat' dir='ltr'><strong>ex</strong></span> <span class='ocrx_word' id='word_1_510' title='bbox 1587 2282 1642 2319; x_wconf 86' lang='lat' dir='ltr'><strong>his</strong></span> <span class='ocrx_word' id='word_1_511' title='bbox 1673 2281 1824 2328; x_wconf 74' lang='lat' dir='ltr'><strong>aliquis,</strong></span> <span class='ocrx_word' id='word_1_512' title='bbox 1852 2281 1894 2318; x_wconf 86' lang='lat' dir='ltr'><strong>ab</strong></span> <span class='ocrx_word' id='word_1_513' title='bbox 1914 2280 2081 2329; x_wconf 76' lang='lat' dir='ltr'><strong>Augusto</strong></span> <span class='ocrx_word' id='word_1_514' title='bbox 2105 2280 2225 2327; x_wconf 84' lang='lat' dir='ltr'><strong>primo</strong></span> 
     </span>
     <span class='ocr_line' id='line_1_78' title="bbox 1185 2329 2226 2378; baseline -0.005 -8"><span class='ocrx_word' id='word_1_515' title='bbox 1185 2333 1323 2371; x_wconf 86' lang='lat' dir='ltr'><strong>Larum</strong></span> <span class='ocrx_word' id='word_1_516' title='bbox 1355 2332 1490 2370; x_wconf 87' lang='lat' dir='ltr'><strong>cultum</strong></span> <span class='ocrx_word' id='word_1_517' title='bbox 1526 2333 1671 2369; x_wconf 86' lang='lat' dir='ltr'><strong>Romae</strong></span> <span class='ocrx_word' id='word_1_518' title='bbox 1693 2331 1879 2370; x_wconf 81' lang='lat' dir='ltr'><strong>traditum.</strong></span> <span class='ocrx_word' id='word_1_519' title='bbox 1933 2331 2035 2378; x_wconf 74' lang='lat' dir='ltr'><strong>Quid</strong></span> <span class='ocrx_word' id='word_1_520' title='bbox 2057 2331 2116 2368; x_wconf 85' lang='lat' dir='ltr'><strong>ille</strong></span> <span class='ocrx_word' id='word_1_521' title='bbox 2135 2329 2226 2366; x_wconf 84' lang='lat' dir='ltr'><strong>novi</strong></span> 
     </span>
     <span class='ocr_line' id='line_1_79' title="bbox 1184 2382 2228 2432; baseline -0.004 -12"><span class='ocrx_word' id='word_1_522' title='bbox 1184 2384 1362 2422; x_wconf 88' lang='lat' dir='ltr'><strong>addiderit</strong></span> <span class='ocrx_word' id='word_1_523' title='bbox 1400 2383 1485 2421; x_wconf 74' lang='lat' dir='ltr'><strong>vide</strong></span> <span class='ocrx_word' id='word_1_524' title='bbox 1517 2383 1614 2432; x_wconf 77' lang='lat' dir='ltr'><strong>apud</strong></span> <span class='ocrx_word' id='word_1_525' title='bbox 1653 2382 1872 2421; x_wconf 82' lang='lat' dir='ltr'><strong>Suetonium</strong></span> <span class='ocrx_word' id='word_1_526' title='bbox 1902 2382 1962 2420; x_wconf 86' lang='lat' dir='ltr'><strong>lib.</strong></span> <span class='ocrx_word' id='word_1_527' title='bbox 1984 2394 2030 2420; x_wconf 86' lang='lat'><strong>11.</strong></span> <span class='ocrx_word' id='word_1_528' title='bbox 2073 2392 2147 2428; x_wconf 72' lang='lat' dir='ltr'><strong>cap.</strong></span> <span class='ocrx_word' id='word_1_529' title='bbox 2170 2390 2228 2428; x_wconf 83' lang='lat'><strong>31.</strong></span> 
     </span>
     <span class='ocr_line' id='line_1_80' title="bbox 1185 2435 1361 2474; baseline 0 -2"><span class='ocrx_word' id='word_1_530' title='bbox 1185 2435 1361 2474; x_wconf 59' lang='lat' dir='ltr'><strong>Nmpot.</strong></span> 
     </span>
    </p>

    <p class='ocr_par' dir='ltr' id='par_1_26' title="bbox 1174 2481 2230 2938">
     <span class='ocr_line' id='line_1_81' title="bbox 1243 2481 2226 2533; baseline -0.005 -10"><span class='ocrx_word' id='word_1_531' title='bbox 1243 2488 1322 2526; x_wconf 59' lang='lat'><strong>146.</strong></span> <span class='ocrx_word' id='word_1_532' title='bbox 1351 2485 1433 2521; x_wconf 79' lang='lat' dir='ltr'><strong>Urbs</strong></span> <span class='ocrx_word' id='word_1_533' title='bbox 1451 2483 1591 2533; x_wconf 54' lang='lat' dir='ltr'><strong>habet]</strong></span> <span class='ocrx_word' id='word_1_534' title='bbox 1624 2484 1665 2520; x_wconf 89' lang='lat' dir='ltr'><strong>In</strong></span> <span class='ocrx_word' id='word_1_535' title='bbox 1685 2485 1817 2532; x_wconf 81' lang='lat' dir='ltr'><strong>quovis</strong></span> <span class='ocrx_word' id='word_1_536' title='bbox 1841 2484 1940 2520; x_wconf 87' lang='lat' dir='ltr'><strong>enim</strong></span> <span class='ocrx_word' id='word_1_537' title='bbox 1963 2482 2130 2528; x_wconf 85' lang='lat' dir='ltr'><strong>compito</strong></span> <span class='ocrx_word' id='word_1_538' title='bbox 2148 2508 2159 2525; x_wconf 89' lang='lat'><strong>,</strong></span> <span class='ocrx_word' id='word_1_539' title='bbox 2188 2481 2226 2518; x_wconf 85' lang='lat' dir='ltr'><strong>in</strong></span> 
     </span>
     <span class='ocr_line' id='line_1_82' title="bbox 1182 2531 2227 2583; baseline -0.005 -10"><span class='ocrx_word' id='word_1_540' title='bbox 1182 2538 1315 2583; x_wconf 79' lang='lat' dir='ltr'><strong>quovis</strong></span> <span class='ocrx_word' id='word_1_541' title='bbox 1335 2535 1463 2572; x_wconf 87' lang='lat' dir='ltr'><strong>larario</strong></span> <span class='ocrx_word' id='word_1_542' title='bbox 1485 2534 1689 2571; x_wconf 79' lang='lat' dir='ltr'><strong>domestico</strong></span> <span class='ocrx_word' id='word_1_543' title='bbox 1710 2534 1784 2571; x_wconf 88' lang='lat' dir='ltr'><strong>duo</strong></span> <span class='ocrx_word' id='word_1_544' title='bbox 1807 2534 1978 2577; x_wconf 77' lang='lat' dir='ltr'><strong>aderant,</strong></span> <span class='ocrx_word' id='word_1_545' title='bbox 2008 2534 2043 2570; x_wconf 71' lang='lat'><strong>8&lt;</strong></span> <span class='ocrx_word' id='word_1_546' title='bbox 2063 2544 2146 2570; x_wconf 83' lang='lat' dir='ltr'><strong>cum</strong></span> <span class='ocrx_word' id='word_1_547' title='bbox 2170 2531 2227 2569; x_wconf 85' lang='lat' dir='ltr'><strong>his</strong></span> 
     </span>
     <span class='ocr_line' id='line_1_83' title="bbox 1182 2582 2227 2634; baseline -0.003 -12"><span class='ocrx_word' id='word_1_548' title='bbox 1182 2587 1333 2634; x_wconf 75' lang='lat' dir='ltr'><strong>Augusti</strong></span> <span class='ocrx_word' id='word_1_549' title='bbox 1357 2585 1521 2627; x_wconf 89' lang='lat' dir='ltr'><strong>Genius,</strong></span> <span class='ocrx_word' id='word_1_550' title='bbox 1549 2585 1612 2632; x_wconf 89' lang='lat' dir='ltr'><strong>qui</strong></span> <span class='ocrx_word' id='word_1_551' title='bbox 1647 2586 1740 2620; x_wconf 83' lang='lat' dir='ltr'><strong>inter</strong></span> <span class='ocrx_word' id='word_1_552' title='bbox 1769 2596 1832 2621; x_wconf 84' lang='lat' dir='ltr'><strong>eos</strong></span> <span class='ocrx_word' id='word_1_553' title='bbox 1863 2583 1959 2631; x_wconf 80' lang='lat' dir='ltr'><strong>apud</strong></span> <span class='ocrx_word' id='word_1_554' title='bbox 1991 2592 2130 2620; x_wconf 83' lang='lat' dir='ltr'><strong>veteres</strong></span> <span class='ocrx_word' id='word_1_555' title='bbox 2150 2582 2227 2619; x_wconf 89' lang='lat' dir='ltr'><strong>cul-</strong></span> 
     </span>
     <span class='ocr_line' id='line_1_84' title="bbox 1180 2631 2227 2673; baseline -0.004 0"><span class='ocrx_word' id='word_1_556' title='bbox 1180 2644 1260 2673; x_wconf 86' lang='lat' dir='ltr'><strong>tus:</strong></span> <span class='ocrx_word' id='word_1_557' title='bbox 1282 2634 1387 2673; x_wconf 71' lang='lat' dir='ltr'><strong>hoca</strong></span> <span class='ocrx_word' id='word_1_558' title='bbox 1408 2635 1543 2672; x_wconf 75' lang='lat' dir='ltr'><strong>Nostro</strong></span> <span class='ocrx_word' id='word_1_559' title='bbox 1567 2635 1686 2671; x_wconf 63' lang='lat' dir='ltr'><strong>multis</strong></span> <span class='ocrx_word' id='word_1_560' title='bbox 1708 2636 1743 2672; x_wconf 86' lang='lat' dir='ltr'><strong>in</strong></span> <span class='ocrx_word' id='word_1_561' title='bbox 1764 2636 1852 2672; x_wconf 81' lang='lat' dir='ltr'><strong>locis</strong></span> <span class='ocrx_word' id='word_1_562' title='bbox 1877 2634 2105 2672; x_wconf 77' lang='lat' dir='ltr'><strong>adnotatum.</strong></span> <span class='ocrx_word' id='word_1_563' title='bbox 2155 2631 2227 2670; x_wconf 87' lang='lat' dir='ltr'><strong>Sed</strong></span> 
     </span>
     <span class='ocr_line' id='line_1_85' title="bbox 1174 2683 2228 2735; baseline -0.005 -12"><span class='ocrx_word' id='word_1_564' title='bbox 1174 2686 1281 2735; x_wconf 86' lang='lat' dir='ltr'><strong>juvat</strong></span> <span class='ocrx_word' id='word_1_565' title='bbox 1302 2687 1459 2723; x_wconf 86' lang='lat' dir='ltr'><strong>nimium</strong></span> <span class='ocrx_word' id='word_1_566' title='bbox 1492 2685 1617 2723; x_wconf 71' lang='lat' dir='ltr'><strong>&#39;faciti</strong></span> <span class='ocrx_word' id='word_1_567' title='bbox 1648 2687 1751 2723; x_wconf 79' lang='lat' dir='ltr'><strong>locus</strong></span> <span class='ocrx_word' id='word_1_568' title='bbox 1782 2686 1915 2722; x_wconf 67' lang='lat' dir='ltr'><strong>Annali</strong></span> <span class='ocrx_word' id='word_1_569' title='bbox 1946 2686 2092 2732; x_wconf 75' lang='lat' dir='ltr'><strong>primo:</strong></span> <span class='ocrx_word' id='word_1_570' title='bbox 2122 2683 2228 2720; x_wconf 84' lang='lat' dir='ltr'><strong>Fala-</strong></span> 
     </span>
     <span class='ocr_line' id='line_1_86' title="bbox 1180 2735 2228 2785; baseline -0.003 -11"><span class='ocrx_word' id='word_1_571' title='bbox 1180 2737 1236 2774; x_wconf 83' lang='lat' dir='ltr'><strong>nio</strong></span> <span class='ocrx_word' id='word_1_572' title='bbox 1256 2736 1430 2785; x_wconf 74' lang='lat' dir='ltr'><strong>objiciebat</strong></span> <span class='ocrx_word' id='word_1_573' title='bbox 1450 2739 1624 2783; x_wconf 77' lang='lat' dir='ltr'><strong>accusator</strong></span> <span class='ocrx_word' id='word_1_574' title='bbox 1637 2764 1645 2779; x_wconf 96' lang='lat'>,</span> <span class='ocrx_word' id='word_1_575' title='bbox 1674 2735 1764 2785; x_wconf 66' lang='lat' dir='ltr'><strong>qued</strong></span> <span class='ocrx_word' id='word_1_576' title='bbox 1783 2737 1873 2772; x_wconf 81' lang='lat' dir='ltr'><strong>inter</strong></span> <span class='ocrx_word' id='word_1_577' title='bbox 1893 2736 2035 2772; x_wconf 82' lang='lat' dir='ltr'><strong>cultores</strong></span> <span class='ocrx_word' id='word_1_578' title='bbox 2056 2735 2203 2783; x_wconf 80' lang='lat' dir='ltr'><strong>Augusti</strong></span> <span class='ocrx_word' id='word_1_579' title='bbox 2216 2763 2228 2780; x_wconf 85' lang='lat'><strong><em>‚</em></strong></span> 
     </span>
     <span class='ocr_line' id='line_1_87' title="bbox 1179 2785 2229 2839; baseline -0.003 -15"><span class='ocrx_word' id='word_1_580' title='bbox 1179 2789 1241 2839; x_wconf 80' lang='lat' dir='ltr'><strong>qui</strong></span> <span class='ocrx_word' id='word_1_581' title='bbox 1256 2798 1314 2838; x_wconf 73' lang='lat' dir='ltr'><strong>¹ter</strong></span> <span class='ocrx_word' id='word_1_582' title='bbox 1337 2801 1449 2824; x_wconf 78' lang='lat' dir='ltr'><strong>omnes</strong></span> <span class='ocrx_word' id='word_1_583' title='bbox 1467 2788 1581 2824; x_wconf 81' lang='lat' dir='ltr'><strong>domos</strong></span> <span class='ocrx_word' id='word_1_584' title='bbox 1602 2787 1640 2823; x_wconf 78' lang='lat' dir='ltr'><strong>in</strong></span> <span class='ocrx_word' id='word_1_585' title='bbox 1659 2787 1799 2823; x_wconf 76' lang='lat' dir='ltr'><strong>modum</strong></span> <span class='ocrx_word' id='word_1_586' title='bbox 1821 2787 2031 2835; x_wconf 78' lang='lat' dir='ltr'><strong>collcgiorum</strong></span> <span class='ocrx_word' id='word_1_587' title='bbox 2053 2785 2229 2822; x_wconf 69' lang='lat' dir='ltr'><strong>habehan-</strong></span> 
     </span>
     <span class='ocr_line' id='line_1_88' title="bbox 1179 2837 2230 2888; baseline 0 -14"><span class='ocrx_word' id='word_1_588' title='bbox 1179 2849 1238 2875; x_wconf 81' lang='lat' dir='ltr'><strong>tur</strong></span> <span class='ocrx_word' id='word_1_589' title='bbox 1251 2866 1261 2883; x_wconf 88' lang='lat'><strong>,</strong></span> <span class='ocrx_word' id='word_1_590' title='bbox 1290 2838 1438 2885; x_wconf 65' lang='lat' dir='ltr'><strong>Caffium</strong></span> <span class='ocrx_word' id='word_1_591' title='bbox 1460 2838 1646 2888; x_wconf 68' lang='lat' dir='ltr'><strong>quemdam</strong></span> <span class='ocrx_word' id='word_1_592' title='bbox 1668 2851 1817 2875; x_wconf 72' lang='lat' dir='ltr'><strong>mimum</strong></span> <span class='ocrx_word' id='word_1_593' title='bbox 1838 2849 1966 2886; x_wconf 71' lang='lat' dir='ltr'><strong>corpore</strong></span> <span class='ocrx_word' id='word_1_594' title='bbox 1984 2838 2152 2884; x_wconf 78' lang='lat' dir='ltr'><strong>infamem</strong></span> <span class='ocrx_word' id='word_1_595' title='bbox 2164 2837 2230 2874; x_wconf 77' lang='lat' dir='ltr'><strong>ad-</strong></span> 
     </span>
     <span class='ocr_line' id='line_1_89' title="bbox 1177 2888 1538 2938; baseline -0.003 -14"><span class='ocrx_word' id='word_1_596' title='bbox 1177 2888 1334 2938; x_wconf 67' lang='lat' dir='ltr'><strong>sciviffit.</strong></span> <span class='ocrx_word' id='word_1_597' title='bbox 1365 2890 1538 2927; x_wconf 61' lang='lat' dir='ltr'><strong>Nam—02.</strong></span> 
     </span>
    </p>

    <p class='ocr_par' dir='ltr' id='par_1_27' title="bbox 1186 2939 2231 3027">
     <span class='ocr_line' id='line_1_90' title="bbox 1237 2939 2231 2992; baseline 0.002 -16"><span class='ocrx_word' id='word_1_598' title='bbox 1237 2940 1314 2984; x_wconf 51' lang='grc' dir='ltr'><strong>τῴ.</strong></span> <span class='ocrx_word' id='word_1_599' title='bbox 1343 2939 1488 2989; x_wconf 54' lang='lat' dir='ltr'><strong>Trina]</strong></span> <span class='ocrx_word' id='word_1_600' title='bbox 1545 2944 1656 2975; x_wconf 58' lang='lat' dir='ltr'><strong>Tema</strong></span> <span class='ocrx_word' id='word_1_601' title='bbox 1689 2940 1860 2978; x_wconf 82' lang='lat' dir='ltr'><strong>Ambros.</strong></span> <span class='ocrx_word' id='word_1_602' title='bbox 1891 2940 1929 2978; x_wconf 91' lang='lat'>&amp;</span> <span class='ocrx_word' id='word_1_603' title='bbox 1961 2939 2127 2992; x_wconf 82' lang='lat' dir='ltr'><strong>quinque</strong></span> <span class='ocrx_word' id='word_1_604' title='bbox 2159 2939 2231 2978; x_wconf 86' lang='lat' dir='ltr'><strong>alii.</strong></span> 
     </span>
     <span class='ocr_line' id='line_1_91' title="bbox 1186 2989 1378 3027; baseline 0 -1"><span class='ocrx_word' id='word_1_605' title='bbox 1186 2989 1267 3026; x_wconf 79' lang='lat' dir='ltr'><strong>bina</strong></span> <span class='ocrx_word' id='word_1_606' title='bbox 1291 2990 1378 3027; x_wconf 87' lang='lat' dir='ltr'><strong>duo.</strong></span> 
     </span>
    </p>

    <p class='ocr_par' dir='ltr' id='par_1_28' title="bbox 1186 3039 2230 3288">
     <span class='ocr_line' id='line_1_92' title="bbox 1244 3039 2228 3089; baseline -0.002 -12"><span class='ocrx_word' id='word_1_607' title='bbox 1244 3040 1322 3086; x_wconf 71' lang='lat'><strong>¹48·</strong></span> <span class='ocrx_word' id='word_1_608' title='bbox 1353 3040 1425 3086; x_wconf 74' lang='lat' dir='ltr'><strong>Jus</strong></span> <span class='ocrx_word' id='word_1_609' title='bbox 1444 3039 1585 3089; x_wconf 54' lang='lat' dir='ltr'><strong>haben]</strong></span> <span class='ocrx_word' id='word_1_610' title='bbox 1612 3040 1723 3078; x_wconf 82' lang='lat' dir='ltr'><strong>Dabit</strong></span> <span class='ocrx_word' id='word_1_611' title='bbox 1742 3041 1930 3089; x_wconf 81' lang='lat' dir='ltr'><strong>aliquanto</strong></span> <span class='ocrx_word' id='word_1_612' title='bbox 1952 3041 2082 3079; x_wconf 52' lang='lat' dir='ltr'><strong>reulus</strong></span> <span class='ocrx_word' id='word_1_613' title='bbox 2108 3040 2228 3083; x_wconf 79' lang='lat' dir='ltr'><strong>Laeti,</strong></span> 
     </span>
     <span class='ocr_line' id='line_1_93' title="bbox 1186 3091 2229 3138; baseline -0.001 -10"><span class='ocrx_word' id='word_1_614' title='bbox 1186 3091 1322 3138; x_wconf 77' lang='lat' dir='ltr'><strong>primus</strong></span> <span class='ocrx_word' id='word_1_615' title='bbox 1344 3091 1512 3130; x_wconf 83' lang='lat' dir='ltr'><strong>Ambros.</strong></span> <span class='ocrx_word' id='word_1_616' title='bbox 1533 3092 1711 3130; x_wconf 73' lang='lat' dir='ltr'><strong>Arondcl.</strong></span> <span class='ocrx_word' id='word_1_617' title='bbox 1736 3093 1835 3131; x_wconf 71' lang='lat' dir='ltr'><strong>Maz,</strong></span> <span class='ocrx_word' id='word_1_618' title='bbox 1858 3094 1895 3130; x_wconf 70' lang='grc' dir='ltr'><strong>ὃ(</strong></span> <span class='ocrx_word' id='word_1_619' title='bbox 1915 3093 1969 3130; x_wconf 62' lang='lat' dir='ltr'><strong>sex</strong></span> <span class='ocrx_word' id='word_1_620' title='bbox 1988 3092 2058 3129; x_wconf 87' lang='lat' dir='ltr'><strong>alii.</strong></span> <span class='ocrx_word' id='word_1_621' title='bbox 2088 3093 2229 3129; x_wconf 60' lang='lat' dir='ltr'><strong>Hiems.</strong></span> 
     </span>
     <span class='ocr_line' id='line_1_94' title="bbox 1188 3142 2230 3190; baseline -0.001 -12"><span class='ocrx_word' id='word_1_622' title='bbox 1188 3142 1436 3180; x_wconf 78' lang='lat' dir='ltr'><strong>Cont‘undunt</strong></span> <span class='ocrx_word' id='word_1_623' title='bbox 1464 3143 1555 3180; x_wconf 68' lang='lat' dir='ltr'><strong>haec</strong></span> <span class='ocrx_word' id='word_1_624' title='bbox 1584 3144 1692 3179; x_wconf 81' lang='lat' dir='ltr'><strong>verba</strong></span> <span class='ocrx_word' id='word_1_625' title='bbox 1713 3145 1823 3181; x_wconf 79' lang='lat' dir='ltr'><strong>ctiam</strong></span> <span class='ocrx_word' id='word_1_626' title='bbox 1847 3145 1880 3181; x_wconf 89' lang='lat' dir='ltr'><strong>in</strong></span> <span class='ocrx_word' id='word_1_627' title='bbox 1912 3143 2062 3180; x_wconf 72' lang='lat' dir='ltr'><strong>disticho</strong></span> <span class='ocrx_word' id='word_1_628' title='bbox 2087 3154 2230 3190; x_wconf 73' lang='lat' dir='ltr'><strong>pracce-</strong></span> 
     </span>
     <span class='ocr_line' id='line_1_95' title="bbox 1187 3191 2229 3242; baseline -0.004 -13"><span class='ocrx_word' id='word_1_629' title='bbox 1187 3192 1288 3230; x_wconf 89' lang='lat' dir='ltr'><strong>denti</strong></span> <span class='ocrx_word' id='word_1_630' title='bbox 1319 3193 1478 3230; x_wconf 79' lang='lat' dir='ltr'><strong>codices.</strong></span> <span class='ocrx_word' id='word_1_631' title='bbox 1513 3206 1673 3242; x_wconf 82' lang='lat' dir='ltr'><strong>quorum</strong></span> <span class='ocrx_word' id='word_1_632' title='bbox 1706 3194 1848 3231; x_wconf 82' lang='lat' dir='ltr'><strong>Arond.</strong></span> <span class='ocrx_word' id='word_1_633' title='bbox 1880 3195 1917 3230; x_wconf 63' lang='grc' dir='ltr'>ἃ</span> <span class='ocrx_word' id='word_1_634' title='bbox 1950 3193 2100 3229; x_wconf 68' lang='lat' dir='ltr'><strong>Camil).</strong></span> <span class='ocrx_word' id='word_1_635' title='bbox 2130 3191 2229 3227; x_wconf 61' lang='lat' dir='ltr'><strong>cxlii·</strong></span> 
     </span>
     <span class='ocr_line' id='line_1_96' title="bbox 1187 3242 2229 3288; baseline -0.002 -9"><span class='ocrx_word' id='word_1_636' title='bbox 1187 3242 1274 3280; x_wconf 88' lang='lat' dir='ltr'><strong>bent</strong></span> <span class='ocrx_word' id='word_1_637' title='bbox 1289 3271 1298 3288; x_wconf 94' lang='lat'>,</span> <span class='ocrx_word' id='word_1_638' title='bbox 1329 3242 1413 3281; x_wconf 81' lang='lat' dir='ltr'><strong>Urbs</strong></span> <span class='ocrx_word' id='word_1_639' title='bbox 1433 3243 1544 3282; x_wconf 77' lang='lat' dir='ltr'><strong>dabit.</strong></span> <span class='ocrx_word' id='word_1_640' title='bbox 1567 3245 1679 3283; x_wconf 84' lang='lat' dir='ltr'><strong>etiam</strong></span> <span class='ocrx_word' id='word_1_641' title='bbox 1705 3257 1782 3284; x_wconf 90' lang='lat' dir='ltr'><strong>non</strong></span> <span class='ocrx_word' id='word_1_642' title='bbox 1802 3245 1922 3288; x_wconf 46' lang='lat' dir='ltr'><strong>mileu</strong></span> <span class='ocrx_word' id='word_1_643' title='bbox 1947 3252 1983 3281; x_wconf 85' lang='lat' dir='ltr'><strong>ut</strong></span> <span class='ocrx_word' id='word_1_644' title='bbox 2006 3254 2032 3280; x_wconf 81' lang='lat'><strong>1.</strong></span> <span class='ocrx_word' id='word_1_645' title='bbox 2054 3243 2229 3280; x_wconf 57' lang='lat' dir='ltr'><strong>Asnam.</strong></span> 
     </span>
    </p>
   </div>
   <div class='ocr_carea' id='block_1_14' title="bbox 1189 3307 2223 3383">
    <p class='ocr_par' dir='ltr' id='par_1_29' title="bbox 1189 3307 2223 3383">
     <span class='ocr_line' id='line_1_97' title="bbox 1189 3307 2223 3383; baseline -0.008 1"><span class='ocrx_word' id='word_1_646' title='bbox 1189 3307 1249 3344; x_wconf 50' lang='lat'><strong>5⁵·</strong></span> <span class='ocrx_word' id='word_1_647' title='bbox 1365 3344 1413 3383; x_wconf 72' lang='grc' dir='ltr'><strong>ὃς</strong></span> <span class='ocrx_word' id='word_1_648' title='bbox 2161 3342 2223 3376; x_wconf 77' lang='lat' dir='ltr'><strong>Tot</strong></span> 
     </span>
    </p>
   </div>
  </div>
 </body>
</html>
