2495 3675
667 134 1304 197 TRISTIUM
1376 141 1569 202 Liff.
1645 147 1706 202 11:

349 236 519 312 quue
542 248 640 293 tuo
667 255 838 311 nuper
864 241 1115 313 scriptum
1141 240 1233 295 sub
1258 243 1504 307 nomine,
1545 244 1767 310 Caesar,'

420 311 492 368 Et
518 312 616 367 tibi
641 312 899 369 sacratum
921 314 1029 368 sors
1054 331 1171 369 mea
1197 315 1341 388 rupit
1367 332 1522 388 opus

0 3089 6 3209 i

0 3215 7 3319 l

0 3366 8 3562 l

52 579 227 629 secundae
246 577 444 617 defuerint.
468 576 529 615 sed
548 576 636 626 quid
653 573 802 614 tandem
824 573 1000 614 faciemus
1009 576 1095 617 huic

51 630 253 674 locutioni,
270 641 326 666 tuo
338 631 506 679 scriptum
520 629 585 675 sub
596 629 755 663 nomine?
771 635 815 660 an
830 626 995 664 dicemus
1006 640 1095 675 apo-

53 683 221 731 strophen
242 680 333 725 effe,
363 689 401 717 ut
421 681 525 726 saepe
546 678 682 714 Poetae
704 676 843 721 solent,
871 677 917 715 ad
939 678 1096 717 Germa.

57 735 181 774 uicum
205 732 220 769 ?
260 744 336 769 non
371 740 460 778 puto
483 741 490 765 :
526 739 612 764 nam
639 727 773 764 eodem
796 728 914 765 modo
935 740 1026 767 mox
1045 730 1100 772 ybs.

58 785 143 834 560.
173 782 376 831 Augustum
408 779 626 826 adloquitur.
657 777 723 824 sub
752 779 888 815 nomine
909 791 999 816 vero
1022 792 1099 818 non

57 831 296 881 uno'semper
324 831 441 869 modo
473 828 643 877 explicari
664 829 800 876 potest:
829 841 913 867 nam
936 830 1101 879 aliquan-

54 886 106 924 do
121 884 219 922 idem
239 892 344 920 notat
361 880 463 930 quod
486 891 532 916 eo
551 879 912 926 nomineappellatur
926 907 936 923 ,
962 889 1000 917 ut
1014 881 1102 927 fasti

52 935 118 988 sub
137 934 272 972 nomine
289 932 447 981 Caesaris
477 928 562 967 effet
588 929 689 967 idem
703 956 716 975 ‚
742 929 846 978 quod
868 930 960 978 Fasti
977 934 1103 981 Caesa·

58 986 119 1026 rei.
145 986 193 1023 ita
210 984 341 1022 Noster
361 996 388 1020 1.
407 983 501 1018 Met.
523 991 610 1026 410.

106 1049 212 1100 Qod
235 1048 331 1086 modo
349 1058 441 1082 vena
453 1045 551 1092 fuit,
570 1043 632 1088 sub
650 1043 762 1081 eodem
781 1045 916 1083 nomine
937 1043 1078 1095 mansit.

58 1116 147 1156 Liv.
170 1128 198 1152 1.
222 1115 279 1160 36.
307 1111 499 1156 Posteriores
520 1109 586 1157 sub
617 1110 740 1147 eisdem
770 1111 963 1149 nominibus
985 1139 997 1156 ‚
1023 1113 1103 1161 qui·

59 1167 121 1206 bus
147 1164 263 1202 additi
291 1172 392 1200 erant
415 1160 576 1210 appellati
604 1162 698 1206 sunt.
725 1173 803 1211 cap.
822 1175 880 1212 43.
920 1169 982 1199 Sex
1012 1163 1104 1199 alias

59 1217 232 1256 centurias
244 1214 355 1251 'tribus
373 1212 416 1248 ab
430 1212 570 1249 Romulo
589 1212 756 1259 institutis
772 1213 838 1261 sub
859 1213 977 1251 iisdem
992 1241 1002 1257 ‚
1027 1214 1105 1264 qui-

63 1267 126 1306 bus
155 1268 386 1315 inauguratae
403 1272 503 1300 erant
521 1291 533 1308 ,
561 1263 755 1301 nominibus
767 1265 866 1311 secit.
914 1266 1056 1303 Lucan.
1076 1277 1104 1303 1.

60 1330 147 1370 405·

111 1385 262 1434 §Quaque
271 1375 339 1431 sub
359 1379 519 1418 Herculeo
533 1381 695 1428 sacratus
718 1379 853 1417 nomine
869 1389 998 1430 portus.

62 1450 104 1489 &
122 1451 173 1488 ita
189 1450 285 1487 alibi.
304 1448 440 1485 Avien.
462 1444 689 1484 Descr.Orb.
713 1457 772 1493 75.
809 1445 943 1482 celebri
954 1445 1027 1494 sub·
1043 1446 1104 1482 no-'

62 1500 158 1540 mine
184 1511 351 1541 tantum,
379 1500 541 1546 Quattuor
561 1497 672 1543 infuso
691 1495 761 1533 late
780 1496 855 1543 sale
884 1506 979 1544 terga
1008 1496 1106 1533 dehi-

57 1551 173 1601 scunt.
188 1550 233 1587 Et
251 1549 305 1591 sss.
318 1549 402 1586 611.
433 1554 526 1583 Haec
537 1545 712 1584 columella
730 1545 825 1594 prius
836 1548 958 1591 fuerat
977 1548 1038 1593 sub
1051 1560 1111 1583 no·

64 1601 159 1640 mine
174 1600 289 1648 prisco.
302 1600 341 1637 &
356 1609 464 1646 1013.
492 1598 554 1634 Hic
575 1597 667 1633 idem
679 1601 812 1644 Cragus
823 1595 969 1633 habetur
984 1597 1107 1633 Nomi·

65 1664 108 1688 ne
118 1651 186 1699 sub
203 1653 324 1698 gemis.
348 1650 385 1687 ὅ(
403 1650 450 1686 ita
471 1648 530 1684 ille
550 1647 687 1695 paffim.
715 1646 866 1684 Diversa
883 1648 1042 1694 paullum
1058 1647 1106 1685 est

64 1700 278 1750 significatio
296 1699 391 1748 apud
410 1697 588 1746 Quinctil.
602 1708 673 1734 vu.
703 1697 986 1734 lnst.2.a51i‹mes
999 1711 1108 1747 ,quae

56 1752 126 1802 sub
148 1751 285 1788 nomine
304 1764 374 1787 meo
382 1751 550 1796 feruntur
574 1775 584 1791 ,
618 1747 653 1784 id
673 1747 720 1784 est
742 1746 842 1796 quasi
863 1759 933 1795 ego
958 1749 1104 1785 illorum

63 1802 194 1840 aanor
222 1799 345 1839 effem.
379 1801 438 1838 cui
460 1798 578 1836 vicina
604 1796 686 1835 sunt
709 1797 767 1835 illa
786 1797 884 1846 apud
904 1797 1080 1837 Nostrum
1094 1827 1107 1845 ,

64 1864 121 1893 xv.
142 1852 332 1890 Tritum.

116 1918 267 1955 Nomine
283 1916 346 1967 sub
368 1915 475 1964 nostro
488 1913 615 1962 fabula
636 1912 735 1951 nulla
747 1912 836 1960 fuit.

65 1983 107 2022 &
123 1984 281 2022 Martial.
300 1995 371 2022 vu.
396 1994 454 2022 11.

118 2049 357 2098 Vipereumque
380 2057 529 2085 vomant
549 2047 655 2095 nostro
667 2046 733 2095 sub
752 2045 889 2083 nomine
908 2046 1021 2084 virusss

64 2111 173 2151 aliam
194 2113 326 2150 iterum
351 2114 425 2150 vim
447 2113 581 2150 habent
601 2113 657 2149 illa
683 2125 727 2149 ex
749 2123 803 2150 1x.
830 2113 923 2149 Met.
944 2123 1026 2161 557.

115 2175 245 2213 Dulcia
255 2178 417 2222 fraterno
426 2175 494 2222 sub
513 2174 764 2219 nominefurta
787 2185 946 2222 tegemus.

66 2240 105 2280 ὃ(
127 2241 194 2288 Ep.
215 2252 293 2277 xvi.
317 2250 399 2288 243.
430 2240 669 2289 Indiciumque
691 2239 759 2275 mei
783 2238 864 2284 ficto
885 2237 952 2285 sub
971 2238 1106 2274 nomine

57 2291 138 2340 feci.
158 2293 289 2328 iterum
323 2291 410 2328 alius
445 2290 493 2327 est
519 2289 635 2326 sensus
665 2301 796 2326 eorum
828 2288 924 2336 apud
956 2289 1108 2325 Sueton.

65 2341 218 2389 August.
245 2352 321 2389 cap.
349 2352 452 2377 xxxx.
487 2346 596 2390 Opera
621 2339 687 2387 sub
717 2339 828 2376 alieno
854 2338 990 2375 nemine
1011 2339 1108 2385 fecit.

67 2392 107 2430 &
123 2392 208 2430 Val.
228 2391 280 2429 1²1.
302 2403 346 2428 11.
367 2402 452 2438 329.

296 2461 469 2504 Ingentem
483 2465 660 2504 procerum
670 2455 737 2503 sub
757 2455 893 2492 nomine
910 2464 1056 2495 taurum

118 2506 261 2556 Dejict‘t.

65 2569 105 2608 &
128 2570 264 2609 diversa
284 2578 414 2608 notant
432 2571 489 2608 illa
513 2583 567 2608 xv.
587 2570 684 2608 Met,
705 2581 788 2618 321.

116 2640 211 2735 Ejzjqe
233 2635 360 2673 Bacche
374 2635 489 2684 fimat.
525 2636 650 2673 Bacchi
662 2635 728 2686 sub
749 2636 884 2674 nomine
903 2637 1003 2683 June

118 2692 160 2724 Ra
173 2697 214 2725 tt.

58 2749 128 2788 'ubi
148 2752 195 2789 est
213 2779 224 2794 ,
250 2750 374 2789 audito
394 2753 561 2789 nomine.
588 2760 628 2791 ut
639 2752 1106 2801 Va1.Flac.111.250.³Her-

67 2801 156 2838 culeo
173 2802 236 2849 sub
267 2803 402 2839 nomine
425 2803 583 2851 pendent.
612 2802 648 2840 id
669 2802 740 2844 est,
768 2803 826 2840 ubi
856 2806 1107 2847 meminerint.

68 2850 248 2889 diversum
284 2854 394 2890 etiam
426 2853 514 2901 quid
545 2853 593 2891 est
614 2853 718 2901 {apud
749 2853 874 2891 Tacit.
893 2867 970 2891 xv1.
1010 2857 1108 2891 Ann.

71 2911 128 2949 19.
157 2904 215 2940 ubi
237 2902 367 2940 dicitur
390 2903 577 2941 Petronius
599 2932 609 2947 ‚
637 2902 772 2952 flagitia
789 2904 954 2952 Principis
968 2905 1034 2952 sub
1054 2918 1112 2940 no—

71 2952 224 2988 minibus
257 2953 463 2989 exoletorum
494 2965 537 2992 ω·
566 2955 786 3000 feminarum
816 2952 1008 3004 descripsisse
1028 2983 1036 2997 ‚
1077 2955 1113 2992 id

72 3000 143 3044 est,
170 3015 296 3039 eorum
323 3004 533 3041 nominibus
554 3004 740 3053 expressis:
770 3016 816 3042 ex
837 3017 913 3054 quo
944 3007 1030 3043 loco
1051 3006 1113 3043 hic

62 3051 208 3097 Jcribere
222 3054 287 3101 sub
311 3055 444 3090 nomine
464 3053 579 3102 pollet
601 3055 797 3103 explicari,
825 3054 1011 3104 expresso,
1036 3068 1115 3093 me-

74 3111 220 3189 {orato
252 3103 410 3142 Caesaris
437 3107 626 3143 nomine:
667 3117 736 3143 nec
767 3104 867 3143 idem
898 3107 1030 3145 volunt
1057 3107 1115 3144 illa

113 3163 146 3200 p.
165 3164 259 3190 xvit.

126 3215 214 3265 prbe
233 3229 359 3266 quoque
380 3218 418 3255 in
440 3221 572 3269 mensae
593 3221 655 3270 legi
665 3219 731 3270 sub
752 3221 888 3259 nomine
907 3223 1012 3271 nostro
1026 3252 1038 3271 ,

179 3267 443 3321 ‘Qod'deducfta
465 3283 555 3311 mero
574 3271 674 3325 litera
685 3273 795 3327 fecit,
822 3278 928 3328 Λνζις,

2120 452 2193 507 Et

1149 578 1212 617 ubi
1250 579 1299 618 est
1336 580 1398 618 sub
1431 582 1587 619 nomine
1618 581 1788 620 Helenae
1821 581 2055 631 subscriptum
2096 587 2167 636 legi
2183 597 2197 635 ‚·

1151 636 1257 667 Amo.
1280 632 1354 668 hoc
1374 644 1463 668 vero
1484 633 1571 669 loco
1583 633 1832 682 scriptumsub
1855 635 1991 671 nomine
2010 634 2197 683 possumus

1157 692 1363 736 caperepro
1384 681 1444 718 sub
1457 682 1568 720 tutela
1581 685 1619 720 &
1635 686 1841 732 patrocinio
1857 714 1866 730 ,
1880 685 1983 733 quod
2003 687 2108 725 initio
2123 700 2202 725 cai·-

1156 731 1266 818 Kinis
1285 731 1575 779 imploravimus.
1601 734 1650 771 ita
1677 735 1753 772 fere
1772 734 1934 774 similiter
1956 736 2049 775 dixit
2070 750 2099 777 1.
2118 738 2201 778 Art.

1198 792 1247 818 m.

1209 843 1291 881 Tale
1312 844 1551 884 rudimentum
1573 856 1672 885 tanto
1688 847 1751 896 sub
1772 846 1911 885 nomine
1932 845 2039 887 debes.

1159 908 1200 946 &
1216 920 1269 946 1v.
1292 909 1400 946 Trist.
1420 921 1454 947 2.

1212 975 1258 1007 Et
1279 971 1339 1018 qui
1361 975 1522 1021 Caesareo
1537 974 1682 1023 juvenes
1697 974 1760 1024 sub
1781 974 1919 1012 nomine
1938 972 2103 1023 crescunt&

1158 1038 1197 1077 ὃ(
1224 1036 1284 1074 Sil.
1305 1049 1392 1075 xm.
1415 1048 1501 1082 400.

1212 1105 1264 1142 Sic
1283 1104 1330 1140 ad
1346 1110 1538 1142 Cumaeam
1553 1133 1563 1150 ,
1589 1118 1676 1154 quae
1697 1116 1776 1142 tum
1795 1105 1860 1153 sub
1880 1106 2015 1143 nomine
2035 1108 2160 1147 Phoebi

1210 1158 1374 1193 Autonoe·
1391 1155 1540 1203 tripodas
1556 1156 1670 1203 sacros
1688 1167 1900 1206 antrumque
1916 1157 2073 1204 tenebat,

1211 1212 1292 1243 Fert
1308 1206 1429 1255 greſjus
1442 1206 1598 1255 juvenis.

1161 1279 1224 1318 ubi
1246 1280 1417 1319 Heinsius
1445 1281 1591 1327 mallet,
1610 1280 1677 1331 sub
1699 1282 1853 1320 numine.
1882 1295 1952 1333 ego
1971 1285 2062 1323 nihil
2083 1286 2207 1325 muto:

1163 1338 1204 1368 ut
1224 1342 1294 1368 nec
1313 1331 1372 1370 lib.
1395 1345 1472 1371 xvi.
1495 1334 1580 1380 655.

1210 1397 1279 1435 Dis
1295 1410 1409 1448 grates
1429 1400 1633 1452 laudemque
1645 1402 1720 1450 fero
1734 1430 1745 1448 ,
1767 1402 1833 1451 sub
1852 1403 1987 1442 nomine
2007 1416 2155 1454 quorum

1210 1454 1300 1487 Gens
1321 1453 1470 1501 Trojano
1481 1454 1619 1501 sumus.

1161 1512 1306 1551 Gratius
1329 1513 1471 1562 Cyneg.
1498 1525 1556 1569 1¹0.

1214 1589 1405 1636 Adscivere
1424 1601 1482 1627 tuo
1504 1592 1638 1628 comites
1652 1591 1716 1639 sub
1739 1591 1873 1630 nomine
1892 1592 2015 1630 Divae

1215 1644 1366 1677 Centum
1385 1655 1500 1678 omnes
1521 1656 1710 1680 nemorum.

1165 1726 1208 1752 ex
1239 1716 1295 1753 his
1317 1716 1515 1760 omnibus,
1537 1719 1575 1754 &
1604 1730 1697 1766 quae
1728 1720 1827 1766 plura
1858 1720 1936 1757 sunt
1965 1720 2001 1756 in
2039 1718 2207 1762 mundo}

1165 1765 1358 1809 videmus,
1386 1778 1496 1815 quam
1519 1768 1618 1804 varie
1635 1769 1691 1805 illa
1713 1768 1855 1807 locutio
1870 1798 1879 1813 ‚
1904 1770 1966 1816 sub
1988 1770 2124 1805 nomine
2150 1770 2208 1806 su-

1164 1824 1295 1853 matur.
1325 1816 1349 1853 si
1369 1817 1448 1864 quis
1465 1826 1588 1854 tamen
1604 1845 1615 1862 ,
1633 1818 1780 1866 scribere
1792 1820 1858 1867 sub
1879 1820 2016 1857 nomine
2035 1813 2182 1867 alicujus
2198 1844 2210 1862 ‚

1162 1866 1237 1904 hoc
1256 1866 1356 1905 sensu
1375 1868 1447 1905 dici
1466 1879 1543 1906 non
1565 1869 1666 1917 posse
1695 1870 1895 1908 contendat
1909 1898 1919 1915 ,
1948 1867 2131 1919 possemus
2152 1880 2211 1916 reg

1109 1948 1112 1952 .
1162 1916 1299 1966 fingere
1310 1945 1321 1962 ‚

1214 1994 1320 2046 quue
1342 2006 1400 2034 tuo
1425 2006 1573 2047 coeptum
1600 2007 1704 2050 nuper
1727 1997 1793 2049 sub
1816 1998 1973 2045 nomine,
2001 1998 2078 2047 (vel
2094 1997 2211 2043 numi<

1353 2049 1417 2093 ne)
1447 2050 1576 2095 Caefizr
1590 2073 1615 2094 ,-

1262 2102 1309 2134 Et
1331 2098 1396 2135 tibi
1409 2100 1590 2148 sacratum
1607 2100 1678 2148 sbrs
1697 2112 1781 2146 mea*
1799 2099 1891 2147 rupit
1911 2108 2001 2148 opus.

1161 2162 1252 2200 nihil
1273 2163 1412 2201 facilius
1433 2164 1531 2201 enirn
1547 2192 1558 2207 ,
1585 2175 1695 2213 quam
1712 2174 1860 2214 coeptum
1879 2165 1915 2202 &
1929 2163 2098 2212 scriptum
2118 2167 2210 2202 coni

1161 2213 1277 2251 fundi.
1297 2213 1370 2251 vid.
1389 2216 1426 2250 ἃ
1448 2213 1509 2252 lib.
1528 2226 1563 2251 v.
1583 2227 1636 2252 xr.
1665 2227 1724 2264 35.
1752 2224 1923 2263 coeperat
1953 2227 2040 2263 ergo
2060 2215 2120 2252 sub
2140 2228 2209 2252 nu-

1164 2265 1264 2301 mine
1287 2264 1465 2301 Caesareo
1480 2292 1490 2309 ,
1519 2264 1555 2302 id
1582 2265 1630 2302 est
1651 2265 1713 2302 sub
1733 2266 1846 2303 tutela
1866 2266 1942 2314 ejus
1962 2265 2093 2302 domus
2109 2294 2118 2309 ‚
2147 2277 2210 2302 cu*-

1157 2315 1216 2363 jus
1236 2326 1313 2363 pars
1335 2323 1410 2352 erat
1431 2326 1546 2364 nepos
1569 2316 1645 2364 ejus
1666 2318 1862 2365 adoptivus
1883 2316 2120 2353 Germanicus
2134 2343 2143 2358 ,
2167 2316 2207 2351 &

1162 2364 1359 2402 sacraverat
1375 2366 1453 2413 jam
1473 2368 1601 2403 animo
1623 2366 1686 2403 suo
1707 2367 1975 2411 honori.Juliae
1994 2366 2130 2413 gentis,
2144 2376 2210 2402 cu-

1159 2415 1218 2464 jus
1239 2416 1349 2454 toties
1368 2417 1404 2452 in
1429 2416 1519 2453 fastis
1542 2417 1713 2454 meminit
1730 2415 2092 2454 honorificentissime
2106 2415 2205 2458 ,hoc

1165 2477 1256 2513 opus
1270 2494 1278 2509 ‚
1309 2466 1505 2503 duodecim
1524 2466 1619 2503 libris
1639 2467 1890 2514 consignatum
1907 2494 1918 2510 ‚
1944 2465 2002 2502 scd
2025 2466 2080 2501 cui
2104 2475 2210 2514 ccepto

1165 2518 1267 2564 operi
1294 2516 1460 2552 ultimam
1479 2529 1624 2553 manum
1646 2518 1777 2554 invidit
1798 2517 1962 2553 exilium.
1988 2516 2024 2552 in
2046 2516 2206 2561 Juniano

1166 2576 1241 2604 erat
1263 2569 1370 2604 etiarn
1387 2595 1397 2611 ‚
1419 2568 1562 2616 jamque
1581 2579 1637 2603 tuo
1651 2568 1827 2615 seriptum.
1849 2568 1885 2603 ὅ(
1904 2567 1939 2603 in
1961 2566 2129 2603 Francof.
2155 2566 2211 2603 ida-

1163 2631 1228 2665 que
1247 2628 1304 2653 tuo
1326 2627 1428 2666 nuper
1442 2615 1562 2666 scripsi
1583 2617 1649 2666 sub
1671 2631 1705 2654 n.
1728 2623 1767 2654 C.
1797 2617 2003 2664 impediunt
2033 2627 2123 2653 vero
2147 2616 2211 2654 ad·

1162 2668 1236 2705 huc
1256 2668 1312 2705 illa
1335 2669 1442 2704 verba
1465 2697 1474 2711 ,
1510 2668 1573 2704 tibi
1595 2670 1800 2716 sacratum,
1829 2679 1923 2716 quae
1955 2676 2051 2704 certe
2073 2667 2204 2715 Augu-

1164 2717 1257 2755 stum
1284 2719 1453 2755 videntur
1481 2718 1639 2766 spectare
1661 2746 1672 2763 ,
1711 2719 1843 2755 eodem
1866 2717 1983 2755 modo
2005 2726 2043 2754 ut
2062 2718 2121 2754 illa
2140 2718 2210 2755 ini-

1161 2770 1217 2806 tio
1238 2769 1425 2806 Fastorum
1448 2768 1493 2805 ad
1514 2769 1781 2806 Germanicum
1805 2797 1814 2812 ‚
1844 2768 1881 2804 in
1902 2768 1965 2804 tibi
1986 2767 2107 2804 devoto
2129 2780 2212 2804 mu-

1164 2833 1240 2855 nere
1259 2820 1378 2856 dexter
1400 2819 1490 2856 ades.
1515 2831 1626 2867 quare
1649 2820 1704 2856 vel
1733 2831 1817 2856 cum
1839 2819 1988 2866 Cupero
2012 2819 2048 2855 &
2072 2817 2213 2856 Masso-

1166 2871 1230 2906 nio
1252 2869 1480 2906 statuendum
1499 2870 1608 2913 estet,
1644 2869 1795 2906 mutasse
1821 2870 1953 2906 ultimo
1980 2869 2077 2906 vitae
2108 2881 2211 2907 anno

1169 2918 1441 2956 dedicationem
1467 2947 1476 2961 ‚
1516 2920 1619 2967 quod
1651 2930 1773 2957 tamen
1813 2921 1874 2957 vix
1904 2919 2026 2957 induci
2066 2919 2212 2967 poffum

1171 2977 1210 3006 ut
1231 2971 1374 3006 credam
1390 2997 1399 3012 ‚
1429 2971 1477 3005 ob
1490 2972 1648 3007 tationes
1669 2971 1786 3007 modo
1800 2970 1923 3007 dietas.
1947 2982 2016 3007 nec
2030 2982 2113 3007 cum
2130 2972 2215 3007 Me-

1171 3020 1245 3056 rula
1268 3020 1419 3056 statuere
1443 3020 1527 3057 licet
1543 3048 1552 3062 ,
1577 3030 1660 3057 ante
1681 3031 1839 3058 mortem
1855 3020 2007 3068 Augusti
2033 3029 2213 3058 mutatam

1172 3070 1444 3107 dedicationem
1472 3098 1483 3113 ,
1521 3073 1558 3108 ὅ(
1592 3072 1818 3108 Germanico
1853 3072 2040 3116 inscriptos
2082 3071 2211 3114 fastos,

1172 3130 1211 3157 ut
1235 3122 1310 3168 ejus
1335 3121 1538 3168 patrocinio
1567 3122 1723 3159 reditum
1750 3124 1970 3169 impetraret.
1999 3121 2058 3158 sed
2078 3121 2214 3168 tibisa·

1173 3183 1310 3207 cratum
1323 3169 1435 3219 pollet
1450 3182 1576 3209 notate
1592 3200 1600 3215 ‚
1623 3181 1688 3208 tuo
1712 3173 1845 3209 honori
1860 3183 1879 3208 a
1892 3171 2210 3209 meconsecratum

1172 3222 1258 3258 ideo
1284 3250 1293 3266 ‚
1331 3223 1414 3270 quia
1448 3221 1550 3270 saepe
1583 3222 1735 3270 Augusti
1762 3222 1882 3260 laudes
1915 3224 1952 3258 ὃ(
1983 3222 2109 3258 metita
2130 3230 2215 3266 erga

1172 3271 1276 3324 Deos
1295 3272 1331 3311 in
1348 3273 1394 3361 {S
1413 3272 1506 3310 libris
1528 3273 1718 3314 celebravi.
1736 3283 1775 3325 ut
1792 3273 1851 3312 lib.
1871 3285 1899 3310 1.
1920 3283 1978 3320 13.

1390 3332 1441 3359 zz
1469 3333 1488 3373 3

2121 3322 2222 3366 Caeg-
