2495 3675
0 0 23 23 Π
28 0 34 10 ⁴

324 175 883 238 EPISTOLARUM
922 170 1027 233 EX
1068 167 1350 233 PONTo.
1391 175 1512 233 Lm.
1550 179 1585 233 J.
1624 179 1800 238 Ense.
1838 183 1919 242 111.
2100 202 2193 254 723

331 284 448 338 Nec
492 282 684 352 loquor
712 280 840 334 haee
860 319 874 342 ‚
917 279 1038 351 quia
1064 279 1123 333 fit
1145 278 1310 350 major
1333 277 1615 350 prudentia
1642 278 1825 344 nobis;

412 355 517 408 Sed
543 355 637 407 sim
661 369 820 424 quarn
848 351 1064 406 medico
1087 353 1268 406 notior
1292 351 1398 423 ipse
1426 352 1569 407 mihi.

335 427 409 482 Ut
437 440 611 481 tamen
633 426 738 479 hoc
762 427 831 478 ita
864 424 951 487 fit,
990 441 1179 478 munus
1205 438 1291 477 tua
1317 425 1518 495 grande
1545 424 1784 481 voluntas

414 500 504 553 Ad
535 516 620 553 rne
648 497 922 570 pervenit,
959 496 1358 570 consuliturque
1385 497 1526 554 boni.

50 647 112 688 ope.
142 638 310 676 Cxoxm.
339 637 397 675 An
414 665 424 682 ,
448 637 624 687 proditus,
655 644 695 673 ut
712 634 816 682 saepe
831 644 898 681 pro
909 634 1092 681 perditus?
1198 639 1243 671 Ut
1265 643 1384 671 tamen
1403 634 1484 672 haec
1494 635 1546 673 ita
1549 635 1645 685 sint,
1671 649 1798 674 munus
1810 645 1873 673 tua
1879 635 2011 685 grande
2021 636 2185 676 voluntas

52 700 116 725 neu
147 691 258 727 etiam
299 689 342 726 ‘ab
378 689 522 727 Heinsii
560 699 673 726 manu
703 684 763 723 est.
799 697 856 721 nec
895 685 991 722 valet
1019 686 1093 723 Ms.
1249 685 1314 721 Ad
1334 698 1387 722 me
1403 688 1590 734 pervenit,
1619 688 1875 738 consuliturque
1895 687 1984 724 boni.

53 739 236 777 Belsinon.
1149 735 1295 772 Hems.
1323 735 1491 773 Eandem
1516 737 1627 775 video
1651 741 1689 777 &
1709 739 1804 787 apud
1825 738 2085 776 Bersmannum
2099 743 2190 776 con-'

104 803 164 838 91.
194 797 263 826 Nec
283 789 398 839 loquor
420 789 502 826 haec
523 787 608 839 quia
628 785 677 837 sit
696 786 809 835 major
824 784 1012 835 prudentia
1034 798 1094 822 no·
1141 784 1350 833 jeeruram:
1378 785 1438 824 sed
1460 799 1612 832 vereor,
1640 798 1679 826 ut
1698 791 1745 827 ita
1762 789 1912 837 defungi
1934 789 2054 828 liceat.
2106 789 2188 826 Nec

54 838 124 885 bis,
153 841 216 877 Sed
227 839 297 889 fim-
314 853 421 889 quam
442 839 568 877 medico
588 866 598 883 ,
627 837 738 875 notior
758 837 822 884 ipse
841 835 915 873 tibi.
930 835 961 891 ]·
989 836 1094 874 Aldi-
1148 835 1232 873 sane
1255 836 1347 874 mihi
1374 835 1415 874 fit
1443 839 1612 876 credibile
1646 840 1833 877 Nasonem
1856 839 1997 877 aurium
2022 839 2116 878 adeo
2137 840 2190 876 fa-

51 901 142 928 num
167 894 298 929 rectius
313 919 323 936 ‚
340 891 398 938 sed
409 890 492 939 sum
507 917 517 935 ‚
544 900 652 938 quam
671 885 798 924 medico
817 886 928 923 notior
948 893 1015 934 the
1026 885 1097 923 mi·
1148 884 1295 942 sudium
1328 886 1583 938 contempsisse
1600 916 1612 935 ,
1651 899 1686 927 at
1705 890 1766 928 ista
1786 889 1954 930 versuum
1975 891 2078 930 initia
2099 901 2191 935 con<

55 940 92 977 hi
114 970 124 985 ,
154 953 238 979 curn
267 953 344 990 quo
372 942 452 979 sunt
481 939 733 986 manuscripta.
778 935 945 974 Famae.
1007 936 1094 976 Lib.
1149 944 1292 976 tmuare
1311 939 1497 986 potuerit,

56 991 206 1037 Ursini,
234 994 321 1042 quin
344 989 391 1040 sit
413 990 533 1046 ¹major
553 989 741 1038 prudentia
772 986 867 1024 nobis
888 1014 899 1031 ,
936 985 1001 1023 Sed
1010 987 1096 1035 sum
1205 993 1278 1025 Nec
1301 988 1419 1037 loquor
1440 989 1524 1027 haec
1550 989 1635 1040 (seu
1654 989 1734 1039 hoc)
1764 990 1848 1042 quia
1866 991 1927 1041 fit.
1987 1012 2057 1023 -—

54 1055 161 1092 quam
183 1043 310 1079 medico
323 1069 333 1086 ‚
347 1051 458 1078 nottor
476 1039 539 1089 ipse
559 1039 660 1077 mihi.
687 1038 810 1076 Vatic.
831 1037 941 1075 etiam
957 1064 968 1081 ,
981 1037 1097 1082 mihi,
1257 1039 1320 1076 Sed
1333 1038 1401 1087 fim
1425 1054 1533 1090 quam
1560 1062 1622 1072 —
1646 1063 1709 1071 —-
1735 1061 1797 1070 —

50 1104 128 1131 non
151 1093 237 1138 tibi,
264 1093 410 1131 habent.
436 1089 656 1129 Maffeianus
677 1089 802 1128 etiam.
830 1088 1000 1127 emma.
1036 1088 1100 1127 Sed
1206 1094 1250 1126 Ut
1269 1100 1391 1127 tamen
1411 1090 1495 1128 haec
1513 1091 1566 1129 ita
1578 1091 1654 1142 sint
1679 1113 1742 1123 ——·

49 1141 119 1192 fim
141 1144 275 1192 priscae
296 1142 490 1181 editiones.
514 1141 658 1179 Hiems.
1155 1140 1207 1178 At
1228 1140 1329 1179 illum
1353 1140 1379 1178 fi
1400 1143 1585 1180 credimus
1605 1142 1768 1188 dedisse,
1790 1153 1832 1181 ut
1850 1152 1968 1182 tamen
1988 1144 2048 1182 hoc
2059 1144 2206 1193 sedeat,

107 1205 168 1242 9¹·
195 1192 427 1242 Prudentia.]
454 1191 630 1242 Sapientia
659 1191 812 1230 Putean.
1154 1191 1203 1229 sic
1224 1191 1467 1230 inficetiarum
1488 1192 1743 1238 absolvemus,
1772 1196 1810 1232 &
1830 1204 1951 1233 ortum
1973 1196 2196 1244 glossematis

107 1256 167 1291 94.
194 1243 424 1293 Consuluique
447 1242 564 1293 bonel]
609 1242 857 1291 consuluitque
884 1240 963 1278 boni
994 1240 1100 1290 pleri·
1157 1242 1222 1280 τοῦ
1241 1242 1296 1279 ita
1307 1241 1381 1291 stt,
1401 1254 1421 1280 a
1442 1244 1577 1281 rariore
1607 1244 1707 1282 verbi
1719 1245 1837 1295 sedeat
1864 1246 1927 1284 usu
1954 1247 2194 1295 agnoscemus

56 1305 131 1344 que
151 1303 304 1332 veteres.
323 1299 474 1343 Argent.
495 1294 532 1331 ὃ(
560 1292 620 1330 alii
639 1292 831 1338 nonnulli,
860 1290 1102 1342 confiliumquc
1156 1292 1335 1332 Aucron
1357 1293 1565 1332 ELECTOR.
1593 1295 1722 1333 ETON.
1758 1295 1922 1334 Barthius
1953 1297 2199 1345 conjiciebat.

59 1345 152 1382 dedit
180 1345 240 1382 vel
262 1344 357 1382 tulit.
401 1345 503 1389 duo,
530 1342 771 1393 confiliumque
797 1343 886 1380 boni.
914 1351 1102 1389 praeterea
1155 1343 1390 1395 consuluitque
1402 1343 1504 1389 bene;
1527 1345 1613 1393 quia
1627 1345 1798 1395 frigidum
1817 1347 1985 1385 credebat
2006 1347 2198 1396 postquam

59 1395 162 1433 versu
180 1396 411 1444 praecedenti
427 1393 578 1444 quidam
603 1422 615 1441 ,
653 1404 829 1433 attamen
850 1392 932 1431 haec
948 1392 1001 1431 ita
1015 1392 1103 1442 fint.
1154 1394 1291 1443 grande
1304 1406 1437 1435 munus
1454 1395 1670 1446 appellavit;
1685 1397 1808 1447 postea
1817 1397 1937 1437 dicere
1954 1398 1989 1436 sc
2009 1398 2097 1437 boni
2107 1409 2199 1445 cong

59 1456 137 1485 non
152 1473 163 1492 ,
189 1446 248 1484 hoc
263 1446 314 1484 ita
329 1444 388 1495 fit.
413 1444 526 1484 scribe
540 1472 553 1492 ,
1156 1444 1284 1486 sulere.

737 1631 1333 1699 Eprs’roLA
1430 1631 1547 1702 Ivi.

609 1784 1660 1866 UXORI.

423 1983 529 2038 Am
555 1980 687 2036 mihi
711 1980 948 2035 deterior
973 1981 1114 2035 canis
1141 1980 1471 2052 adspergitur
1494 1993 1663 2043 aetas;

489 2054 715 2126 Jamque
740 2070 888 2106 meos
913 2053 1088 2108 vultus
1117 2070 1247 2124 ruga
1270 2053 1440 2107 senilis
1470 2066 1603 2108 arat:

381 2138 469 2186 ‘am
494 2128 679 2199 vigor,
714 2125 770 2178 &
798 2124 977 2196 quasso
1003 2127 1255 2196 languent
1281 2126 1334 2178 in
1361 2142 1589 2196 corpore
1614 2124 1798 2188 vires,

425 2199 566 2260 Nec,
601 2197 780 2267 juveni
805 2197 939 2250 lusus
966 2198 1057 2267 qui
1086 2199 1361 2268 placuere,
1398 2199 1622 2270 placent.

216 2286 248 2341 5-
358 2269 474 2323 Nec
492 2306 507 2329 ,
531 2268 566 2322 fi
593 2287 680 2324 me
707 2268 878 2322 subito
907 2268 1114 2331 videa3‚
1152 2269 1438 2340 agnoscere
1457 2268 1643 2343 poffis:

429 2339 626 2395 AEtatis
651 2339 784 2394 facia
811 2341 886 2394 est
913 2354 1055 2396 tanta
1081 2342 1230 2395 ruina
1257 2358 1421 2396 meae.

353 2412 635 2467 Confiteor
661 2413 838 2467 facere
867 2412 994 2467 haec
1017 2431 1207 2467 annos:
1248 2414 1337 2468 sed
1364 2414 1419 2467 δε
1447 2415 1607 2469 altera
1630 2412 1796 2468 caussa
1825 2414 1943 2478 est,¹

428 2485 688 2539 Anxietas
712 2485 901 2548 animi,
938 2487 1329 2557 continuusque
1355 2487 1515 2540 labor.

363 2556 502 2610 Nam
526 2573 642 2611 mea
668 2574 760 2628 per
789 2557 977 2628 longos
1004 2557 1040 2612 fi
1065 2559 1181 2629 quis
1208 2558 1573 2629 maladigerat
1597 2575 1792 2623 annm,

222 2647 289 2685 ιο
440 2627 657 2697 (Crede
682 2628 811 2684 mihi
826 2631 877 2695 ,J
915 2631 1061 2702 Pylio
1085 2630 1310 2686 Nestore
1334 2630 1500 2702 major
1525 2649 1636 2686 er0.

2065 2751 2206 2809 Cer:-

127 2903 163 2942 3.
189 2889 353 2942 Qaſjb]
402 2890 549 2941 §Quaffac
569 2890 685 2929 Servii
703 2889 804 2928 liber.
825 2901 909 2926 nam
930 2889 1029 2939 vigor
1047 2890 1114 2938 Ju·
1220 2891 1285 2929 Vix
1304 2891 1411 2940 igitur
1427 2891 1518 2940 poffis
1538 2891 1627 2940 visos
1646 2890 1816 2942 agnoscere
1833 2890 1970 2929 vultus,

77 2945 174 2983 nian.
1170 2941 1341 2980 ClOFAN.
1377 2947 1563 2991 Agnoscere
1589 2944 1626 2980 δε
1652 2941 1784 2979 Bartliii
1809 2943 1927 2980 codex
1951 2940 2070 2981 habet.

125 3005 164 3042 4.
191 3000 262 3031 Nec
275 2993 402 3042 juveni
423 2993 515 3042 lusus
538 2992 599 3042 qui
615 2990 789 3040 placuere,
820 2990 998 3039 juvant]
1039 2991 1115 3039 Qi
1223 2993 1258 3031 6.
1286 2993 1458 3041 AEtatis.]
1486 2993 1607 3031 AEtati
1626 2993 1765 3030 malim.
1790 2993 1940 3030 Hems.
1968 2992 2025 3030 Sic
2047 2992 2210 3030 &corri-

75 3044 371 3094 placuereptacent
384 3044 599 3082 concinnius
623 3042 825 3080 Thuaneus
843 3053 946 3080 unuS.
975 3042 1115 3080 Heius.
1168 3043 1275 3091 gebat
1295 3043 1466 3081 Heinsius
1497 3043 1606 3092 Epist.
1629 3055 1698 3081 xxx.
1720 3054 1780 3093 32.
1808 3044 1872 3080 Illa
1892 3043 1969 3092 fuit
1999 3043 2109 3081 menti
2135 3043 2210 3092 pri·

81 3101 152 3133 Nec
161 3095 338 3144 juvenum
363 3095 532 3134 Leidens.
1170 3106 1229 3130 ma
1250 3093 1355 3130 ruina
1376 3106 1480 3131 meae.

133 3172 167 3207 ς.
196 3159 309 3208 Necfi
328 3172 381 3195 me
397 3158 509 3208 subito
532 3157 752 3209 cognoscere.]
792 3158 822 3195 F
842 3158 1113 3206 manuscripto,
1225 3158 1261 3196 8.
1289 3158 1550 3209 continuusque
1581 3157 1715 3208 Iahon]
1772 3157 1883 3196 Liber
1913 3158 2033 3197 Ursini
2058 3186 2069 3203 ,
2105 3158 2211 3195 dolor,

81 3215 153 3247 Nec
166 3209 255 3257 mefi
267 3209 378 3256 subito
397 3209 539 3251 videos.
568 3211 737 3257 agnoscere
755 3208 857 3257 poffis.
879 3208 1042 3246 Fame.
1073 3210 1114 3247 ln
1174 3209 1342 3247 ConAn.

82 3260 212 3298 iisdem
232 3259 349 3305 libris,
375 3259 555 3310 agnoscere.
582 3261 714 3308 probo.
739 3260 841 3311 Eleg.
863 3261 926 3299 ult.
946 3260 1051 3309 hujus
1072 3259 1116 3299 li·
1224 3270 1260 3308 9.
1288 3259 1392 3296 Mola
1413 3260 1533 3308 digerit
1556 3259 1702 3309 annm]
1761 3264 1826 3297 Per
1849 3259 1976 3297 multos
1994 3271 2099 3294 annos
2124 3256 2213 3292 Mo-

83 3308 148 3350 bsi·
1181 3311 1265 3351 reti.
1296 3321 1453 3363 omputat
1477 3323 1579 3351 unus.
1606 3309 1748 3349 duxerit
1769 3323 1876 3355 annos
1897 3309 1983 3348 duo.
2010 3305 2110 3357 quod
2121 3315 2213 3391 snon

2135 3365 2215 3401 0212
