2495 3675
461 156 1416 227 ‘PASTORUM
1524 165 1869 224 L124111.

2105 175 2242 236 '169

395 282 697 340 Consilium
719 281 958 338 dederat.
994 286 1210 348 parent,
1243 275 1554 349 crinemque
1580 279 1882 343 resolvuntg

463 357 784 428 Moestaque
806 353 1026 408 funerea
1047 364 1276 419 corpora
1302 348 1445 404 veste
1474 364 1680 422 tegunt.

243 445 348 496 215
385 431 505 504 Jam
524 430 726 485 >stabant
747 425 884 479 acies
905 421 1050 476 ferro
1078 420 1349 493 mortique
1364 437 1609 493 paratae:

456 502 578 574 Jam
601 503 998 567 lituuspugnae
1025 492 1166 564 figna
1188 492 1406 548 daturus
1432 511 1571 551 erat:

390 575 536 630 Cum
562 584 738 642 raptae
770 567 994 621 veniunt
1017 565 1156 620 inter
1180 578 1463 638 patresque
1489 569 1775 643 virosque3

455 648 619 716 Inque
645 641 757 695 finu
781 653 960 702 nat08‚
995 639 1219 709 pIgnora
1243 656 1389 702 cara,
1423 639 1622 698 ferunt.

388 719 465 775 Ut
492 714 732 770 medium
757 711 933 782 campi
958 710 1111 783 paflis
1147 713 1375 783 tetigere
1402 712 1613 785 capillis,

238 811 352 847 220

457 789 515 843 In
540 801 737 841 terram
761 784 935 856 posito
959 783 1298 855 procubuere
1321 802 1480 856 genu.

384 862 485 923 Et,
523 857 666 932 quas1
692 858 974 920 sentirent,
1007 855 1204 910 blando
1229 858 1461 913 clamore
1485 872 1709 931 nepotes

452 932 780 989 Tendebant
805 928 872 985 ad
891 946 1020 986 avos
1045 928 1255 984 brachia
1277 947 1436 1002 parva
1454 930 1596 986 suos,

85 1153 243 1200 mamque
261 1148 333 1187 hoc.
352 1144 494 1187 Maz'ar.
514 1146 554 1185 δε
581 1153 652 1184 tres
673 1145 757 1191 alii,
784 1157 937 1196 quaeque
954 1143 1026 1181 hoc.
1063 1144 1140 1182 Le-

49 1220 53 1223 ·
92 1213 166 1253 go,
193 1213 343 1251 quaeque
359 1200 419 1236 hoc
436 1210 615 1236 commune
638 1197 776 1235 tenetis.
808 1197 954 1233 Hcms.

145 1252 228 1290 208.
254 1250 396 1301 Lente]
436 1255 536 1288 Certe
564 1246 668 1285 Voff.
699 1248 799 1285 Maz.
822 1247 942 1284 Laeti.
969 1245 1141 1284 Ambros.

100 1302 139 1342 δί
157 1310 313 1352 quatuor
333 1301 406 1339 alii.

33 1363 35 1365 '
142 1365 225 1400 209.
251 1353 315 1390 Sed
344 1351 429 1388 utrai
458 1351 512 1388 Di
540 1349 609 1392 [int
639 1358 699 1398 pro
729 1358 827 1395 parte
857 1347 1041 1395 rogandi.]
1087 1347 1140 1383 ‘rb

82 1402 156 1455 sint
174 1402 299 1441 abest}
320 1401 514 1440 nonnullis.
544 1401 682 1437 Mazar.
699 1399 766 1435 Dei
779 1409 836 1443 pro
850 1407 960 1447 parte.
988 1398 1046 1434 alii
1056 1406 1140 1441 tres,

88 1463 236 1503 utraque
263 1454 327 1491 dei.
355 1465 473 1496 unus,
503 1462 586 1488 utra
607 1449 697 1487 divi.
744 1449 854 1486 Forte
877 1475 887 1491 ,
917 1447 981 1494 sed
1011 1457 1137 1484 utrane

89 1504 144 1542 dei
162 1514 221 1552 pro
241 1514 352 1553 parte.
395 1504 447 1541 At
469 1502 609 1540 Strozz.
626 1499 690 1548 sed
712 1512 782 1549 qua
806 1496 847 1534 di
866 1495 939 1546 sint
954 1506 1014 1547 pro
1035 1507 1136 1548 parte

90 1555 247 1604 rogandi.
279 1555 424 1591 Herus.

139 1618 226 1642 210.
257 1611 360 1641 Pater
378 1616 480 1640 arma
502 1601 636 1651 tenet.]
667 1606 797 1638 Tenent
811 1600 940 1638 melius
960 1599 1133 1638 nonnulli

90 1667 136 1693 ex
157 1655 468 1704 praestantioribus
492 1681 503 1698 ,
540 1656 576 1690 ὅ(
598 1651 766 1689 malimus
782 1664 847 1699 pro
869 1650 1006 1687 malitis
1029 1650 1134 1688 versu

88 1708 283 1754 proximo;
313 1706 351 1742 &
373 1716 486 1749 mox,
515 1703 705 1748 confilium
731 1702 825 1739 nobis
845 1701 952 1745 dabo,
980 1713 1058 1738 non
1071 1714 1135 1737 vo-

89 1756 152 1794 bis.
179 1757 322 1794 Heius.
351 1759 469 1792 Arma
490 1764 608 1792 movet
627 1754 767 1791 Moreti
788 1754 826 1790 &
847 1751 923 1789 duo
941 1750 1013 1789 alii.

142 1819 228 1856 213.
258 1813 407 1850 Parent,
436 1806 607 1852 crinesque
627 1803 844 1852 refiilvunt.]
897 1801 1001 1840 Idem
1022 1801 1135 1846 liber,

90 1857 247 1894 plorans.
270 1856 360 1896 nihil
380 1856 599 1894 mutandum
623 1853 766 1893 censeo.
795 1854 967 1891 Cion—ri.
1005 1859 1136 1889 Parent

86 1907 298 1957 legendum.
334 1909 478 1956 reperio
510 1908 548 1944 in
574 1906 696 1943 multis
717 1932 728 1949 ‚
762 1903 919 1953 plorant,
953 1903 1136 1954 crinesque.

89 1959 180 1997 Non
201 1959 329 2008 probo.
356 1959 477 1995 NEAP.
515 1957 660 1993 Plorant
680 1957 791 1993 etiam
814 1967 906 1992 unus
929 1967 973 1991 ex
996 1955 1137 1993 nostris.

141 2021 226 2055 214.
256 2009 448 2057 Maestaque
469 2007 648 2056 funestd]
693 2006 870 2050 Veteres,
890 2005 1051 2052 funereci.
1079 2006 1138 2042 U-

87 2061 243 2098 trun-ivis
262 2059 415 2097 redium.
442 2059 617 2095 Numi.
659 2061 705 2092 Et
718 2060 786 2104 sua
799 2058 948 2102 funerea
965 2054 1136 2094 Ambros.

139 2123 224 2157 215.
251 2112 343 2156 Jam
357 2110 524 2156 steterant
545 2109 630 2145 acies
642 2109 738 2154 ferro
759 2107 929 2156 mortique
943 2105 1133 2156 paratae.]

91 2160 240 2198 Stabant
263 2161 445 2198 meliores.
478 2159 592 2195 Marti
620 2158 730 2195 etiam
753 2158 953 2204 Gottorph.
972 2157 1011 2193 δε
1029 2158 1136 2205 quin-

90 2223 163 2260 que
182 2211 251 2249 alii.
279 2211 338 2249 sed
353 2211 495 2258 vulgata
514 2210 684 2258 scriptura
701 2208 785 2246 ferri
804 2207 920 2257 potest
934 2235 945 2253 ,
973 2218 1137 2257 quomo·

91 2262 143 2302 do
162 2262 259 2311 apud
278 2263 476 2299 Maronem
506 2272 554 2298 11.
577 2271 661 2309 333.

315 2328 388 2375 stat
398 2328 489 2375 ferri
507 2326 594 2364 acies
613 2338 773 2364 mucrone
787 2323 915 2373 corusco

145 2379 272 2416 Stric'la
286 2407 296 2423 ,
312 2388 441 2427 parata
462 2379 543 2415 neci.

97 2439 274 2486 Apulejus
306 2439 399 2476 Met.
425 2451 496 2474 vix.
539 2444 666 2475 Omnes
692 2438 775 2475 vino
800 2435 927 2484 sepulti
955 2432 1139 2483 jacebant,

98 2501 213 2526 omnes
235 2488 338 2523 morti
356 2488 486 2535 parati.
516 2489 660 2524 Hiems.

72 2539 76 2545 '
151 2539 223 2575 216
263 2538 356 2582 Jam
377 2537 486 2573 lituus
501 2535 740 2585 pugnaefigna
751 2535 899 2570 daturus
911 2531 1024 2579 eran]
1045 2532 1140 2576 Jam

96 2587 202 2626 lituos
221 2588 356 2625 tubicen
367 2586 466 2636 figna
488 2589 622 2624 Mazar.
643 2586 664 2623 {i
688 2596 799 2623 manu
815 2583 950 2632 primii.
968 2582 1140 2620 Zuliche—

98 2642 264 2682 mianus,
291 2639 384 2682 Jam
405 2637 491 2674 lituo
511 2637 657 2674 tubicen.
714 2635 882 2673 Offendit
911 2633 1007 2670 haud
1031 2631 1138 2669 dubie

97 2701 143 2728 ex
162 2689 407 2738 grammaticis
433 2700 508 2725 non
533 2689 723 2724 nerninem
747 2714 758 2730 ‚
802 2683 904 2734 quod
924 2685 1055 2720 lituum
1078 2681 1140 2719 det

96 2741 274 2783 tubicini,
301 2751 343 2776 ac
380 2740 579 2787 improprie
601 2737 640 2774 fit
660 2739 804 2776 locutus
827 2734 968 2772 Noster.
1023 2732 1138 2781 quue

98 2791 194 2830 haud
221 2791 422 2828 immerito.
468 2791 520 2826 Ut
552 2789 670 2826 dicam
709 2786 811 2838 quod
829 2797 883 2824 res
902 2785 973 2831 est,
1005 2786 1140 2833 opinor

102 2841 282 2879 Ovidium
306 2837 494 2887 scripfiffe:

151 2906 244 2952 Jam
268 2906 384 2942 liticen
398 2914 530 2954 pugnae
543 2902 642 2952 figna
663 2903 809 2938 daturus
830 2910 916 2938 erat.

100 2974 231 3013 Statius
253 2974 360 3024 Sylva
382 2986 435 3009 xv.
463 2973 506 3008 ad
532 2973 738 3009 Maximum
760 2971 932 3017 junium:

151 3043 231 3074 Non
255 3046 371 3072 tamen
389 3043 489 3083 portu
510 3035 656 3069 retinent
680 3046 819 3069 amoeno

153 3085 288 3136 Desidet
311 3087 437 3134 Bajae,
461 3086 620 3120 liticenve
639 3094 739 3120 notus

455 3136 606 3172 l-iecloris
622 3137 741 3170 armis.

105 3202 223 3240 Festus
247 3231 258 3247 ,
296 3205 416 3240 Lituus
435 3205 620 3252 appellatus
648 3203 689 3248 est
713 3231 722 3246 ,
763 3197 851 3250 quod
881 3201 953 3239 litis
974 3199 1014 3245 [it
1039 3201 1138 3245 test'is.

106 3255 162 3298 Est
180 3255 268 3288 enim
287 3267 389 3300 genus
411 3254 567 3290 buccinae
588 3256 767 3291 incurvae.
802 3266 866 3303 quo
887 3255 945 3300 qui
969 3252 1139 3295 cecinerit,

104 3303 233 3345 dicitur
258 3303 381 3390 ίὶιὶιὶη.
429 3306 574 3344 Nonius
589 3334 599 3352 ,
627 3306 780 3343 Siticines
794 3331 805 3351 ,
832 3313 870 3341 ut
892 3303 1038 3342 liticines
1055 3302 1080 3340 ἰι
1099 3303 1142 3340 li-

353 3366 420 3393 om.
452 3360 516 3394 III·

2125 1004 2243 1077 Qui

1193 1151 1251 1180 tuo
1265 1171 1275 1188 ,
1306 1153 1348 1181 ut
1367 1142 1532 1182 tubicines
1551 1143 1576 1181 ὰ
1598 1144 1697 1182 tuba.
1726 1142 1881 1182 Carifius
1898 1141 1992 1180 libro
2015 1142 2136 1190 primo
2152 1169 2162 1185 ,
2177 1142 2241 1179 Hie

1194 1194 1329 1231 tubicen
1355 1208 1397 1231 ex
1427 1195 1512 1232 tuba
1544 1195 1663 1245 longa,
1695 1194 1882 1237 tubicinis,
1910 1193 2026 1230 liticen
2060 1206 2100 1228 ex
2129 1191 2241 1238 lituo,

1195 1245 1298 1282 tubae
1319 1259 1424 1293 genus
1452 1246 1559 1294 (lego
1583 1274 1592 1290 ,
1629 1246 1730 1283 tubae
1757 1258 1884 1282 curvae
1910 1244 2038 1292 genus)
2074 1242 2240 1287 liticinis,

1196 1298 1371 1340 cornicen,
1407 1309 1449 1332 ex
1470 1309 1573 1332 cornu
1600 1301 1753 1338 minore,
1783 1295 1994 1338 cornucinis,
2023 1293 2170 1336 tibicen,
2198 1305 2240 1329 ex

1196 1346 1298 1391 tibia,
1311 1346 1463 1383 tibicinis
1474 1345 1619 1393 ,fidicen
1632 1375 1642 1391 ,
1655 1361 1695 1383 ex
1705 1345 1837 1393 fidibus
1850 1345 2020 1393 ,fidicinis
2032 1372 2042 1388 ,
2053 1344 2183 1393 quibus
2196 1343 2241 1381 fi-

1196 1397 1298 1434 milia
1319 1396 1444 1434 denuo
1466 1396 1562 1444 apud
1584 1397 1686 1434 illurn
1711 1396 1847 1434 eodem
1867 1397 1960 1433 libro
1983 1395 2102 1432 habes.
2126 1394 2240 1432 etiam

1195 1448 1291 1495 apud
1302 1446 1464 1484 Phocam
1488 1448 1784 1486 Grammaticum
1811 1449 1847 1484 ὃς
1870 1446 2106 1484 Priscianurn.
2143 1444 2241 1482 Cato

1190 1497 1288 1545 apud
1312 1498 1360 1534 A.
1382 1497 1545 1535 Gellium
1568 1499 1683 1537 Νοέὶ.
1707 1500 1824 1536 Attic.
1846 1498 1907 1535 lib.
1930 1509 1991 1533 xx.
2015 1508 2092 1543 cap.
2115 1507 2160 1532 11.
2188 1495 2244 1532 Si-

1190 1548 1310 1585 ticines
1337 1558 1383 1587 ey·
1406 1548 1554 1586 liticines
1585 1561 1628 1589 <9⁴
1656 1548 1836 1586 tubicines.
1873 1547 1921 1585 fic
1957 1548 1995 1584 &
2027 1545 2182 1583 tibicines
2201 1547 2242 1584 &

1190 1598 1376 1657 cornicines
1403 1598 1504 1639 dieti,
1540 1599 1732 1637 cicuticines
1768 1605 1880 1638 Panes
1910 1597 2065 1636 Sidonio
2095 1595 2242 1646 Apolli3

1188 1660 1281 1688 nan.

1238 1715 1335 1753 Alta
1352 1716 1545 1754 cicuticines
1563 1716 1739 1768 liquerunt
1762 1711 1933 1750 Maenala
1952 1716 2084 1748 Panes.

1190 1776 1387 1815 cornicines
1415 1780 1524 1818 habes
1549 1779 1647 1829 apud
1677 1776 1895 1826 Juvenalem
1927 1775 2005 1823 plus
2036 1786 2113 1812 uno
2139 1773 2241 1812 loco.

1190 1823 1281 1862 Vox
1303 1840 1430 1876 parum
1451 1841 1541 1869 nota
1563 1831 1651 1868 loco
1670 1829 1862 1867 Ovidiano
1880 1825 2156 1874 corrumpendo
2175 1836 2242 1863 oc-

1191 1875 1377 1918 casionem
1399 1882 1511 1920 dedit.
1539 1882 1686 1919 Hems.

1243 1953 1328 1991 259.
1355 1946 1398 1978 Ut
1418 1941 1571 1979 medium
1591 1942 1741 1992 campi]
1779 1942 1942 1989 Campus
1959 1939 2024 1978 hic
2042 1940 2146 1989 locus
2161 1968 2170 1985 ,
2198 1941 2237 1978 in

1190 2002 1267 2041 quo
1289 1992 1469 2041 praelium
1492 1995 1821 2031 committendum.
1848 1992 1946 2030 unde
1967 1991 2064 2039 apud
2087 1991 2243 2039 Cypria-

1191 2053 1282 2080 num
1297 2071 1307 2088 ,
1338 2044 1541 2080 Exercitum
1560 2044 1607 2079 ad
1627 2054 1787 2093 campum
1816 2043 1957 2085 ducere;
1987 2043 2025 2078 ὃ(
2047 2043 2142 2088 apud
2164 2042 2244 2080 Fla-

1191 2093 1295 2130 vium
1330 2093 1533 2141 Vopiscum
1557 2122 1567 2137 ,
1608 2095 1722 2131 Solum
1754 2094 1900 2140 denique
1931 2105 1972 2128 ex
2003 2092 2161 2128 omnibus
2181 2091 2243 2140 qui

1192 2143 1472 2191 oppugnabantur
1493 2154 1630 2193 campus
1642 2145 1777 2193 accepit.
1806 2144 1916 2180 Forte
1935 2143 2026 2180 haec
2047 2143 2152 2179 trita:
2181 2141 2243 2180 sed

1194 2194 1301 2231 habet
1323 2195 1395 2231 hoc
1424 2195 1632 2234 sollicitudo
1647 2224 1657 2240 ‚
1685 2195 1787 2245 quod
1812 2194 1939 2232 onmia
1961 2190 2155 2231 neceffaria
2173 2205 2243 2242 pu-

1192 2251 1256 2282 tat.
1285 2245 1462 2284 Nsssror..

1243 2308 1329 2343 2¹9·
1358 2295 1462 2344 Scissis
1483 2297 1618 2345 tetigere
1638 2295 1806 2346 capillis]
1849 2292 1950 2342 Paffis
1974 2295 2075 2332 Maz.
2097 2293 2240 2331 Zulich.

1192 2346 1314 2384 Urfin.
1345 2347 1447 2384 Voll‘.
1477 2349 1516 2385 &
1549 2349 1727 2385 Arondel.
1759 2345 1882 2396 sparsis
1914 2346 2020 2382 Laeti
2055 2344 2173 2382 codex
2202 2344 2240 2380 δε

1191 2398 1359 2446 quinque
1390 2397 1461 2435 alii.
1497 2397 1582 2436 vide
1606 2399 1723 2435 Notas
1743 2398 1803 2434 lib.
1826 2410 1850 2433 i.
1879 2396 1932 2438 ybs.
1953 2395 2035 2440 646.
2076 2394 2239 2430 Medium

1192 2449 1304 2493 campi
1326 2458 1558 2495 tenuero,pro
1573 2450 1708 2494 tetigere
1722 2447 1831 2490 ‚oCto
1852 2445 2009 2483 codices.
2039 2443 2238 2491 quomodo

1193 2499 1303 2532 etiam
1330 2497 1498 2534 nonnulli
1520 2497 1579 2534 lib.
1604 2510 1648 2534 11.
1670 2497 1721 2538 >if
1748 2508 1831 2544 205.
1878 2501 2080 2531 Cremeram
2104 2504 2242 2530 tenuere

1195 2557 1363 2593 rapacem.
1386 2547 1445 2583 lib.
1467 2557 1529 2582 111.
1560 2548 1690 2583 Amor.
1715 2547 1817 2594 Eleg.
1843 2545 1906 2582 ult.

1247 2610 1386 2648 Aloenia
1401 2637 1410 2654 ,
1437 2623 1523 2659 quae
1545 2610 1656 2658 campi
1669 2611 1789 2656 jugera
1806 2617 1916 2656 pauca
1939 2615 2068 2644 tenent.

1195 2673 1286 2711 Fast.
1308 2686 1360 2710 v1.
1380 2684 1466 2717 401.
1497 2684 1542 2708 ex
1566 2671 1722 2719 antiquis
1742 2671 1859 2714 libris,

1246 2743 1337 2780 Hoc,
1366 2735 1424 2772 ubi
1445 2747 1536 2772 nunc
1549 2736 1631 2783 fora
1647 2742 1733 2784 sunt
1747 2762 1756 2780 ,
1785 2735 1872 2771 udae
1895 2744 2030 2772 tenuere
2044 2733 2200 2784 paludes}

1195 2800 1256 2839 lib.
1279 2812 1323 2836 11.
1350 2799 1437 2846 465.

1251 2867 1396 2916 Populus
1416 2878 1457 2906 (5¹
1477 2879 1610 2904 cannae
1631 2868 1786 2917 riparum
1800 2867 1944 2917 summa
1965 2866 2138 2904 tenebant.

1195 2938 1289 2975 Met.
1312 2948 1366 2972 vx.
1387 2946 1470 2983 335.

1426 3003 1518 3030 tenet
1538 2993 1612 3029 ima
1628 2992 1774 3028 lacunae

1249 3053 1359 3083 Lenta
1374 3044 1470 3094 salix
1484 3073 1494 3089 ,
1507 3045 1673 3094 juncique
1691 3046 1781 3080 leves
1793 3072 1802 3088 ,
1814 3056 2011 3093 cannaeque
2032 3041 2210 3092 palustres.

1199 3109 1308 3147 Trist.
1328 3122 1357 3146 1.
1378 3110 1479 3158 Eleg.
1502 3121 1553 3146 ix.

1251 3176 1418 3222 Qaeque
1436 3184 1553 3210 tenent
1577 3175 1678 3211 Ponti
1702 3174 1880 3224 Byzantia
1903 3173 2021 3211 littora
2037 3173 2168 3218 fauces.

1194 3239 1291 3277 Met.
1309 3250 1355 3274 υ.
1379 3250 1412 3286 3.
1437 3250 1482 3275 ex
1505 3240 1664 3287 antiquis
1684 3240 1808 3276 libris:

1246 3302 1359 3352 Cujus
1378 3301 1460 3339 ebur
1482 3291 1636 3341 nitidutn
1651 3302 1796 3352 fastigia
1805 3305 1951 3352 summa
1970 3298 2115 3337 tenebat.

2148 3343 2242 3384 libro
