2495 3675
200 228 306 282 860
716 218 1272 280 P.OV1D11
1348 215 1884 277 NASONIS

487 321 643 395 Quae
667 323 833 395 profit
859 324 1028 395 pietas
1055 318 1260 372 utinam
1285 313 1444 377 mihi3
1486 314 1655 386 fitque
1685 315 1950 369 malorum

336 414 405 451 20
558 395 668 464 Jam
696 398 916 456 modus,
958 393 1009 447 &
1039 391 1210 445 sacrae
1236 388 1419 443 mitior
1449 389 1524 442 ira
1549 389 1769 442 domus!

485 468 576 524 Te
597 487 816 541 quoque
842 467 1017 527 idem,
1054 462 1262 533 liquido
1289 459 1497 533 possum
1514 461 1720 532 jurare,
1756 459 1989 533 precari,

560 543 613 596 O
639 543 766 596 mihi
792 556 900 592 non
928 537 1089 591 dubia
1116 536 1333 606 cognite
1360 534 1529 589 Brute
1555 535 1700 588 nota.

483 616 625 671 Nam
653 630 774 666 cum
801 610 1121 682 praestiteris
1151 625 1337 663 verum
1362 608 1493 661 mihi
1518 608 1724 678 semper
1751 623 2026 670 amorem;

561 688 673 740 Hic
699 699 878 739 tamen
906 683 1128 737 adverso
1153 695 1399 753 tempore
1430 681 1600 734 crevit
1626 697 1792 734 amor.

337 782 407 833 25
483 760 703 832 Quique
730 774 843 813 tuas
869 758 1063 828 pariter
1087 755 1329 810 lacrimas
1354 753 1663 824 nostrasque
1689 752 1936 819 videret;

558 830 796 885 Paffuros
821 847 1049 902 poenam
1077 829 1327 882 crederet
1354 826 1457 882 effe
1483 827 1634 881 duos,

478 906 691 960 Lenem
716 919 769 959 te
793 904 993 958 miseris
1021 902 1206 974 genuit
1232 901 1438 956 Natura
1461 938 1476 962 ,
1520 916 1621 953 nec
1649 898 1741 953 ulli

553 978 746 1032 Mitius
772 976 1081 1047 ingenium,
1120 991 1280 1044 quam
1307 974 1432 1038 tibi,
1470 972 1670 1033 Brute,
1709 971 1879 1026 dedit.

480 1050 557 1105 Ut
586 1050 706 1121 qui,
746 1050 877 1122 quid
904 1050 1101 1112 valeas,
1141 1048 1388 1119 ignoret,
1432 1044 1611 1100 Marte
1636 1043 1860 1108 forensi,

334 1146 402 1192 30
550 1123 705 1178 Posse
730 1137 826 1178 tuo
853 1123 1034 1195 peragi
1061 1122 1150 1176 vix
1177 1132 1331 1193 putet
1359 1136 1453 1173 ore
1478 1134 1616 1172 reos,

483 1197 698 1252 Scilicet
734 1197 974 1268 ejusdem
1002 1193 1106 1259 est,
1136 1193 1386 1266 quamvis
1414 1207 1650 1264 pugnare
1679 1189 1926 1256 videtur,

551 1270 885 1342 Supplicibus
911 1268 1120 1323 facilem
1137 1307 1152 1330 ,
1187 1265 1424 1320 sontibus
1448 1263 1552 1320 ell'e
1577 1276 1803 1320 trucem.

482 1345 628 1400 Cum
654 1343 751 1397 tibi
777 1343 1015 1414 suscepta
1037 1342 1113 1394 est
1142 1339 1271 1410 legis
1295 1338 1527 1393 vindicta
1551 1338 1795 1400 severae;

553 1415 737 1473 Verba
764 1417 909 1471 velut
935 1413 1162 1469 tinctum
1187 1412 1384 1484 fingula
1413 1413 1553 1467 virus
1581 1408 1795 1465 habent.

330 1511 395 1562 35
472 1489 735 1547 Hostibus
762 1489 1002 1552 eveniat,
1041 1503 1203 1560 quam
1232 1485 1293 1540 sis
1318 1485 1584 1540 violentus
1618 1483 1673 1538 in
1698 1484 1855 1540 armis

561 1564 800 1627 Sentire,
838 1562 892 1617 δε
920 1563 1134 1633 linguae
1159 1561 1263 1614 tela
1287 1558 1460 1613 subire
1490 1572 1630 1613 tuae.

475 1637 633 1711 Quae
661 1637 758 1691 tibi
782 1650 890 1690 tam
919 1634 1068 1690 tenui
1093 1635 1222 1688 cura
1244 1632 1522 1695 limantur,
1560 1644 1619 1686 ut
1645 1646 1834 1687 omnes

554 1710 697 1765 Istius
725 1710 998 1782 ingenium
1025 1705 1268 1778 corporis
1297 1704 1400 1760 effe
1427 1716 1644 1776 negent.

485 1786 562 1839 At
591 1784 626 1838 fi
654 1801 815 1853 quem
843 1781 984 1838 laedi
1010 1780 1052 1835 F
1056 1780 1250 1835 ortona
1274 1777 1446 1832 cernis
1469 1778 1683 1850 iniqua,

340 1877 410 1929 40
559 1856 785 1910 Mollior
813 1855 888 1909 est
910 1854 1090 1909 animo
1120 1852 1319 1906 femina
1346 1851 1486 1905 nulla
1513 1864 1627 1906 tuo„

479 1928 614 1987 Hoc
640 1946 744 1999 ego
767 1927 1052 1999 praecipue
1074 1924 1233 1987 sensi,
1270 1940 1395 1977 cum
1425 1940 1615 1996 magna
1640 1941 1889 1984 meorum

559 2002 822 2057 Notitiam
847 2017 966 2073 pars
996 1995 1071 2053 est
1093 1995 1325 2052 inficiata
1351 1996 1474 2051 mei.

2246 2130 2351 2192 Im<

187 2278 351 2315 honores
371 2273 509 2314 decreti
527 2274 643 2312 fuere.
691 2271 751 2310 Sic
780 2268 879 2310 enim
910 2271 948 2311 δε
968 2270 1094 2310 Tacit.
1112 2269 1179 2310 lib.
1204 2271 1239 2309 12
1294 2268 1335 2308 P.
1349 2267 1620 2314 Damcleinde,
1647 2267 1686 2306 i'n
1706 2268 1926 2318 artefhrenfi
1941 2268 2086 2316 plurimi
2107 2269 2238 2320 scripti.
2260 2272 2344 2320 ma-‡

189 2333 378 2364 caecorum
398 2327 580 2376 sepultura
603 2351 613 2369 ,
638 2324 782 2371 inquit,
811 2336 902 2360 more
930 2324 1079 2373 perseffla
1098 2350 1109 2367 ‚
1148 2333 1237 2359 tem-
1295 2321 1342 2359 le.
1364 2320 1437 2360 vid.
1458 2321 1504 2359 ad
1517 2333 1584 2360 111.
1607 2320 1720 2359 Trist.
1739 2331 1812 2358 xix.
1834 2319 1893 2359 18.
1923 2320 2051 2359 Euam.

185 2378 286 2428 plum
305 2390 348 2419 ω’
366 2377 509 2425 coelestes
527 2375 673 2427 regiones
693 2374 926 2412 decernuntur
949 2374 1136 2423 <intellige
1157 2376 1239 2412 Au·
1351 2393 1409 2430 3¹·
1438 2386 1596 2430 Pugnare
1617 2379 1799 2430 videtum]
1854 2380 2023 2418 Videntur
2052 2380 2111 2418 sex
2144 2380 2275 2431 scripti.
2303 2384 2344 2423 &

190 2430 322 2478 gusto.)
353 2431 531 2468 Mtcrtr..
1293 2441 1375 2471 tum
1397 2432 1477 2471 dele
1502 2434 1544 2468 τὸ
1565 2432 1609 2479 est
1632 2444 1718 2470 cum
1737 2432 1850 2470 tribus
1874 2432 1980 2470 libris.
2005 2433 2152 2470 Hiems.
2179 2433 2233 2472 Ita
2254 2436 2343 2474 citat

238 2504 299 2531 20,
329 2489 491 2540 Micion]
539 2489 591 2526 Sit
609 2487 722 2525 minor
744 2498 838 2525 unus
859 2487 961 2525 liber.
979 2485 1096 2536 super.
1117 2486 1239 2533 versu,
1294 2484 1477 2523 Gerardus
1509 2483 1705 2521 Maurifius
1734 2481 1794 2521 lib.
1815 2496 1840 2521 1.
1871 2483 2056 2522 Historiae
2077 2484 2336 2525 Dominorum

188 2542 301 2592 pietas
318 2553 432 2594 precor
453 2552 494 2580 ut
513 2541 603 2579 mihi
622 2539 842 2578 Ms.Bersm.
864 2539 924 2577 cui
939 2549 1017 2576 non
1039 2537 1214 2587 displicet.
1295 2535 1341 2573 de
1369 2536 1548 2574 Romano
1579 2536 1617 2573 in
1636 2534 1757 2573 initio.
1805 2535 1871 2583 qui
1893 2536 1965 2580 ὃς,
1977 2534 2183 2586 supplicibus
2203 2537 2341 2584 faciles.

239 2628 302 2654 22.
330 2621 435 2653 Brute
458 2611 582 2662 nota.]
638 2612 740 2651 Alias
762 2640 773 2656 ,
811 2624 880 2649 non
908 2610 1014 2648 dubia
1041 2611 1112 2658 fide
1133 2639 1143 2655 ,
1171 2622 1238 2660 pro
1297 2586 1431 2626 BURM'
1470 2652 1476 2658 ‚
1732 2649 1739 2656 ,
1986 2638 1989 2641 Δ
2223 2649 2229 2657 ,
2297 2650 2304 2657 ,

192 2677 296 2706 certo
318 2676 428 2717 atque
459 2664 681 2703 indubitato.
717 2664 897 2700 Micrtt.
952 2668 1048 2700 Nota
1069 2670 1239 2700 veterum
1349 2662 1408 2700 34.
1436 2649 1641 2708 Tmstssm]
1678 2656 1819 2688 Tmum
1847 2649 1907 2706 Yel
1939 2651 2069 2687 coelum
2089 2651 2245 2688 Moretl·
2274 2663 2347 2688 61η·-

192 2719 370 2757 librorum
390 2716 502 2754 leeclo
523 2743 534 2762 ,
568 2727 664 2765 quae
693 2715 836 2762 optima
867 2713 917 2752 est
935 2741 946 2758 ‚
985 2713 1191 2762 agnoscitur
1219 2712 1241 2751 a
1296 2704 1392 2741 Ham
1414 2702 1564 2742 Maurls·
1585 2700 1723 2741 HlstOf·
1749 2701 1954 2741 D0m1ss0s·
1986 2701 2033 2740 de
2055 2702 2234 2740 R0m³ss0
2256 2713 2340 2751 pag·

193 2769 365 2813 Merula,
393 2768 567 2817 reeteque
590 2766 814 2816 exponitur,
841 2764 961 2805 lib.u.
985 2764 1241 2814 Metamorph.
1301 2766 1358 2802 14·

195 2820 257 2857 sub
274 2819 412 2859 finem:
1349 2827 1413 2867 44.
1440 2816 1516 2864 Qi
1543 2817 1640 2855 mala
1662 2816 1810 2866 sollicite
1841 2815 1952 2865 nostra
1979 2815 2149 2866 levatis.]
2206 2813 2352 2852 Solliciti

1301 2880 1388 2906 cum
1408 2869 1515 2906 Polit.
1536 2869 1574 2906 δε
1596 2869 1762 2919 quinque
1782 2868 1874 2906 aliis.
1903 2867 2353 2915 levastisBarberin.prae-

1302 2928 1400 2957 terea
1431 2919 1584 2958 vestrum
1615 2932 1682 2968 pro
1711 2917 1816 2966 vestri
1846 2919 2076 2957 scribendum
2117 2914 2351 2967 praecedenti

195 2974 367 3011 Cremu.
397 2980 491 3011 Nota
515 2976 686 3026 Scaligeri
705 2973 825 3014 codex
848 2981 960 3024 atque
992 2974 1052 3014 alii
1073 2974 1245 3024 complu.-
1301 2971 1420 3010 versu.
1449 2971 1595 3009 Hiatus.
1623 2969 1778 3007 sollicita
1800 2970 1915 3016 nostra
1937 2970 2064 3008 levatis
2089 2979 2145 3019 ope
2164 2968 2310 3007 P.Dan.

196 3036 252 3063 res
271 3024 376 3061 bene.
405 3026 550 3106 riuus.
1358 3062 1419 3099 45.
1450 3054 1494 3086 Et
1511 3050 1607 3098 prius
1630 3047 1686 3086 hic
1706 3048 1839 3099 nobis]
1880 3049 1971 3087 Hinc
1993 3045 2173 3087 nonnulli,
2200 3042 2351 3087 Scribess

250 3099 315 3137 23.
344 3091 554 3141 Amorem]
586 3099 756 3130 Honorem
774 3091 848 3129 MS.
868 3090 1008 3129 Bersm·
1310 3101 1375 3139 heu
1394 3100 1489 3138 nobis
1510 3100 1663 3138 nimium
1682 3100 1917 3138 conterminus
1954 3099 2032 3147 Ister
2061 3107 2147 3134 cum
2168 3093 2353 3133 Barberln·

252 3144 314 3186 26.
343 3147 413 3196 Effe
430 3149 550 3199 duos.]
583 3157 671 3190 Deos
692 3153 789 3191 Edit.
811 3152 954 3202 Gryph.
974 3151 1166 3192 mendose]
1304 3154 1348 3192 ὃ(
1373 3151 1649 3201 Rottendorph.
1670 3152 1821 3190 HEINS.

254 3220 317 3257 27-
347 3209 455 3260 lust]
486 3211 570 3248 Ulli-³
594 3225 644 3260 Ps-
667 3214 736 3252 Ed·
1361 3219 1426 3268 46.
1452 3221 1634 3271 Euxina]
1664 3221 1798 3259 Euxini
1817 3221 1889 3257 Ms.
1910 3217 2044 3256 Bersm.
2066 3218 2105 3255 &
2122 3216 2272 3255 P,Dan.

253 3289 314 3323 29.
344 3283 401 3334 (lt
424 3278 485 3326 qui
517 3278 603 3327 quid
636 3280 754 3316 valeas
783 3280 961 3329 ignorem]
1015 3288 1060 3319 Ut
1088 3282 1149 3333 qui
1169 3281 1256 3332 quid
1363 3292 1428 3330 47.
1458 3287 1567 3331 thue
1587 3283 1764 3330 Thyesteae
1793 3279 1936 3316 redeant
1956 3276 1992 3326 fi
2011 3286 2163 3326 tempora
2183 3273 2358 3325 mensae]

205 3330 331 3384 valcas
350 3340 550 3386 tgnhoretcx
573 3330 867 3379 castigatioribus.
896 3333 1040 3369 Ι-ΙεῐΝς.
1087 3339 1130 3370 Ut
1152 3333 1256 3382 quid·
1311 3336 1410 3369 Ante
1437 3333 1577 3371 Feschii
1609 3334 1647 3369 &
1681 3329 1905 3369 Hafnienfis.
1940 3329 2046 3368 multi
2087 3329 2180 3375 alii,
2224 3333 2357 3377 Atque·

202 3381 288 3428 quui
313 3380 415 3419 Editi
452 3381 558 3419 olim.
587 3392 631 3422 ω·
649 3380 710 3432 qui
735 3393 843 3431 quam
869 3383 942 3420 Ms.
964 3382 1102 3423 Bersm.
1120 3383 1152 3433 fi
1180 3383 1257 3433 quis
1312 3383 1463 3433 Opinor
1484 3380 1757 3432 castigandum,

246 2899 316 2936 Ede
339 2909 458 2936 notam
482 2901 581 2939 tanti
612 2900 757 2950 generis.

2235 3428 2360 3476 Anni
