2495 3675
490 192 1425 257 FASTORUM
1535 195 1731 250 L113.

1816 194 1913 261 VI,
1939 235 1948 245 s
2120 195 2224 263 f4375

217 305 316 374 805
356 304 457 360 Par
483 305 664 360 animo
688 320 908 377 quoque
932 302 1105 357 forma
1128 299 1222 355 suo
1248 294 1537 369 respondet
1563 295 1618 350 in
1641 295 1753 349 illa:

430 376 503 432 Et
527 395 722 450 genus,
762 379 815 431 &
842 376 1028 438 facie5‚
1062 371 1446 445 ingeniumque
1470 369 1636 424 simul.

355 451 472 506 Nec
498 451 647 522 quod
673 449 941 506 laudamus
965 447 1220 508 formam,
1260 457 1370 499 tam
1394 457 1550 515 turpe
1575 441 1793 515 putaris·

431 523 736 578 Laudamus
769 537 979 590 magnas
1008 519 1106 572 hac
1132 535 1351 590 quoque
1375 529 1524 588 parte
1556 517 1712 569 Deas,

356 597 538 667 Nupta
565 596 664 650 suit
691 596 962 666 quondam
988 603 1271 645 matertera
1297 589 1531 644 Caesaris
1556 588 1645 642 illi.
1674 637 1677 641 .

214 672 312 726 810

421 669 475 724 O
503 669 696 730 decuS‚
734 667 768 720 ὃ
795 667 935 719 sacra
959 664 1156 717 femina
1180 663 1339 734 digna
1364 662 1557 714 domo!

350 743 436 797 Sic
462 740 657 794 cecinit
683 738 833 792 Clio:
876 736 1064 790 dosiae
1093 735 1366 789 adsensere
1394 734 1621 788 sorores,

423 812 632 868 Adnuit
661 812 908 874 AlcideS‚
946 808 1319 880 increpuitque
1343 808 1528 878 lyram,

64 1027 131 1059 sua
149 1019 319 1058 meliores
341 1028 477 1065 magno
495 1027 665 1055 numero.
701 1015 739 1054 &
760 1024 875 1060 mox,
904 1014 1101 1064 respondet,

61 1083 128 1121 pro
148 1071 326 1120 respondit.
351 1069 461 1107 κᾶε.
514 1069 612 1105 Nam
642 1075 718 1105 erat
748 1067 951 1104 etiamnum
977 1066 1015 1103 in
1048 1066 1102 1103 vi-

61 1124 116 1160 vis
136 1123 288 1159 Marcia.
322 1121 369 1158 est
390 1121 490 1157 enirn
515 1119 560 1156 de
581 1130 697 1156 uxore
717 1117 875 1156 Maximi
896 1116 1101 1164 intelligen-

60 1173 173 1216 dum,
202 1172 246 1209 de
275 1183 346 1220 qua
374 1172 410 1208 in
439 1169 598 1207 Ponticis
625 1170 699 1218 agit
719 1168 852 1206 Noster
879 1180 955 1206 non
979 1168 1103 1205 semel.

60 1223 192 1261 deinde
216 1223 395 1260 nobilitate
415 1223 506 1270 sua,
530 1232 596 1269 pro
625 1220 800 1257 nobilitati
813 1220 917 1267 suae,
946 1218 1102 1256 insolen-

59 1283 114 1312 ter
141 1273 278 1312 dinam
295 1301 305 1317 ‚
333 1285 402 1310 nec
428 1280 552 1309 tamen
582 1270 656 1308 fine
682 1271 867 1319 exemplo.
920 1269 1020 1307 Audi
1047 1270 1102 1306 A-

58 1324 240 1363 rufianum
283 1324 456 1361 Messium
495 1322 540 1360 de
587 1322 773 1370 Exemplis
812 1321 1102 1363 Elocutionum‚

57 1375 179 1414 libello
199 1375 371 1412 hatstenus
393 1373 556 1412 inedito:
578 1379 649 1409 Par
669 1373 732 1410 his.
759 1373 874 1409 Cicero
891 1381 949 1420 pro
969 1370 1098 1408 Cluen-

59 1426 125 1463 tia:
155 1427 289 1474 Ingenio
319 1436 361 1464 (5¹
387 1425 523 1461 virtute
556 1433 620 1469 par
646 1422 724 1467 his,
754 1437 835 1473 quos
861 1433 943 1458 ante
970 1434 1097 1458 memo*

60 1477 152 1514 ravi.
190 1484 262 1513 Par
291 1476 356 1512 hac
376 1489 421 1512 re.
457 1474 638 1522 Sallustius
663 1473 751 1519 Hist.
772 1486 824 1511 iv.
862 1472 976 1509 Scalas
997 1481 1097 1521 pares

59 1527 231 1564 moenium
253 1527 454 1563 altitudine.
484 1533 554 1562 Par
576 1537 652 1561 cum
673 1523 738 1561 his.
765 1522 900 1569 Sallust.
922 1523 1096 1570 Jugurth.

55 1584 183 1616 Parem
214 1591 290 1614 cum
328 1577 442 1613 liberis
462 1577 537 1625 suis
563 1574 722 1623 regnique
744 1576 947 1623 participem
975 1574 1097 1620 fecisti.

1156 1012 1297 1052 Ennius
1318 1011 1355 1048 in
1377 1006 1565 1058 Thyestet

1209 1081 1272 1118 Sed
1282 1080 1419 1129 finitus
1437 1090 1534 1114 aures
1555 1088 1647 1114 meas
1662 1075 1788 1126 pedum
1805 1075 1905 1126 pulsu
1925 1074 2090 1126 increpat}

1155 1147 1232 1234 Yibd.
1252 1145 1519 1187 NomMarcel.
1539 1146 1575 1184 in
1598 1155 1736 1196 crepare.
1763 1146 1810 1185 fic
1831 1148 2075 1197 &concrepare
2097 1146 2200 1198 supra

1173 1211 1181 1235 l
1211 1227 1217 1235 .
1239 1211 1274 1236 v.

1210 1265 1338 1312 Rursus
1360 1276 1492 1314 aquam
1515 1263 1629 1311 tangit
1644 1291 1654 1308 ,
1674 1269 1706 1300 T
1702 1264 1914 1314 emesaeaque
1935 1273 2108 1312 concrepat
2125 1266 2204 1302 ara-¹

1158 1322 1286 1371 Atque
1306 1322 1480 1359 haetenus
1502 1350 1512 1366 ‚
1548 1334 1642 1370 quae
1664 1322 1708 1359 ad
1736 1321 1855 1359 Fastos
1886 1321 2114 1359 Nasonianos
2135 1322 2203 1359 ob-

1152 1372 1305 1410 servavi.
1333 1374 1507 1410 Ceterum
1530 1373 1566 1410 in
1588 1372 1710 1410 Ursini
1732 1373 1928 1409 veterrimo
1948 1372 2078 1410 codice
2101 1373 2139 1409 &
2159 1373 2204 1410 li·

1152 1425 1237 1461 teris
1268 1423 1558 1472 Longobardicis
1581 1423 1654 1461 five
1681 1423 1890 1467 Saxonicis,
1919 1434 2006 1470 quas
2037 1430 2198 1467 vocant,

1153 1483 1327 1518 exarato,
1355 1483 1434 1512 tum
1462 1474 1571 1511 etiam
1603 1475 1639 1511 in
1662 1472 1802 1511 duobus
1826 1474 2006 1511 Patavinis
2035 1472 2202 1511 meliori-

1152 1523 1216 1562 bus
1231 1553 1241 1569 ,
1267 1537 1343 1563 uno
1355 1531 1540 1572 praeterea
1556 1524 1759 1567 Vaticano,
1788 1535 1831 1560 ac
1849 1524 2052 1561 Sfortianae
2070 1523 2203 1561 biblio·

1151 1576 1280 1613 thecae
1298 1577 1451 1619 codice,
1479 1587 1591 1623 quem
1622 1576 1739 1612 obiter
1762 1575 1907 1612 Romae
1935 1573 2090 1623 inspexi,
2117 1573 2200 1622 subg

57 1635 131 1666 Par
155 1629 215 1664 hoc
240 1630 368 1675 facere.
399 1627 558 1675 Virgilius
585 1624 698 1662 Bucol.
749 1629 794 1661 Et
826 1634 967 1661 cantare
990 1633 1099 1673 pares.
1146 1626 1395 1675 jungebantur
1415 1626 1533 1663 versus
1551 1627 1588 1663 lii
1608 1633 1786 1674 quatuor:

56 1680 208 1717 Sextum
229 1679 345 1717 casum
369 1678 471 1725 saepe
490 1689 557 1725 pro
585 1676 694 1714 tertio
713 1675 922 1723 ponebant,
953 1687 1024 1724 qua
1052 1675 1098 1714 de

56 1742 95 1767 re
116 1731 150 1766 in
173 1741 284 1778 opere
306 1729 558 1766 Grammatico
579 1728 634 1764 vir
649 1727 811 1764 summus
833 1726 1014 1763 Gerardus
1032 1726 1097 1772 Jo-

55 1781 194 1818 hannes
217 1780 374 1817 Vossius.
405 1780 546 1816 Hmns.
587 1777 675 1815 vid.
695 1777 933 1815 Eruditiffimi
955 1775 1095 1814 Maffo-

7 1876 10 1878 v
53 1833 106 1869 nii
136 1833 248 1869 vitam
273 1830 400 1868 Ovidii
429 1829 473 1867 ad
503 1830 550 1866 A.
572 1829 620 1865 V.
643 1828 686 1866 C.
718 1839 923 1865 Dcctxvn.
958 1827 1018 1864 ubi
1047 1827 1094 1865 de

52 1882 122 1920 hac
165 1882 303 1919 Briareia
337 1881 408 1919 late
441 1881 525 1929 agit.
575 1888 641 1929 par
680 1890 770 1916 vero
809 1890 893 1916 cum
935 1877 1093 1917 ablativo

52 1933 211 1972 conssrui
234 1933 391 1971 vidimus
408 1931 453 1969 ad
471 1930 530 1969 lib.
548 1942 602 1968 xv.
623 1930 706 1980 306.
732 1929 865 1967 Euam.

106 1996 191 2034 806.
218 2002 264 2034 Et
290 2011 395 2046 genus
409 2026 419 2042 ‚
439 2009 482 2037 <9¹
500 1996 644 2046 facies.]
675 1997 717 2035 In
738 1997 907 2035 Francof.
929 2006 1004 2036 erat
1029 1998 1094 2037 ad-

52 2045 223 2095 scriptum
243 2062 250 2085 z
269 2049 374 2087 Haec
384 2049 582 2086 adulterina
594 2048 674 2086 sunt
687 2061 694 2085 :
707 2049 880 2097 namjam
894 2057 978 2087 ante
989 2048 1088 2088 idem

53 2096 214 2143 dixerat,
235 2100 275 2136 δε
294 2101 343 2137 ita
363 2099 527 2137 censebat
541 2098 816 2137 Broeckhufius.

100 2162 187 2202 810.
215 2169 320 2201 Sacra
340 2161 472 2212 domo.]
513 2168 612 2199 Sacro
629 2161 725 2198 thoro
744 2161 896 2201 Thuan.

100 2227 187 2266 812.
216 2229 451 2278 Increpuitque
467 2226 581 2276 lyra]
623 2232 753 2276 Lyram
766 2227 911 2274 Ursini,
939 2227 1092 2268 Sarravii

51 2279 91 2318 δε
110 2287 180 2318 tres
198 2279 269 2318 alii.
297 2281 366 2328 Ep.
387 2278 566 2316 Briseidis:

101 2341 292 2380 Threiciam
313 2341 428 2392 digitis
444 2341 634 2392 increpuisse
650 2343 778 2392 lyram.

49 2415 164 2493 quem
183 2405 327 2444 versum
346 2406 478 2455 repetit
497 2406 630 2444 Amor.
647 2406 708 2446 lib.
727 2420 773 2446 11.
799 2408 856 2446 El.
875 2420 929 2448 xx.
956 2407 1000 2446 In
1019 2407 1092 2454 Ibit

77 2467 119 2493 e:

101 2521 228 2566 Terque
246 2527 446 2554 cruentatas
466 2518 654 2566 increpuere
674 2530 815 2557 manus.

48 2570 157 2610 Trist.
178 2586 205 2610 1.
233 2574 334 2624 Eleg.
357 2588 419 2614 111.
666 2590 670 2593 '

19 2645 22 2648 ’
100 2641 270 2689 Increpuit
291 2642 433 2690 quantis
450 2643 586 2681 viribus
604 2646 699 2682 unda
718 2645 822 2684 latus.

46 2716 195 2796 :iissrepgt
208 2708 365 2756 fimitum
383 2711 470 2748 tuba
489 2710 584 2761 apud
604 2711 732 2764 Virgil.
748 2712 838 2753 AEn.
855 2726 908 2754 1x.
935 2714 1088 2765 Proper-

150 2772 157 2796 l
188 2771 225 2795 ro
248 2772 310 2798 111.

99 2827 253 2871 Increpat
272 2823 470 2867 absumtum
490 2841 548 2865 nec
561 2829 631 2877 sua
650 2838 763 2866 mater
784 2835 876 2878 Ityn.

47 2883 262 2934 Calpurnius
282 2889 419 2938 Ecloga
442 2903 478 2928 v.

99 2953 156 2987 At
168 2948 277 2998 fimul
296 2962 438 3001 argutae
457 2966 576 2991 nemus
594 2953 784 3003 increpuere
804 2953 955 2992 cicadae.

1205 1689 1241 1726 Si
1260 1703 1371 1726 novus
1394 1688 1419 1725 22
1443 1688 1538 1733 Jani
1551 1688 1660 1736 sacris
1676 1686 1918 1724 numerabitur
1938 1700 2068 1732 annus,

1254 1740 1427 1788 Qintilis
1438 1740 1528 1786 salso
1551 1739 1686 1775 nomine
1707 1738 1818 1775 dicius
1838 1739 1914 1774 erit.

1202 1789 1357 1837 Sifacis;
1386 1800 1426 1826 ut
1439 1791 1610 1836 fuerant,
1635 1788 1764 1838 primas
1781 1787 1805 1824 ὰ
1826 1794 1945 1824 Marto
1968 1788 2169 1833 Kalendas}

1254 1846 1416 1890 Tempora
1438 1840 1637 1886 constabunt
1657 1839 1773 1876 ordine
1795 1838 1900 1875 duffia
1919 1840 1991 1884 suo.

1150 1907 1352 1945 Vaticanus
1372 1907 1447 1944 hoc
1465 1907 1610 1944 initium
1634 1906 1711 1944 libri
1727 1905 1869 1954 septimi
1889 1904 2140 1943 constituebat.
2160 1913 2197 1943 at

1149 1958 1384 1996 amicissimus
1397 1959 1611 1995 Gronovius
1624 1955 1995 2004 monuit,inspe6tam
2016 1956 2078 1994 fibi
2091 1955 2196 1994 fuisse

1147 2009 1185 2046 in
1216 2009 1360 2058 Norico
1387 2008 1563 2046 vetustam
1594 2008 1749 2045 Nasonis
1771 2006 1973 2044 editionem
1990 2034 2000 2050 ,
2029 2008 2087 2044 cui
2110 2007 2198 2045 Cel-

1146 2068 1201 2098 tes
1218 2060 1404 2097 Protacius
1428 2088 1439 2104 ‚
1466 2060 1493 2096 is
1513 2070 1650 2107 nempe
1667 2085 1677 2102 ‚
1706 2058 1769 2107 qui
1792 2058 1928 2104 primus
1953 2057 2032 2106 post
2052 2065 2196 2095 renatas

1144 2110 1263 2148 literas
1283 2109 1412 2158 poesin
1438 2110 1475 2147 in
1505 2110 1705 2147 Germania
1735 2108 1965 2151 instauravit,
1995 2119 2109 2146 manu
2130 2108 2191 2145 sua

1146 2159 1376 2209 adscripfiffet
1398 2187 1409 2205 ‚
1443 2160 1602 2209 reliquos
1629 2159 1688 2196 sex
1719 2158 1906 2195 Fastorum
1928 2158 2038 2196 libros
2061 2158 2194 2196 servari

1147 2212 1243 2259 apud
1266 2211 1519 2259 Presbyterum
1548 2212 1585 2248 in
1606 2221 1699 2258 pago
1719 2221 1833 2257 prope
1856 2208 2010 2247 Ulmam
2027 2236 2036 2253 ,
2062 2209 2196 2257 princi-

1147 2264 1326 2311 piumque
1344 2261 1488 2311 septimi
1505 2260 1586 2300 libri
1607 2261 1645 2298 in
1667 2260 1730 2298 illo
1757 2258 1888 2298 codice
1910 2260 1981 2298 tale
2004 2269 2194 2299 exaratum

1146 2312 1270 2352 fuiffe:

1200 2386 1252 2418 Tu
1271 2394 1402 2432 quoque
1420 2381 1552 2418 mutati
1571 2380 1688 2428 causas
1705 2390 1749 2420 ω’
1770 2379 1908 2417 nomine
1927 2378 2047 2428 mensis

1250 2438 1290 2469 A
1307 2443 1339 2468 te
1359 2434 1418 2482 qui
1431 2433 1610 2480 sequitur,
1639 2432 1792 2468 maxime
1813 2431 1962 2478 Caesar,
1992 2428 2109 2465 haben

1147 2493 1218 2532 Sed
1238 2502 1279 2533 ut
1308 2494 1427 2532 dicam
1457 2496 1617 2543 ingenue
1645 2492 1746 2543 quod
1774 2504 1827 2529 res
1848 2492 1921 2536 est,
1948 2493 2082 2539 opinor
2103 2490 2191 2528 Cel:

1113 2558 1116 2562 ·
1145 2552 1222 2582 tem
1242 2546 1450 2582 Protacium
1469 2557 1546 2583 non
1563 2554 1636 2582 tam
1658 2542 1836 2590 decepisse
1851 2570 1860 2585 ,
1889 2554 1997 2589 quam
2023 2539 2126 2578 fuisse
2145 2542 2194 2578 ab

1144 2595 1243 2639 aliis,
1271 2596 1334 2642 qui
1356 2595 1470 2633 visum
1500 2595 1561 2633 fibi
1592 2604 1702 2644 atque
1731 2593 1930 2640 inspedtum
1961 2593 2059 2629 liunc
2085 2592 2191 2629 codi-

1143 2657 1224 2683 cem
1239 2646 1479 2690 affirmarent,
1494 2646 1703 2692 deceptum.
1732 2644 1828 2680 Nam
1847 2643 2058 2679 Laetantius
2071 2643 2104 2679 in
2118 2642 2189 2680 Di-

1142 2698 1237 2734 vinis
1256 2697 1557 2740 Institutionibus‚
1571 2697 1766 2733 Priscianus
1779 2695 1813 2730 in
1828 2694 2093 2735 Grammatica,
2113 2692 2190 2730 alii-

1144 2759 1216 2796 que
1229 2756 1397 2785 veterum
1423 2759 1506 2785 cum
1526 2748 1630 2785 locos
1653 2745 1856 2793 complures
1879 2755 1922 2780 ex
1945 2744 2051 2780 Fastis
2070 2743 2188 2780 Naso-

1142 2799 1260 2836 nianis
1283 2800 1469 2846 proferant
1496 2800 1533 2836 in
1564 2797 1752 2839 medium,
1781 2807 1824 2832 ex
1857 2794 1951 2831 libris
1979 2802 2106 2831 tamen
2124 2793 2185 2831 sex

1143 2848 1401 2896 posterioribus
1421 2848 1616 2896 deperditis
1637 2848 1725 2885 nihil
1746 2844 1882 2894 prorsus
1901 2845 2132 2893 producunt,
2146 2854 2187 2882 ut

1143 2907 1282 2936 certum
1316 2898 1357 2935 fit
1380 2927 1390 2941 ,
1417 2899 1565 2936 alteram
1596 2899 1702 2947 hujus
1731 2896 1913 2944 poematis
1941 2903 2079 2943 partem
2105 2895 2187 2944 jam

1143 2956 1226 2986 ante
1247 2948 1387 2988 saecula
1409 2949 1599 2998 complura
1616 2945 1849 2988 intercidisse.
1884 2946 2031 2985 Hnms.

1345 3343 1406 3382 lii
1432 3353 1452 3391 3
1966 3336 2017 3383 P>
2053 3332 2199 3381 OVI-
