2495 3675
496 157 1433 266 FA‘STORUM
1543 186 1908 252 L113.1V.

2130 209 2277 267 295«

233 309 332 377 805
371 306 476 363 Per
501 307 739 363 flammas
767 303 963 362 saluiffe
989 318 1184 376 peCUS,
1221 297 1422 354 saluiffe
1449 299 1707 356 colonos?

437 381 607 453 Quod
632 381 691 436 fit
719 381 876 436 natali
901 393 1044 432 nunc
1069 389 1319 447 quoque,
1355 372 1562 439 Roma,
1603 388 1717 432 tuo.

367 454 479 527 Ipse
504 456 656 510 locus
682 451 874 508 cauffas
900 449 1007 504 vati
1029 447 1173 503 facit.
1214 445 1374 501 Urbis
1402 446 1560 519 origo

440 528 628 584 Venit.
669 525 794 581 ades
826 523 998 585 festis,
1040 537 1233 592 magne
1267 519 1529 591 Quirine,
1568 523 1687 578 tuis

357 600 477 672 Jam
505 602 671 655 luerat
696 613 891 670 poenas
923 595 1086 650 frater
1107 593 1435 657 Numitoris,
1471 594 1525 647 &
1552 613 1714 654 omne

222 672 321 728 810

429 672 703 729 Pastorum
730 670 949 742 gemino
971 668 1065 723 sub
1091 668 1231 722 duce
1258 667 1444 737 vulgus
1472 683 1598 723 erat.

362 745 699 801 Contrahere
724 742 949 815 agrestes
967 782 980 804 ,
1020 744 1075 795 &
1101 740 1311 795 moenia
1337 756 1540 811 ponere
1565 744 1780 816 utrique

439 817 728 872 Convenit.
768 815 1053 887 ambigitur
1068 813 1282 868 moenia
1307 826 1472 885 ponat
1496 827 1634 870 uter.

353 891 442 947 Nil
468 907 605 961 opus
634 889 737 952 est,
775 889 941 951 dixit,
980 887 1302 950 certamine,
1336 885 1634 951 Romulu3‚
1674 890 1798 944 ullo.

428 961 633 1034 Magna
659 962 791 1017 fides
818 961 993 1017 avium
1021 960 1120 1016 est:

68 1184 126 1215 eat
146 1203 156 1221 ‚
193 1185 305 1225 quem
334 1174 507 1213 ultroneo
535 1175 621 1224 igne
660 1173 823 1214 exarsisse
853 1174 1112 1213 mentiebatur.

1164 960 1500 1032 experiamur
1528 977 1660 1016 aves,

2104 1040 2218 1097 Res

1167 1173 1287 1222 Maji,
1308 1173 1492 1211 Parilibus,
1520 1184 1565 1210 ex
1595 1184 1672 1222 quo
1702 1180 1872 1223 tempore
1904 1175 1948 1214 ad
1977 1176 2076 1215 hunc
2101 1190 2219 1229 usque

68 1228 204 1266 Miram
224 1226 360 1276 ubique
389 1226 568 1275 Apulejus
600 1227 848 1264 eruditionem
875 1237 960 1274 prae
992 1226 1026 1263 se
1046 1226 1115 1263 fert
1171 1224 1270 1261 diem
1294 1232 1404 1273 atque
1434 1235 1572 1262 annum
1599 1252 1609 1268 ‚
1644 1236 1720 1273 quo
1742 1225 1834 1263 haec
1859 1225 1998 1272 scribo,
2025 1228 2221 1276 supputan-

64 1279 103 1317 in
122 1277 397 1326 proprietatibus
427 1277 695 1315 vocabulorum
730 1275 990 1320 observandis,
1017 1287 1111 1324 quae

64 1329 174 1368 virtus
189 1328 293 1366 illum
316 1328 469 1375 injuriae
495 1327 726 1366 librariorum
757 1329 967 1376 frequenter
997 1338 1112 1374 expo-

66 1380 144 1418 suit.
175 1377 365 1427 Ignitabuli
384 1390 480 1416 voce
500 1378 612 1416 etiam
630 1378 711 1417 usus
728 1378 777 1416 est
797 1377 942 1416 Solinus
970 1377 1007 1414 &
1026 1377 1110 1414 Ma-

63 1429 206 1469 crobius
235 1429 476 1468 Saturnalium
507 1428 667 1467 secundo
689 1444 700 1473 ;
738 1428 846 1476 Agite
867 1456 878 1473 ‚
918 1436 1108 1474 antequam

55 1480 266 1532 surgendum
288 1479 380 1517 nobis
389 1477 437 1528 fit
454 1479 536 1516 vino
560 1479 810 1529 indulgeamus.
859 1476 964 1526 Quod
985 1477 1111 1515 decreti

62 1531 236 1570 Platonici
257 1530 464 1568 austeritate
477 1530 670 1577 faciemus,
687 1530 748 1579 qui
766 1527 988 1576 existimabat
998 1528 1107 1575 fomi-

62 1593 131 1621 tem
152 1582 208 1630 effi
226 1582 400 1631 quendam
428 1593 471 1620 ω’
493 1579 726 1629 ignitabulum
756 1578 899 1629 ingenii.
936 1579 993 1635 ita·
1007 1581 1107 1618 enim

24 1627 28 1635 '
59 1634 219 1671 vetustus
243 1631 361 1669 codex
375 1632 614 1670 bibliothecae
634 1630 863 1676 Thuaneae,
883 1641 961 1667 non
980 1631 1107 1667 metta-

61 1682 206 1726 bulum,
229 1683 330 1731 quod
349 1683 397 1720 est
424 1683 460 1719 in
482 1682 647 1731 vulgatis.
674 1681 771 1731 apud
792 1682 840 1719 A.
867 1681 1028 1718 Gellium
1051 1690 1105 1719 ta-

59 1744 148 1771 men
172 1733 264 1771 libro
284 1745 344 1770 xv.
363 1744 439 1782 cap.
461 1745 498 1771 2.
534 1733 633 1771 unde
660 1733 874 1771 Macrobius
904 1731 940 1769 id
963 1731 1103 1778 hausit,

56 1783 289 1822 incitabulum
310 1783 358 1821 est
378 1783 510 1833 legere.
558 1783 668 1822 Forte
689 1784 800 1822 etiam
825 1782 959 1832 pistores
978 1782 1103 1831 legen-

58 1834 147 1872 dum
168 1835 205 1873 in
227 1835 300 1872 hoc
315 1834 468 1872 Nasonis
486 1835 585 1873 loco.
612 1836 686 1885 agit
708 1835 808 1872 enim
832 1836 878 1872 de
904 1832 1004 1871 mola
1025 1845 1104 1873 ma·

57 1885 169 1923 nuali.
213 1885 357 1923 Hmns.
391 1892 479 1923 Pars
506 1900 638 1936 quoque
658 1886 867 1939 pastorum,
903 1897 982 1922 cum
1002 1883 1104 1934 saxis

47 1936 143 1984 saxa
157 1936 315 1983 scribant
342 1936 489 1975 Bonon.
511 1938 549 1974 ὃ(
570 1938 709 1987 septem
729 1937 802 1974 alii.

111 1989 196 2035 796.
223 1986 418 2026 Scintillam
443 1987 596 2039 sabim]
650 1994 700 2027 Sc.
725 1998 862 2026 tenuem
890 1986 1023 2026 Ambr.
1046 1994 1097 2027 Sc.

45 2037 136 2088 saxo
156 2039 304 2085 Junian.

111 2089 195 2136 798.
223 2096 295 2126 Hoc
314 2079 599 2141 argumentum]
620 2132 623 2137 ,
649 2090 755 2128 Alter
773 2090 897 2128 Petav.
917 2103 1104 2140 argumen-

53 2139 110 2178 tis.
140 2139 211 2178 Sed
229 2141 406 2187 Junianus
435 2141 533 2179 reete
555 2170 566 2187 ,
603 2141 811 2189 argumenti.
857 2141 956 2180 Vide
980 2143 1098 2180 Notas

55 2187 123 2238 Ep.
143 2202 232 2228 vm.
254 2191 302 2228 vs.
329 2204 410 2240 104.
438 2193 585 2231 Hiems.
639 2191 804 2229 Flamma
829 2192 951 2242 parilis
984 2194 1095 2231 etiam

53 2238 174 2280 Petav.
196 2242 234 2280 ὅς
255 2242 393 2281 Mazar.

103 2307 190 2347 800.
217 2315 407 2347 Innocuam
425 2310 479 2348 cui
498 2309 592 2347 dedit
614 2308 702 2357 ignis
722 2307 838 2358 itere]
887 2309 1018 2347 Statitls
1035 2308 1095 2348 lib.

54 2369 98 2396 11.
127 2359 304 2397 Silvarum
318 2389 327 2404 ‚
357 2360 394 2397 in
415 2361 585 2410 lacrymis
601 2359 795 2397 Hetrusci:

105 2422 202 2459 felix
220 2423 274 2459 cui
292 2423 422 2472 magnai
437 2433 573 2473 patrem
593 2424 721 2460 cervice
733 2424 866 2471 ferenti

104 2478 208 2510 Sacra
227 2478 432 2520 Mycenaeae
447 2474 563 2522 patuit
580 2475 775 2511 reverentia
791 2474 972 2522 flammae.

52 2524 177 2562 Nm.

100 2584 187 2622 800.
216 2585 285 2622 cui
301 2584 395 2622 dedit
415 2585 500 2634 ignis
516 2584 620 2634 iter.]
674 2585 805 2623 Malim
830 2613 842 2630 ,
879 2598 956 2623 cum
988 2587 1093 2626 dedit.

50 2635 213 2685 sequenti
227 2636 328 2672 versu
342 2663 352 2679 ,
367 2647 432 2683 pro
438 2642 513 2691 stoc
533 2645 672 2682 tamen,
693 2635 852 2675 multiex
866 2637 1092 2684 melioribus,

51 2691 157 2724 Nunc
173 2696 302 2723 tamen.
331 2686 477 2724 Hiems.
998 2697 1010 2705 “

102 2736 185 2774 8οῐ.
213 2743 283 2773 Hoc
314 2746 432 2773 tamen
467 2736 510 2783 est
541 2750 622 2774 vero
647 2735 818 2787 propius.]
874 2737 930 2776 En
958 2737 1092 2778 Noster

52 2787 160 2825 etiam
187 2787 334 2824 initium
365 2787 529 2825 Palilium
561 2800 638 2825 non
670 2788 756 2826 facit
775 2787 958 2838 antiquius
983 2790 1090 2828 Urbis

53 2837 160 2876 natali
180 2864 191 2882 ‚
218 2849 288 2875 nec
309 2836 467 2876 diffentit
487 2836 507 2874 a
534 2837 688 2876 Tibullo
717 2839 755 2876 ὅ(
774 2838 986 2877 Plutarcho:
1003 2851 1089 2878 nam

52 2889 124 2937 agit
142 2887 187 2926 de
204 2887 301 2926 sacro
321 2888 411 2925 Palis
435 2887 482 2926 fic
501 2887 670 2926 celebrari
687 2898 822 2937 coepto
837 2917 847 2933 ‚
876 2890 914 2927 ὅ(
933 2901 1016 2927 cum
1037 2891 1090 2929 his

52 2936 252 2987 stipularum
284 2939 421 2977 acervis
443 2954 454 2983 ;
493 2939 595 2988 quod
624 2939 808 2989 originem
828 2939 966 2978 duxisse
985 2948 1088 2989 putat

55 2987 98 3026 ab
117 2989 266 3027 incenfis
286 2991 444 3039 antiquis
462 2989 674 3038 tuguriolis,
703 3001 789 3028 cum
822 2991 939 3029 rustici
959 2991 995 3029 in
1018 3003 1089 3030 no-

52 3047 98 3076 va
116 3050 234 3078 novae
251 3040 360 3078 Urbis
382 3041 588 3090 migrarent.
620 3039 745 3085 Absit,
772 3042 874 3090 quod
893 3050 1003 3090 neget
1026 3054 1090 3080 an-

54 3094 92 3125 te
115 3088 207 3128 hanc
237 3090 423 3129 conditam
457 3090 558 3128 fuiffe
587 3091 738 3133 Palilia;
768 3092 806 3128 in
836 3093 965 3140 quibus
991 3093 1090 3130 Pales

54 3148 137 3176 cum
158 3140 303 3179 Silvano
326 3142 419 3180 culta
441 3142 533 3184 laete
561 3143 597 3179 ὃς
618 3143 703 3179 anni
724 3142 902 3190 primitiis.
952 3143 1090 3181 Addita

55 3188 160 3235 igitur
177 3189 237 3227 sub
256 3193 420 3230 Romulo
441 3192 602 3230 transitio
622 3192 878 3240 pertinuimus,
906 3193 1091 3232 suffimen-

55 3245 92 3274 ta
117 3237 194 3282 illa3
222 3239 278 3279 sed
299 3254 413 3292 equus
431 3243 579 3280 victima
601 3242 720 3280 multo
741 3244 827 3290 post.
858 3245 983 3282 NEAP.

107 3287 190 3325 801.
218 3294 307 3327 Cum
328 3293 463 3329 condita
487 3299 593 3329 Roma
611 3293 693 3340 est.]
735 3294 858 3332 Condi
884 3304 1014 3343 coepta
1034 3295 1084 3332 est

56 3337 134 3377 urbs
156 3339 276 3379 Roma
297 3339 318 3379 a
341 3343 505 3383 Romulo
524 3343 563 3386 iu
593 3353 723 3384 monte
748 3344 910 3396 Palatino
932 3357 982 3385 xx.
1006 3346 1085 3395 Kal.

1170 1282 1228 1313 tur
1251 1275 1337 1312 anni
1378 1284 1446 1312 00.
1488 1285 1556 1312 00.
1587 1286 1790 1314 cccxxxix.
1843 1277 1928 1314 I-lac
1959 1286 2083 1316 autem
2111 1279 2156 1316 de
2179 1292 2218 1318 rc

1169 1324 1391 1363 consulenda
1419 1325 1499 1363 sunt
1526 1336 1620 1373 quae
1648 1334 1731 1363 ante
1762 1327 2061 1377 quinquennium
2089 1329 2127 1367 in
2154 1330 2217 1370 lib.

1168 1388 1248 1413 xxv,
1278 1375 1624 1423 Metamorphoseos
1648 1375 1760 1416 edidi.
1789 1378 1903 1416 C10F.

1216 1426 1300 1463 802.
1328 1425 1474 1475 Jttffon]
1504 1425 1650 1473 Justum
1670 1428 1717 1476 est
1739 1428 1847 1467 Bern.
1865 1429 2041 1479 visumest
2062 1430 2217 1479 septem

1157 1477 1288 1526 jussum
1308 1476 1355 1525 est
1375 1485 1457 1514 tres.

1219 1527 1304 1576 805.
1331 1527 1458 1576 Saliisse
1480 1536 1578 1577 pecus
1600 1557 1610 1573 ,
1630 1529 1756 1579 saliiffie
1786 1529 1951 1579 colonos.]
2007 1531 2145 1582 Saluiffl’
2165 1545 2212 1572 ex

1164 1577 1381 1616 austoritate
1402 1578 1570 1617 Prisciani
1599 1579 1660 1617 lib.
1680 1594 1710 1618 1.
1729 1593 1808 1631 pag.
1828 1583 1913 1629 906.
1942 1583 1980 1618 ὃς
2013 1583 2211 1622 meliorum

1164 1628 1336 1667 codicum
1374 1638 1583 1677 reponatur.
1621 1631 1765 1670 Herus.
1819 1632 1906 1671 Vid.
1939 1632 2208 1673 Gifan.1ndic.

1164 1680 1314 1718 Lucret.
1331 1680 1368 1717 in
1389 1679 1523 1728 dtffilui.

1212 1730 1298 1769 806.
1327 1730 1456 1767 Natali
1477 1743 1570 1768 nunc
1597 1745 1751 1781 quoque,
1781 1740 1889 1771 Roma
1907 1763 1917 1780 ,
1955 1734 2052 1783 tum]
2107 1736 2208 1774 Nam

1160 1780 1295 1819 eodem
1335 1793 1390 1818 xi.
1425 1781 1607 1818 Kalendas
1643 1784 1701 1820 illa
1752 1784 1908 1822 condita.
1973 1786 2204 1823 Plutarchus:

1151 1829 1233 1871 ''Ox-t
1253 1830 1308 1884 μᾙ
1326 1826 1395 1874 {tvi
1422 1832 1530 1873 κτίσις
1559 1835 1665 1885 ipee'pqc
1686 1832 1808 1884 finiat-ro
1836 1838 1879 1888 τῇ
1910 1838 1969 1888 πρὸ
1999 1835 2110 1874 ἕνδεκα
2143 1854 2210 1874 και-

1157 1887 1279 1927 λοινὸὦν
1296 1886 1412 1926 Maian
1434 1918 1445 1939 7
1478 1889 1711 1937 ὃμολογεῖτοιι·
1738 1892 1796 1940 ³19⁴}
1827 1889 1894 1929 ἠἀ)
1932 1892 2053 1942 ἦμέρφν
2072 1889 2207 1930 ταῦτῦθ

1157 1941 1332 1997 ἑοξταῖξεσι
1352 1944 1528 1995 ‘Potpeoc't‘ot’
1559 1944 1718 1996 stvfflzcot
1739 1947 1767 1984 ἰς
1786 1945 1974 1993 emmelim
1995 1946 2201 1998 ὃνομοίζοῖἷες.

1158 1999 1336 2036 ΝεΑΡοι.

1211 2049 1296 2095 807.
1326 2047 1393 2097 Ipfh
1422 2048 1532 2086 locum
1564 2051 1646 2088 vati
1674 2051 1771 2099 casus
1796 2050 1919 2100 facin]
1974 2051 2084 2100 Casus
2120 2051 2204 2088 vati

1159 2100 1324 2148 plerique
1342 2107 1494 2138 veteres.
1525 2101 1645 2139 Ursini
1674 2102 1763 2140 liber
1784 2104 1820 2139 &
1844 2114 1937 2140 unus
1966 2102 2136 2139 Vatican.
2164 2103 2203 2140 δε

1152 2151 1279 2189 Patav.
1318 2161 1402 2188 cum
1433 2151 1670 2199 Naugeriano
1693 2180 1704 2197 ,
1750 2153 1818 2202 Ipse
1850 2152 1939 2189 locus
1968 2153 2086 2199 causas
2113 2152 2207 2196 vati.

1152 2202 1301 2246 Scribo,
1330 2201 1397 2250 Ipse
1429 2201 1517 2238 locus
1547 2204 1624 2252 casu
1652 2203 1733 2240 vati
1753 2203 1859 2250 facit.
1888 2204 1927 2241 &
1957 2203 2016 2241 adi
2037 2214 2133 2252 quae
2154 2202 2201 2240 de

1151 2253 1220 2290 hac
1242 2252 1434 2290 locutione
1451 2261 1624 2291 notamus
1644 2254 1689 2292 ad
1709 2254 1820 2302 Epist.
1834 2267 1878 2292 11.
1896 2253 1946 2291 vs.
1966 2266 2025 2302 39.
2054 2255 2202 2291 Huius.

1203 2310 1288 2349 808.
1315 2313 1412 2351 Ades
1430 2315 1561 2361 fabiis,
1583 2329 1705 2365 magne
1731 2317 1882 2365 Quirine
1902 2344 1913 2361 ,
1931 2316 2041 2366 tuis.]
2073 2319 2205 2365 Leges·

1145 2361 1341 2409 fastis‚ve1
1357 2366 1455 2412 festis
1472 2393 1482 2409 ,
1499 2366 1689 2415 velsacrt's.
1717 2368 1894 2416 quicquid
1917 2369 2134 2405 obnituntur
2156 2368 2199 2403 li-

1150 2411 1203 2467 bri
1226 2422 1379 2500 &teres
1406 2417 1471 2465 qui
1493 2428 1592 2455 error
1617 2419 1654 2455 ὃς
1675 2418 1757 2455 alibi
1777 2419 1813 2454 in
1835 2419 1933 2455 hisce
1956 2418 2051 2456 libris
2067 2428 2199 2462 occur-⁴

1148 2471 1205 2499 rit.
1275 2476 1377 2502 Erus.

1201 2523 1287 2563 810.
1315 2526 1499 2573 Pastorum
1512 2527 1636 2575 vulgus
1655 2527 1769 2577 erat.]
1798 2528 1945 2575 Pastoris
1965 2527 2200 2574 Zulic11.Pu·,

1147 2579 1188 2610 to
1209 2573 1435 2614 scribendum
1451 2603 1462 2620 ,

1199 2626 1355 2673 Pastores
1369 2629 1504 2675 gemino
1517 2627 1583 2675 sub
1601 2628 1683 2666 duce
1701 2628 1826 2678 vulgus
1849 2640 1961 2668 erant.
1991 2630 2140 2668 Hssms.

1199 2688 1282 2729 811.
1316 2691 1458 2741 Utrique
1473 2693 1673 2743 convenia]
1703 2694 1744 2731 In
1769 2695 1882 2733 soluta
1902 2698 2071 2735 oratione
2093 2697 2195 2735 dice*

1146 2747 1263 2778 retur:
1297 2747 1391 2778 Inter
1410 2753 1598 2792 utrumque
1620 2746 1789 2783 convenit.
1820 2747 1988 2784 Cios-AN.
2023 2747 2123 2786 Vide
2145 2748 2193 2789 ad

1147 2790 1303 2830 Remed.
1323 2804 1406 2838 471·
1435 2804 1576 2843 uterque
1593 2805 1763 2844 quatuor.
1782 2798 1946 2848 utrinque
1966 2798 2087 2836 Vatic.

1197 2841 1280 2881 812.
1308 2843 1525 2892 Ambiguum
1546 2846 1629 2894 est.]
1662 2845 1840 2895 Scriptura
1870 2850 2013 2893 nostra,
2042 2847 2191 2897 ambigis

1146 2900 1218 2929 tur.
1246 2892 1392 2930 Heius.

1199 2942 1282 2980 812.
1311 2944 1466 2980 Nomina
1484 2953 1591 2994 ponat
1610 2946 1728 2996 utem]
1756 2948 2003 2999 Enniusapud
2015 2950 2186 2989 Tullium

1146 2993 1267 3040 primo
1290 2993 1334 3030 de
1353 2994 1619 3034 Divinatione:

1195 3044 1387 3081 Certabant
1402 3073 1411 3090 ,
1441 3046 1558 3083 urbem
1583 3053 1771 3086 Romamne
1791 3056 1980 3089 Rcmamne
2001 3060 2186 3089 vocarent:

1199 3095 1321 3131 Omnis
1341 3108 1423 3132 cura
1443 3097 1531 3134 viris
1552 3109 1627 3134 uter
1646 3101 1718 3147 effe-t
1748 3101 1983 3148 Ina'upcrator.

1147 3144 1269 3200 Nem.
1299 3146 1417 3202 [Jrsin.
1436 3148 1609 3186 Petav.&
1633 3151 1738 3188 multi
1759 3153 1840 3196 alii,
1868 3155 2013 3190 moenia.
2032 3153 2186 3201 sequen-

1143 3203 1192 3231 tia
1225 3205 1444 3236 connrmant
1467 3226 1477 3242 ,
1517 3200 1720 3237 Arbitrium
1748 3204 1912 3238 Romu'us
1950 3203 2042 3238 ttrbis
2070 3203 2187 3237 halet,

1144 3257 1354 3294 quanquam
1376 3250 1413 3285 ὅ(
1434 3248 1479 3286 de
1501 3251 1658 3287 nomine
1674 3263 1817 3290 verum.
1834 3254 1931 3290 unde
1955 3253 2112 3291 Ennius,

1196 3297 1388 3338 Certabant
1407 3299 1524 3338 urbem
1545 3307 1692 3340 Romam
1711 3303 1937 3341 Remttlamne
1955 3309 2137 3337 revocarent..

1143 3345 1290 3388 Heius.
1545 3349 1573 3353 ἡ
1711 3351 1717 3354 ”

1280 3395 1291 3398 “
1995 3399 2034 3437 ἓνῘ
2047 3397 2180 3448 §Idu-⁴
