2495 3675
512 159 1452 241 FASTORUM
1561 178 1866 245 LIB.I.

393 300 610 357 Servata
636 301 771 354 male
795 309 944 370 parte
970 291 1137 346 boum
1155 288 1293 360 Jove
1319 303 1470 346 natus
1497 291 1701 351 abibas:

171 425 175 429 .
252 380 354 444 560

467 374 740 445 Mugitum
773 384 935 423 rauco
964 365 1104 420 furta
1132 362 1337 418 dedere
1361 365 1509 421 sono,

389 447 620 518 Accipio
643 448 990 502 revocamen,
1029 438 1128 498 ait;
1171 454 1475 512 vocemque
1499 439 1708 498 secutus

465 518 623 589 Impia
647 533 742 587 per
768 514 913 568 filvas
938 515 1083 567 ultor
1110 508 1177 563 ad
1202 524 1347 565 antra
1376 513 1539 567 venit.

390 593 476 647 Ille
504 589 706 642 aditum
731 586 880 642 fracti
904 584 1290 657 praestruxerat
1314 584 1486 655 objice
1512 589 1737 643 montis:

458 661 568 716 Vix
587 659 710 731 juga
735 659 1016 714 movissent
1040 657 1281 732 quinque
1309 656 1386 711 bis
1420 659 1548 714 illud
1575 679 1724 730 opus,

243 746 341 809 565
379 735 582 792 Nititur
609 733 695 787 hic
721 733 986 796 humeris,
1027 731 1267 801 (coelum
1292 748 1513 803 quoque
1540 732 1745 789 sederat
1769 736 1892 809 illis)

454 806 527 861 Et
554 806 756 860 vastum
780 819 935 860 motu
959 803 1320 860 collabefafiat
1349 822 1498 859 onus,

386 880 554 954 Quod
579 878 727 934 fimul
757 879 992 934 evulsum
1023 878 1125 941 est,
1162 878 1345 949 fragor
1372 879 1588 934 aethera
1615 881 1804 936 terruit
1831 883 2031 955 ipsum3

451 952 662 1026 Istaque
688 951 917 1008 subsedit
946 952 1189 1024 pondere
1214 952 1370 1007 molis
1395 951 1603 1008 humus

142 1166 223 1215 562.
252 1165 362 1205 Vilior
383 1165 431 1204 ad
451 1164 598 1216 antra]
638 1164 774 1204 Melius
795 1172 901 1205 vetus
921 1164 1057 1210 lectio,
1087 1163 1142 1200 ul·

89 1224 143 1255 tor
159 1218 207 1255 ad
225 1228 332 1256 antra
353 1217 464 1256 venit.
484 1226 525 1256 ut
544 1217 674 1267 Virgil.

263 1304 327 1314 ——
353 1303 415 1313 -—
441 1295 527 1320 nam
549 1282 729 1320 maximus
750 1282 843 1321 ultor

135 1335 326 1382 Tergemini
351 1349 427 1372 nece
448 1334 613 1383 Geryonis
628 1332 811 1384 spoliisque
824 1332 989 1384 superbus

137 1383 284 1423 Alcides
302 1387 438 1423 aderat.
468 1386 658 1423 NAUGER.

83 1441 153 1481 Pro
168 1445 280 1482 vietor
299 1446 397 1483 reete
421 1447 532 1483 etiam
555 1445 768 1484 vetustiores
789 1444 894 1488 libri,
915 1443 1023 1485 ultor.
1049 1443 1136 1482 Vir-

85 1494 149 1540 gil.
168 1496 204 1533 in
223 1496 290 1533 hac
313 1496 440 1534 eadem
466 1496 692 1540 narratione,
721 1507 812 1534 vm.
829 1506 913 1533 201.

135 1565 198 1573 *-
224 1567 295 1576 -—-
323 1561 406 1584 iiam
433 1547 610 1584 maximus
629 1546 722 1583 ultor

137 1597 328 1645 Tergemini
344 1611 421 1634 nece
438 1602 612 1647 Geryonae
622 1597 806 1648 spoliisque
820 1596 987 1647 superbus

138 1646 288 1684 Alcidas
308 1648 442 1685 aderat.

83 1707 308 1746 quamquam
329 1698 470 1736 victoris
488 1711 632 1738 nomen
655 1699 810 1738 Herculi
830 1700 1013 1747 peculiare
1028 1728 1039 1745 ,
1063 1711 1134 1738 un-

84 1747 130 1784 de
150 1748 259 1786 etiam
280 1751 450 1798 geminae
470 1750 577 1789 aedes
599 1751 738 1788 Herculi
757 1751 882 1788 victori
902 1752 1049 1789 Romae
1069 1751 1133 1789 de-

86 1797 249 1843 dicatae,
280 1812 351 1838 una
371 1801 417 1839 ad
440 1811 586 1850 portam
614 1801 873 1852 Trigeminam
889 1831 901 1848 ,
929 1803 1038 1840 altera
1054 1831 1063 1847 ‚
1093 1804 1132 1840 in

85 1848 170 1886 foro
202 1849 329 1889 boario
349 1879 360 1897 ‚
399 1852 445 1890 de
479 1853 610 1903 quibus
640 1853 852 1891 Macrobius
883 1854 1130 1892 Saturnalium

82 1897 174 1937 libro
196 1913 246 1939 tv.
267 1913 343 1951 cap.
366 1914 398 1952 3.
427 1903 511 1942 Sex.
538 1904 657 1942 Rufus
672 1932 682 1949 ,
710 1904 894 1942 Viftor&
916 1905 974 1942 alii
997 1906 1034 1943 in
1047 1906 1126 1944 De·

83 1947 277 2000 scriptione
297 1953 408 1992 Urbis
422 1982 434 1999 ‚
463 1955 502 1992 δε
521 1954 666 1993 Servius
690 1955 734 1993 ad
752 1956 810 1993 illa
834 1956 1021 2002 Maronis,

386 2025 458 2035 —-
483 2027 546 2036 —
572 2005 655 2043 haec
674 2006 811 2044 lumina
831 2007 944 2044 vie'lor

132 2051 276 2090 Alcides
295 2053 411 2100 subiit.
439 2057 586 2095 Hnms.

134 2104 217 2152 563.
244 2104 359 2154 objice
378 2108 546 2158 montis.]
586 2108 696 2145 Strati
715 2117 766 2157 pr.
786 2108 888 2158 objice
898 2109 983 2159 saxi
1002 2110 1128 2158 Junia·

81 2153 130 2190 ni.
178 2155 416 2202 Perflruxerat
458 2160 639 2197 nonnulli.
675 2165 782 2197 mox·
813 2170 890 2209 opus
932 2162 1128 2200 Pembrok.

81 2204 232 2243 Thuan.
260 2207 298 2244 ὃς
332 2209 470 2247 Mazar.
490 2211 591 2259 quod
611 2211 776 2259 praefero
795 2239 805 2256 ‚
825 2213 910 2261 quia
931 2226 1015 2249 onus
1036 2225 1128 2251 mox

80 2254 250 2304 sequitur.
285 2258 334 2296 ita
370 2267 411 2298 ut
442 2261 501 2298 vel
528 2262 593 2299 hic
629 2262 687 2299 vel
719 2262 765 2300 ibi
800 2261 840 2299 fit
873 2263 1127 2312 recipiendum

78 2314 167 2353 opus.
207 2319 292 2346 nam
323 2317 401 2358 opus
430 2311 475 2348 de
503 2313 770 2351 munitionibus
805 2315 951 2362 proprie
985 2316 1128 2354 dicitur.

81 2355 129 2412 ita
149 2357 238 2395 haec
258 2371 336 2407 pars
356 2363 493 2400 montis
515 2373 593 2412 opus
613 2363 710 2412 quasi
727 2392 736 2408 ‚
761 2365 797 2401 &
814 2365 952 2403 vallum
970 2367 1029 2410 ‚&
1044 2379 1127 2405 mu-

81 2415 209 2444 nimen
236 2412 329 2448 antri
342 2421 427 2449 erat.
455 2425 547 2450 mox
569 2416 684 2462 aptius
700 2442 710 2458 ‚
730 2427 839 2458 onus,
866 2417 951 2465 quia
975 2429 1127 2467 compa-

84 2463 136 2491 rat
156 2459 263 2494 coelo
277 2486 288 2502 ,
316 2461 418 2508 quod
444 2462 559 2500 fuerat
573 2465 719 2510 sarcina
739 2466 894 2504 Herculi
907 2482 920 2509 ;
948 2476 989 2505 ut
1015 2478 1128 2507 vocat

85 2503 153 2553 Ep.
172 2518 224 2543 ΙΧ.
254 2508 310 2555 58.
339 2509 470 2546 ssunm.

135 2557 203 2604 565
234 2559 433 2609 flameris]
464 2559 746 2599 Arondelianus.

134 2607 276 2643 Nititur
296 2608 351 2644 hic
374 2609 515 2646 humero
527 2626 538 2654 ;
570 2612 696 2648 coelum
717 2626 847 2662 quoque
858 2613 998 2660 sederat
1025 2615 1092 2654 illi.

77 2655 224 2694 ΗειΝς.
254 2658 341 2695 Hoc
353 2659 530 2698 distichon
544 2661 666 2700 deerat
687 2664 723 2700 in
737 2663 963 2711 Hugeniaxno
983 2665 1127 2712 codice,

81 2707 176 2745 &in
206 2709 381 2747 Mazarin.
411 2715 565 2761 margini
587 2723 661 2752 erat
687 2714 917 2762 adscriptum.
954 2715 1125 2755 Francius

79 2756 222 2806 legebat
237 2788 247 2803 ‚
279 2760 421 2799 Nititur
439 2762 496 2799 hic
512 2763 663 2801 humeris
681 2765 694 2812 (
709 2763 836 2801 coelum
857 2765 951 2816 queis
962 2765 1125 2816 sederat)

82 2807 151 2845 illis
167 2837 179 2853 ,
203 2814 247 2846 Et
268 2811 405 2858 vastum
425 2825 520 2850 motu
544 2815 781 2862 collabefaflat
801 2829 897 2854 onus.

131 2860 212 2908 565.
240 2862 415 2913 Sederat.]
478 2864 619 2913 Sustulit
666 2867 818 2904 Thuan.
856 2864 916 2905 sed
944 2868 1127 2917 sarcinam

71 2908 187 2958 sedere
207 2912 296 2950 dixit
319 2914 449 2953 Noster
467 2928 520 2953 xv.
543 2917 648 2966 Epist.
668 2930 726 2964 24.
750 2919 787 2955 &
809 2930 901 2957 vixx.
921 2931 982 2967 94.

131 2962 213 3009 567.
243 2964 348 3012 Quod
369 2964 478 3014 fimul
497 2973 654 3015 eversum
674 2968 756 3018 est.]
812 2969 869 3007 Sic
900 2970 1014 3009 iidem
1045 2972 1122 3010 libri

81 3019 231 3051 veteres.
262 3015 372 3053 Vere.
410 3016 578 3055 CiorAN.
607 3019 681 3057 Alii
713 3020 847 3057 habent
869 3047 878 3064 ,
909 3021 1123 3072 quodst'mul

82 3061 240 3107 evulsum
260 3065 313 3112 esl.
351 3066 524 3117 Virgilius
553 3070 590 3107 in
618 3082 655 3107 re
688 3069 795 3108 simili
824 3072 945 3122 avulso
967 3074 1046 3113 usus
1066 3076 1128 3117 est.

77 3109 187 3151 Unde
216 3114 264 3153 fic
300 3118 424 3156 malim
462 3121 497 3158 in
529 3121 663 3159 Nostro
699 3122 819 3171 legere
841 3150 852 3168 ,
888 3124 993 3172 Qod
1013 3123 1124 3174 simul

81 3163 239 3211 avulsum
252 3166 305 3213 est.
334 3168 416 3207 Nec
436 3172 583 3220 ambigo
604 3173 651 3209 ita
673 3170 692 3209 {1
714 3173 888 3221 germana
901 3187 1013 3215 manu
1027 3178 1119 3219 olim

82 3209 259 3260 scriptum.
279 3219 452 3258 ΝεΑΡοῐ..
481 3224 623 3260 Primae
636 3223 816 3262 editiones
835 3226 999 3276 &scripti
1010 3230 1120 3277 quin-

83 3271 177 3307 que,
199 3267 366 3316 evulsum.
401 3271 448 3309 fic
466 3272 577 3323 evulfi
595 3274 711 3311 trunci
740 3276 871 3314 Horat.
890 3289 967 3317 111.
1000 3279 1061 3317 od.

2127 1033 2244 1091 Pri-

1199 1163 1362 1214 adversos
1395 1162 1469 1214 ipfis
1494 1165 1622 1214 avulsa
1652 1166 1818 1205 rotabant
1846 1167 2038 1207 Moenibus.
2077 1181 2162 1210 cum
2190 1175 2247 1215 Tb

1197 1214 1241 1259 est
1264 1212 1283 1250 a
1306 1217 1491 1255 nonnullis
1520 1218 1607 1256 absit
1638 1218 1848 1265 codicibus,
1875 1220 2104 1259 scribendum
2129 1231 2253 1271 put09„

1198 1267 1277 1312 930
1289 1264 1401 1314 fimul
1418 1267 1541 1306 avulso
1565 1297 1576 1314 ,
1610 1271 1671 1307 vel
1692 1269 1823 1310 averso.
1853 1279 1893 1309 ut
1921 1272 1958 1309 ἂ
1982 1271 2045 1311 lib.
2066 1285 2122 1310 xx.
2150 1274 2244 1316 Met.

1197 1326 1325 1452 12}q
1337 1365 1450 1425 fitnul
1460 1369 1577 1420 evulsi>
1588 1371 1736 1421 sanguis
1748 1382 1807 1424 per
1829 1382 2019 1424 utrumque
2033 1378 2198 1423 foramen

1189 1429 1459 1510 nammiss‘ss'i'ex
1481 1473 1598 1519 meis,
1626 1475 1706 1523 (ἔξω
1717 1474 1828 1525 fimat
1846 1477 2017 1526 evulsum,
2045 1478 2084 1516 s<
2102 1477 2245 1529 lib.v1.{

1189 1530 1320 1619 2.ςᾷιο
1332 1571 1442 1622 simul
1462 1575 1579 1613 educ‘lo
1594 1585 1679 1626 pars
1698 1577 1742 1625 est
1760 1578 1933 1628 pulmonis
1953 1579 1992 1616 in
2013 1579 2131 1617 hamis

1189 1627 1409 1724 &illiba-ue
1427 1677 1515 1716 loco
1528 1678 1582 1715 ‘rb
1600 1679 1641 1723 est
1661 1680 1697 1717 in
1716 1679 1839 1717 multis
1857 1680 1994 1728 scriptis
2015 1680 2243 1726 defiderabaJ,

1189 1732 1258 1763 tur.
1287 1726 1354 1764 nifi
1377 1730 1494 1767 mavis
1510 1757 1520 1772 ‚
1547 1730 1617 1766 Cui
1637 1728 1750 1771 fimul.
1779 1729 1864 1767 vide
1884 1731 2003 1768 Notas
2024 1731 2158 1769 Amor.
2181 1733 2243 1771 lib.

1187 1787 1216 1813 1.
1244 1776 1375 1815 El.1v.
1407 1779 1461 1822 ybs.
1488 1793 1517 1817 1.
1555 1781 1593 1817 in
1624 1780 1803 1819 Tristibus
1833 1793 1870 1818 v.
1900 1781 1955 1819 El.
1974 1793 2009 1819 x.
2041 1794 2102 1830 29.
2130 1780 2242 1830 simul

1187 1826 1283 1865 nobis
1301 1827 1462 1867 babitare
1482 1831 1573 1869 dixit
1597 1843 1663 1880 pro
1695 1845 1773 1869 cum
1802 1831 1908 1870 nobis.
1951 1833 2000 1870 ita
2033 1834 2132 1870 enim
2161 1833 2242 1872 libri

1187 1887 1342 1918 veteres.
1360 1879 1464 1930 saepe
1485 1883 1520 1920 in
1542 1882 1596 1919 his
1615 1882 1803 1933 elegantiis
1821 1891 2028 1932 peccatum.
2047 1884 2145 1934 apud
2156 1884 2245 1932 Ma:

1183 1940 1316 1968 ronem
1341 1931 1493 1971 AEneid.
1524 1945 1561 1972 v.
1587 1945 1671 1982 357.

1234 1986 1281 2018 Et
1295 1980 1406 2031 fimul
1425 1983 1479 2021 his
1498 1984 1599 2022 dictis
1611 1985 1742 2033 faciem
1753 1986 1958 2035 ostentabat.

1182 2030 1275 2070 libro
1295 2046 1348 2071 x1.
1371 2034 1457 2082 827.
1678 2075 1682 2078 .

1238 2084 1352 2121 Simul
1369 2085 1425 2123 his
1443 2085 1546 2124 dietis
1566 2087 1747 2139 linquebat
1770 2088 1926 2126 habenas
1945 2090 2097 2128 Herus}

1159 2173 1163 2176 ,
1184 2134 1331 2184 Virgilii
1350 2135 1474 2184 locus,
1501 2149 1617 2188 quem
1636 2141 1758 2179 innuit
1778 2140 1978 2190 Neapolis,
2007 2142 2055 2180 est
2074 2139 2242 2188 libam}

1186 2197 1207 2222 2
1265 2215 1274 2224 .

1213 2197 1370 2276 3{horter
1385 2239 1424 2276 in
1445 2240 1633 2291 adversam
1653 2242 1766 2280 nitens
1779 2240 1933 2291 concuffit
1947 2271 1959 2290 ,
1987 2253 2032 2284 (θ’
2052 2242 2135 2281 imis

1236 2290 1419 2338 Avulsam
1429 2291 1545 2340 solvit
1565 2293 1751 2331 radicibus.

1176 2351 1287 2402 fimul
1318 2365 1408 2392 vero
1438 2356 1595 2395 construi
1628 2369 1712 2395 cum
1745 2357 1907 2396 ablativo
1940 2359 2047 2398 latius
2076 2357 2121 2396 ad
2152 2356 2238 2396 val:

1184 2404 1281 2442 Flac.
1301 2417 1354 2442 1v.
1376 2405 1435 2450 87.
1463 2407 1709 2446 ostendemus.
1742 2408 1873 2447 Euam.

1235 2457 1319 2503 567.
1346 2456 1496 2493 AEthera
1515 2459 1640 2494 terruit
1660 2458 1809 2507 ipsum]
1841 2459 1901 2496 Ab
1921 2458 2056 2498 eodem
2069 2457 2231 2507 Virgilio

1180 2514 1370 2542 mutuatus
1393 2506 1489 2541 hanc
1509 2506 1718 2549 ὑπερβολήν.
1746 2509 1929 2547 ΝεΑυοῐ..

1237 2553 1320 2600 567.
1355 2554 1494 2590 Terruit
1511 2555 1659 2606 ipsum.]
1707 2557 1867 2595 Verberat
1896 2560 2050 2598 Sarravvii
2081 2569 2148 2606 pro
2181 2556 2239 2596 (li-¹

1183 2603 1283 2690 vedrsa
1302 2603 1479 2642 lectione.
1517 2612 1680 2644 concutit
1701 2615 1771 2645 tres
1791 2609 1850 2647 alii
1883 2611 1922 2647 ὃ(
1942 2611 2125 2659 postrema
2145 2608 2234 2647 Aldi

1185 2653 1217 2689 E
1244 2654 1323 2692 iti0.

1239 2703 1321 2752 568.
1352 2706 1492 2756 Iflaque
1509 2705 1660 2756 subsedit
1678 2708 1822 2755 pondere
1838 2709 1950 2746 mol'is
1961 2709 2121 2760 humus.]
2142 2713 2238 2754 Ponaf

1181 2754 1259 2791 dere
1288 2755 1388 2792 molis
1427 2756 1549 2805 primo
1591 2758 1787 2806 legendum
1829 2772 1912 2798 cum
1945 2761 2238 2811 castigatioribus

1179 2805 1326 2854 scriptis.
1355 2806 1514 2852 deinde,
1536 2819 1602 2856 pro
1624 2810 1718 2854 icta,
1744 2810 1895 2860 quidam
1918 2822 1964 2849 ex
1991 2813 2202 2851 melioribus
2215 2840 2236 2858 ,,

1182 2856 1373 2907 Jaffaque.
1402 2865 1496 2903 tres,
1526 2864 1702 2908 Laxaque.
1730 2861 1830 2904 duo²
1861 2863 2045 2913 Lassaque.
2087 2863 2234 2901 Zulich.

1183 2916 1330 2956 oraque,
1358 2908 1406 2946 fic
1425 2917 1464 2946 ut
1482 2910 1599 2956 prima
1620 2910 1722 2948 litera
1749 2911 1984 2950 desideretur.
2030 2914 2232 2963 Vulgatam

1182 2969 1260 2995 non
1284 2967 1404 2997 muto.
1433 2959 1544 2997 Trist.
1571 2972 1596 2996 i.
1633 2960 1736 3010 Eleg.
1757 2975 1807 2999 xx.
1835 2963 1880 3000 de
1902 2965 2002 3002 navi.
2024 2970 2095 3001 Nec
2110 2964 2233 3012 saevis

1180 3008 1249 3045 itia
1261 3009 1400 3057 fatiscit
1421 3010 1534 3059 aquis.
1563 3012 1600 3048 δε
1621 3011 1690 3048 icta
1714 3011 1818 3061 hostia
1838 3026 1904 3062 pro
1928 3014 2087 3063 percussa
2107 3016 2233 3053 Meta·

1185 3061 1330 3108 morph.
1363 3060 1531 3099 dicentur
1560 3061 1660 3109 plura
1696 3074 1798 3101 mox.
1836 3064 1890 3108 >is
1920 3077 2007 3106 720.
2043 3066 2128 3103 Stat.
2159 3077 2237 3103 xxx..

1186 3109 1308 3150 Theb.
1333 3114 1407 3149 leta
1425 3113 1532 3162 gemit
1548 3112 1817 3152 talassium.
1849 3117 1987 3154 Anson.
2008 3117 2118 3166 Epist.
2140 3126 2235 3163 xxv,

1459 3164 1614 3211 sonitum
1634 3164 1724 3203 dant
1734 3166 1869 3216 pulpita
1882 3167 1985 3217 saltu

1295 3215 1367 3252 Iffa
1380 3216 1509 3265 pedum

1083 3293 1117 3329 4,
1175 3277 1237 3318 ubi
1259 3279 1297 3318 &
1319 3279 1408 3319 Mss.
1438 3283 1546 3321 taeta.
1575 3284 1720 3334 aftaque
1750 3283 1896 3322 Moreti
1914 3295 2019 3324 unus.
2040 3281 2114 3320 vid.
2132 3281 2234 3331 suprL

83 3311 257 3362 Neapolis
278 3320 401 3369 malit,
427 3324 607 3375 avulsum.
635 3325 723 3365 Stat.
741 3338 776 3366 x,
796 3328 882 3378 629.
909 3333 1118 3380 Saxae-quein
1170 3329 1225 3376 als.
1251 3342 1333 3380 514.
1350 3329 1502 3384 subsidit
1524 3335 1681 3375 malebat
1703 3334 1885 3375 Francius,

2018 3381 2105 3429 569·
2132 3383 2228 3434 ‚Cels
