2495 3675
169 129 270 209 818

644 150 705 206 P.
781 145 1195 206 OVIDII
1267 140 1802 204 NASONIS

474 249 603 303 Non
629 265 734 320 ego
757 248 987 303 crudelis
1005 284 1019 309 ‚
1053 247 1279 316 juvenes
1301 239 1592 311 ignoscite,
1631 240 1804 306 dixit;

556 322 712 376 Sacra
735 322 828 376 suo
851 321 991 375 facio
1017 316 1316 372 barbariora
1340 315 1481 367 loco,
1518 334 1524 340 ·
1878 326 1881 329 ·

475 393 635 449 Ritus
662 395 704 449 is
733 395 807 448 est
832 393 1021 465 gentis.
1063 391 1168 459 qua
1195 404 1289 441 vos
1317 399 1497 440 tamen
1523 386 1655 441 urbe
1682 386 1906 443 venitis?

334 468 401 522 80

551 468 752 540 Quove
781 481 965 536 parum
989 459 1353 542 fausta-puppe
1379 457 1576 530 petistiS
1604 461 1740 514 iter?

419 577 422 581 Δ
478 541 658 597 Dixit:
703 541 786 598 δε,
824 535 1010 588 audito
1035 546 1233 605 patriae
1261 534 1342 601 pia
1369 532 1588 586 nomine
1612 533 1795 604 virgo,

544 611 835 666 Consortes
865 608 1008 662 urbis
1033 606 1300 676 comperit
1325 603 1429 658 esse
1455 604 1590 659 suae.

470 687 625 741 Alter
652 696 702 735 at
732 699 762 735 e
789 680 969 744 vobiS‚
1010 680 1186 751 inquit
1206 718 1219 736 .
1263 677 1416 731 cadat
1445 676 1642 743 hostia,
1680 677 1811 733 sacri

554 757 642 809 Ad
672 754 863 827 patrias
889 753 1039 808 sedes
1063 752 1278 807 nuntius
1303 751 1434 804 alter
1459 763 1559 806 eat.

334 831 398 900 85
473 830 552 884 Ire
570 830 720 899 jubet
749 827 974 900 Pylades
1000 843 1183 880 carum
1211 826 1477 894 periturus
1504 823 1749 878 Oresten.

553 901 666 956 Hic
701 915 883 971 negat:
925 900 1088 970 inque
1116 898 1288 952 vicem
1315 910 1515 968 pugnat
1544 910 1772 970 uterque
1798 899 1952 955 mori.

474 973 690 1029 Exstitit
713 974 818 1028 hoc
845 990 1040 1035 unum,
1078 988 1190 1044 quo
1213 986 1324 1023 non
1349 970 1666 1024 convenerit
1702 969 1815 1026 illis.

550 1048 746 1101 Cetera
777 1063 869 1118 par
897 1062 1126 1099 concors
1153 1044 1205 1097 &
1234 1042 1341 1096 fine
1368 1042 1459 1096 lite
1488 1041 1603 1096 fuit.

477 1120 626 1175 Dum
654 1132 915 1191 peragunt
939 1118 1146 1190 pulchri
1165 1117 1389 1187 juvenes
1417 1129 1694 1170 certamen
1717 1117 1945 1181 amoris;

329 1212 400 1262 90

546 1193 638 1247 Ad
667 1193 890 1246 fratrem
915 1193 1130 1263 scriptas
1153 1201 1333 1245 exarat
1363 1187 1447 1241 illa
1473 1201 1640 1243 notas,

475 1266 566 1321 Ad
593 1265 811 1320 fratrem
839 1265 1085 1320 mandata
1110 1263 1296 1326 dabat,
1335 1260 1530 1332 cuique
1555 1262 1638 1316 illa
1665 1259 1955 1326 dabantur,

547 1338 871 1409 (Humanos
897 1337 1043 1394 casus
1068 1336 1309 1409 adspice)
1347 1334 1512 1389 frater
1538 1347 1665 1391 erat.

186 1616 310 1652 neque
325 1604 424 1644 enim
448 1605 507 1643 illa
527 1614 660 1653 aquam
683 1603 902 1652 patera,sed
921 1605 1052 1644 vinum
1073 1601 1237 1643 affudiffe

186 1659 325 1697 hostiae
345 1657 569 1705 intelligitur.
595 1656 773 1693 chnn.

241 1735 301 1774 74.
331 1722 521 1772 Ambiat.]
573 1721 701 1759 Ambit
730 1731 768 1758 ut
798 1734 903 1761 unus.
931 1722 1107 1760 Heinfius
1129 1721 1236 1761 vole·

186 1775 269 1821 bat,
298 1776 427 1812 Ambit
448 1785 491 1814 ω’
514 1773 608 1810 hinc.
627 1773 909 1823 deinde,flavas
927 1781 998 1812 tres
1017 1773 1110 1812 libri.

238 1849 306 1889 75.
333 1838 518 1888 Sacrum]
550 1838 662 1875 Sacris
683 1849 791 1876 unus.

242 1902 301 1946 76.
331 1901 474 1937 Invenit
497 1900 565 1948 ipsa
587 1899 739 1950 morae.]
770 1901 922 1940 Rectius
937 1899 1152 1946 Leidenfis,
1180 1914 1238 1938 us·

187 1966 264 2002 que.
294 1952 436 1989 Hnms.
489 1951 640 1999 Repperit
670 1951 735 1988 illa
766 1951 918 1990 Thuan.
948 1951 1012 1988 illa
1032 1951 1121 1990 editi
1140 1963 1239 1990 non-

188 2003 279 2041 nulli
303 2003 341 2041 &
362 2003 435 2040 Ms.
456 2001 592 2040 Bersm.

241 2064 300 2111 78.
329 2071 434 2102 Sacra
448 2066 512 2113 suo
529 2064 622 2111 facio
640 2062 844 2102 barbariora
866 2062 971 2113 loco.]
998 2064 1133 2111 Forte,

240 2134 345 2165 Sacra
365 2142 436 2166 meo
453 2128 548 2174 facio
570 2127 775 2165 barbariora
786 2126 871 2176 solo.

188 2215 277 2242 nam
299 2203 335 2239 in
357 2213 434 2240 uno
457 2200 637 2238 Vosfiano
653 2200 760 2245 ‚lolo,
793 2213 858 2249 pro
871 2200 1043 2248 locavel,
1069 2204 1169 2251 sacra
1184 2200 1240 2250 sui

180 2250 280 2301 facio
301 2251 453 2289 barbara
475 2265 565 2287 more
587 2250 661 2288 loci.
689 2252 836 2290 Hiems.

243 2330 303 2366 79.
337 2318 436 2356 Ritus
457 2318 485 2355 is
505 2318 547 2360 est
562 2317 719 2368 gemis,]
748 2319 880 2358 Malim
898 2349 909 2365 ,
927 2321 1035 2369 genti.
1064 2321 1212 2359 Herus.

244 2381 306 2423 80.
335 2380 523 2431 Quodve]
579 2383 725 2429 {Quoque
747 2411 757 2427 ‚
798 2383 857 2421 vel
891 2387 1045 2435 Quaque
1063 2385 1242 2434 plerique.

191 2434 339 2472 Hems.
366 2433 470 2481 Virg.
492 2445 517 2470 r.
547 2431 698 2470 AEneid.
724 2434 810 2483 369.
848 2434 988 2482 {Quibus
1015 2447 1081 2472 aut
1099 2437 1241 2481 venistis

192 2484 237 2521 ab
258 2485 324 2522 oris
336 2512 346 2529 ‚
361 2485 488 2532 (Quove
509 2480 630 2520 tenetis
648 2483 726 2522 iter.
747 2486 782 2522 ἃ
797 2496 849 2521 ΙΧ.
866 2494 950 2533 377.
978 2489 1104 2534 Qove
1120 2488 1242 2524 tenetis

191 2537 269 2623 eger.
297 2535 438 2581 venistis
458 2534 569 2573 etiam
602 2534 707 2573 versu
735 2535 922 2585 superiore
941 2537 1032 2576 Mss.
1053 2538 1241 2577 Bersman.

228 2600 326 2624 uam.

247 2650 307 2691 82.
335 2652 485 2701 Repperit
507 2650 593 2702 effe]
625 2650 727 2691 Libri
748 2659 890 2692 veteres
905 2654 1098 2704 ,comperit.
1126 2654 1240 2696 Cxof.

245 2712 307 2755 83.
337 2714 443 2750 Alter
464 2725 503 2750 ut
533 2716 551 2751 *e
580 2714 678 2751 vobis
704 2714 822 2764 inquit
845 2717 950 2755 cadat
971 2718 1078 2759 hostia
1090 2718 1238 2769 sacris.]

193 2763 328 2852 {sersus
350 2764 557 2804 mendosus.
586 2777 655 2804 nec
678 2766 814 2816 juvant
843 2767 923 2806 libri
954 2778 1108 2809 veteres.
1145 2771 1239 2809 Scri-

224 2826 265 2860 e,
735 2825 741 2831 ·

248 2876 433 2914 Alteruter
459 2880 551 2917 votis
565 2907 575 2924 ,
601 2879 740 2932 inquit,
766 2881 871 2919 cadat
891 2882 1000 2931 hostia
1015 2885 1133 2929 [acris.

195 2951 284 2976 vora
301 2939 403 2986 sacra
426 2967 437 2983 ‚
464 2951 505 2978 ut
533 2943 665 2989 templa
687 2955 731 2983 <9¹
751 2943 895 2981 delubra
918 2958 1003 2985 vota
1017 2976 1027 2992 ,
1054 2958 1140 2985 vota
1161 2947 1240 2986 lau·

195 3002 255 3027 rea
275 3017 286 3034 ,
312 2999 414 3024 votus
428 2991 591 3039 sanguis,
620 3004 706 3031 vota
735 2995 884 3032 ‘amima
905 2998 943 3035 &
964 2998 1090 3037 fimilia
1112 3000 1239 3049 paffim

194 3039 293 3129 {pud
314 3038 505 3078 Nostrum.
554 3044 648 3101 Met.
671 3057 725 3083 xx.
755 3057 908 3095 quoque
940 3060 1026 3087 vota
1045 3051 1151 3099 sacra
1177 3052 1249 3090 ha«

223 3102 280 3129 es:

250 3154 428 3252 Vie‘torJab
446 3155 613 3213 Cechalia
632 3163 764 3197 Cenaeo
776 3162 881 3210 sacra
895 3164 1052 3214 parabat

249 3212 338 3242 Vota
396 3220 466 3245 ovt.

200 3274 348 3314 Herus.
376 3275 458 3325 Ego
479 3287 592 3326 parva
610 3278 820 3318 mutatione
837 3279 1015 3332 legerem.
1046 3295 1053 3301 ·

2225 1468 2347 1528 Nec

1343 1598 1451 1639 Alter
1469 1609 1508 1637 at
1529 1600 1548 1638 e
1570 1600 1690 1644 vobis,
1718 1599 1838 1652 inquit
1854 1629 1864 1645 ,
1894 1603 1999 1643 cadat
2015 1598 2121 1653 hostia
2132 1622 2143 1652 3
2164 1609 2261 1659 ῥινὶ

1398 1651 1464 1688 Ad
1481 1652 1618 1701 patrias
1632 1651 1726 1697 sedes
1747 1653 1895 1691 nuntius
1923 1655 2014 1695 alter
2035 1669 2103 1697 eat.

1292 1719 1384 1759 alter
1403 1731 1447 1761 ω’
1467 1721 1539 1758 Ms.
1561 1720 1697 1759 Bersm.
1728 1720 1860 1761 Buam.
2246 1774 2255 1781 ,

1350 1782 1411 1832 83.
1438 1787 1469 1820 E
1488 1782 1584 1819 vobis
1602 1780 1737 1831 dixit.]
1770 1783 1891 1833 Inquit
1909 1784 2022 1823 iidem
2044 1787 2136 1830 libri.
2171 1795 2346 1844 CIOFANJ

1350 1844 1411 1894 85.
1439 1847 1663 1897 Periturus.]
1696 1850 1895 1888 Moriturus
1907 1854 2016 1893 Leid.

1351 1925 1414 1966 86.
1444 1934 1552 1979 Inque
1569 1931 1682 1966 vicem
1709 1930 1887 1980 pugnam]
1928 1939 2036 1984 Inque
2055 1937 2147 1976 vices
2173 1949 2285 1979 certat
2303 1944 2347 1986 Ρ.·

1295 1977 1396 2015 Dan.
1419 1979 1509 2016 vices
1524 1989 1659 2028 pugnat
1674 1980 1837 2028 plurimi.

1351 2039 1410 2087 87,
1438 2042 1581 2088 Exstitit
1600 2043 1660 2081 hoc
1681 2057 1793 2082 unum
1814 2074 1824 2092 ,
1863 2050 1957 2098 quod
1975 2065 2044 2089 non
2073 2067 2279 2098 convenerat
2298 2063 2346 2100 il-

1298 2091 1364 2129 lis.-
1391 2097 1539 2129 Caetera
1563 2103 1643 2150 pars
1666 2108 1799 2134 concors
1828 2110 1871 2154 φ’
1892 2099 1970 2149 fine
1992 2103 2053 2140 lite
2071 2108 2180 2158 suin]
2236 2114 2342 2159 Qod

1297 2156 1367 2179 non
1392 2155 1590 2180 convenerat
1611 2146 1767 2194 Argent.
1797 2149 1933 2199 aliique
1953 2157 2176 2203 complures.
2213 2161 2342 2211 Lege,
2380 2183 2382 2185 ·

1297 2206 1363 2243 quo
1384 2206 1452 2230 non
1491 2197 1690 2233 convenerit
1721 2198 1805 2237 illis.
1834 2210 1873 2239 ut
1899 2202 1979 2251 jam
2012 2210 2146 2246 monui
2177 2211 2339 2254 Remed.

1294 2246 1429 2282 Amor.
1456 2243 1507 2282 vs.
1526 2256 1575 2293 47
1587 2257 1616 2283 r.
1644 2247 1789 2287 Hiems.

1348 2322 1412 2364 88.
1439 2331 1563 2363 Cetera
1583 2337 1665 2377 pars
1694 2330 1867 2381 concors]
1924 2332 2051 2373 Multo
2078 2337 2211 2378 reftius
2233 2370 2244 2387 ‚
2276 2352 2341 2393 par

1296 2387 1441 2433 concors..
1487 2386 1526 2415 ut
1543 2380 1638 2427 apud
1663 2380 1887 2420 Ciceronem
1912 2384 1946 2421 in
1970 2385 2061 2424 libro
2080 2388 2126 2426 de
2149 2392 2342 2437 Amicitia.

1296 2436 1358 2475 vlit
1393 2436 1459 2465 tria
1483 2437 1546 2467 aut
1564 2437 1724 2478 quatuor
1741 2435 1983 2473 nominantur
2001 2440 2097 2485 paria
2119 2444 2342 2487 amicorum.

1295 2486 1432 2532 caetera
1448 2488 1573 2518 autem
1596 2493 1643 2519 eo
1666 2483 1784 2521 modo
1808 2484 1948 2523 dietum
1963 2514 1974 2530 ,
2003 2499 2079 2537 quo
2100 2494 2195 2540 apud
2217 2495 2342 2537 Viror-

1295 2527 1387 2567 hum
1412 2541 1542 2568 caetera
1554 2534 1697 2582 Grajus.
1724 2535 1914 2574 Nausea.
1945 2545 2015 2575 Par
2034 2553 2162 2581 concors
2182 2529 2340 2587 scribe}-

1296 2578 1411 2637 dumn,
1440 2590 1479 2619 ut
1503 2583 1707 2632 Naugerius
1720 2585 1801 2634 jam
1825 2588 1938 2633 vidit,
1968 2594 2114 2628 Caetera
2126 2599 2343 2637 concorsele-

1295 2640 1398 2679 ganti
1418 2632 1634 2672 Graecismo
1654 2663 1665 2680 ,
1703 2643 1744 2674 ut
1773 2649 1906 2675 caetera
1935 2642 2064 2690 Grajus
2089 2643 2271 2695 Virgilio,
2300 2649 2342 2689 δε

1297 2682 1591 2741 nostro,caerera
1605 2685 1735 2735 μῆνες,
1766 2689 1859 2726 Met.
1876 2692 2187 2734 v111.1³arim0d0
2211 2710 2340 2747 pecca-

1295 2739 1377 2770 tum
1397 2734 1447 2772 est
1471 2746 1490 2772 a
1510 2735 1660 2774 librariis
1679 2739 1717 2775 in
1737 2738 1936 2778 Dracontii
1958 2743 2197 2785 Hexemero:
2335 2743 2341 2748 ⁴

1593 2815 1668 2865 sint
1680 2815 1750 2866 fibi
1768 2819 1890 2868 pignus
1909 2831 2053 2871 uterque

1349 2866 1439 2904 Velle
1453 2869 1618 2917 parer&¹
1639 2868 1728 2905 nolle
1738 2878 1837 2917 pares
1851 2899 1861 2915 ,
1890 2885 2003 2910 mente
2021 2887 2094 2911 una
2112 2875 2293 2920 voluntas}

1343 2924 1422 2960 Par
1443 2918 1575 2955 animis
1595 2931 1726 2957 concors
1738 2948 1748 2964 ,
1775 2922 1914 2968 paribus
1934 2924 2110 2962 decurrere
2121 2928 2213 2965 votis
2224 2956 2237 2973 ,

1350 2968 1468 3006 Ambo
1479 2967 1550 3019 fibi
1570 2970 1700 3021 requies
1723 2971 1830 3009 cordis
1839 2971 1915 3022 fint
1930 3003 1939 3019 ,
1968 2975 2069 3013 ambo
2081 2977 2211 3025 fideles.

1298 3049 1349 3088 ita
1373 3059 1474 3089 totus
1494 3051 1599 3089 locus
1615 3051 1834 3093 scribendus.
1862 3057 1978 3104 posset
1998 3061 2037 3097 &
2054 3059 2145 3108 legi,
2175 3067 2252 3099 Pax
2262 3065 2345 3103 ani-⁴

1300 3101 1351 3140 mi
1367 3112 1511 3139 concors.
1532 3103 1673 3142 Hems.
1703 3104 1931 3156 Etfine'labe
1951 3108 2084 3157 septem
2110 3111 2266 3151 codices.
2339 3105 2343 3112 ⁵

1354 3168 1415 3218 89.
1449 3170 1630 3219 Amoris.]
1670 3174 1816 3210 Honoris
1837 3174 1923 3222 Arg.
1945 3175 1981 3209 &
2005 3174 2147 3214 Barber.
2168 3190 2280 3228 mox,
2289 3183 2354 3229 sei

1303 3231 1394 3261 cerat
1423 3219 1487 3257 illa
1507 3231 1607 3258 notas
1628 3222 1700 3259 Ms.
1721 3222 1856 3261 Bersm.
1878 3235 1990 3271 egerat
2009 3225 2099 3265 Exc.
2114 3228 2243 3280 Scalig.

1355 3298 1420 3337 93.
1448 3288 1640 3338 Rapina]
1667 3289 1798 3341 {tapus't
1816 3288 1926 3330 Polit.
2329 3350 2338 3356 ἢ

2190 3358 2253 3397 95.
2279 3352 2357 3398 Mai
