2495 3675
207 182 318 249 3261

690 175 751 232 P.
823 169 1238 233 OVIDII
1311 165 1850 228 NASONIS

520 281 598 336 At
626 291 716 335 tua
740 278 1059 352 supplicibus
1092 274 1286 329 domus
1311 271 1387 327 est
1412 271 1626 329 adsueta
1644 271 1918 344 juvandis:

573 354 644 410 -In
671 369 905 428 quorum
928 363 1153 407 numero
1181 361 1268 402 me
1292 363 1486 420 precor
1512 345 1616 404 effe
1638 347 1783 404 veliS.

224 495 320 538 fuit3
348 494 460 534 etiam
490 505 569 533 non
595 498 766 542 rogatum
787 486 976 527 subvenire
1007 483 1270 528 laborantibus,

228 553 268 583 ut
292 545 436 584 Servius
457 546 503 583 ad
523 546 627 592 Virg.
651 555 739 580 vrri.
764 536 913 577 [fineid.
938 537 1020 583 56²³·
1050 544 1167 574 notat·
1195 546 1272 584 (ΝΟ

229 595 305 633 duo
325 596 454 634 ultima
476 596 582 645 hujus
606 593 752 639 Elegiae
773 587 921 625 disticha
946 586 1091 623 referas.
1120 585 1250 623 ssuum.

282 658 360 684 101.
391 652 470 683 Non
490 656 562 683 exn
582 645 620 681 in
639 644 651 679 i
680 654 722 677 os.
738 639 753 688 ]
770 637 871 674 Altos
884 637 920 674 in
936 637 1114 674 veteribus
1134 636 1278 685 legitur.

1326 481 1387 523 lib.
1409 495 1436 521 1.
1458 483 1562 533 Eleg.
1583 484 1618 522 6.

1384 541 1465 571 Non
1484 535 1580 572 cadit
1600 535 1639 572 in
1659 548 1767 572 mores
1775 534 1906 582 fim'tas
1922 533 2125 573 inamabilis
2143 534 2229 583 istos:

1330 585 1479 624 Hfims.
1532 586 1629 624 Mihi
1651 586 1739 622 altos
1761 598 1838 624 non
1858 584 2043 634 displicet,
2071 595 2111 624 ut
2133 585 2317 635 oppofitio
2329 585 2374 627 fit

1331 635 1449 678 inter,
1471 636 1578 686 serpit
1604 637 1719 674 humo.
1742 649 1807 684 pro
1828 648 1905 683 quo
1931 637 1969 674 in
1991 637 2140 676 Lovan.
2168 637 2277 688 repfit.
2304 650 2373 690 nqrg

233 697 403 735 Ctorau.
430 698 598 746 Plerique
619 701 782 735 veteres,
810 688 921 733 altos;
940 687 1000 727 sed
1015 688 1150 727 frustra.
1173 687 1277 737 supra
1332 685 1460 736 tranfit
1476 687 1515 724 in
1533 688 1620 725 altos
1640 688 1786 734 Jum'an.
1815 687 1947 726 Buam.

231 746 335 797 Eleg.
355 761 401 786 11.

462 798 550 845 lapfi’
567 795 761 844 fitccztrrere
780 791 890 828 amico

282 849 497 899 cqnveniens
516 846 586 895 istis
606 843 754 884 moribus
772 842 828 893 effe
842 851 945 893 puta.

1388 750 1470 784 104.
1502 737 1618 786 Inest]
1649 739 1756 786 Adest
1780 739 1928 788 Regius.

1385 788 1471 829 108.
1499 789 1750 841 supplicibus]
1780 787 1996 841 simplicibus
2013 790 2160 841 Junianq

910 1009 1503 1075 EPISTOLA
1601 1008 1708 1074 lV.

780 1184 1265 1264 RUF

1380 1184 1860 1266 INO.

665 1392 778 1446 Aee
804 1392 898 1446 tibi
932 1409 1040 1446 non
1065 1407 1250 1445 vanam
1276 1390 1543 1462 portantia
1569 1388 1728 1444 verba
1755 1389 2002 1454 salutem,

733 1466 874 1520 Naso
900 1465 1194 1520 Tomitana
1220 1465 1387 1517 mittit
1412 1465 1475 1517 ab
1501 1464 1633 1517 urbe
1658 1478 1809 1524 tuus;

519 1539 705 1610 thue
729 1539 822 1593 suo
848 1540 1018 1593 faveas
1045 1537 1292 1600 mandat,
1334 1535 1563 1600 Rufine‚
1599 1536 1939 1608 Triumpho;

589 1611 648 1664 ln
674 1613 867 1666 vestras
893 1613 1040 1666 venit
1068 1610 1103 1665 fi
1134 1624 1310 1664 tamen
1338 1610 1423 1664 ille
1451 1627 1651 1664 manus,

375 1702 407 1754 5
514 1683 608 1739 Est
633 1702 766 1756 opus
794 1685 1078 1756 exiguum,
1115 1684 1373 1755 vastisque
1399 1683 1663 1755 paratibus
1689 1682 1889 1754 impar,

596 1756 770 1827 Quale
799 1772 976 1812 tamen
1001 1774 1233 1829 cumque
1256 1756 1357 1820 est,
1395 1771 1454 1810 ut
1480 1770 1660 1810 tueare
1693 1773 1845 1828 rogo.

524 1830 702 1884 Firma
727 1831 900 1882 valent
924 1848 1018 1900 per
1047 1829 1096 1881 se
1113 1868 1128 1891 ,
1169 1830 1480 1899 nullumque
1507 1827 1811 1881 Machaona
1837 1839 2132 1900 quaerunt:

593 1901 685 1954 Ad
712 1901 976 1954 medicam
1001 1900 1196 1954 dubius
1223 1901 1467 1970 confugit
1491 1917 1647 1970 aeger
1673 1917 1851 1970 opem.

521 1974 650 2029 Non
679 1990 812 2043 opus
836 1973 910 2026 cst
935 1973 1135 2042 magnis
1161 1973 1373 2042 placido
1398 1971 1595 2025 leffiore
1620 1974 1821 2042 poetis:

381 2064 448 2105 10

284 2309 328 2351 ’ῐῗ
353 2315 446 2349 Haec
474 2308 540 2347 tibi
570 2322 638 2346 non
666 2321 805 2345 vanam
839 2308 1018 2357 portantia
1048 2308 1155 2345 verba
1177 2308 1277 2355 salu—

231 2360 343 2410 ium]
371 2361 626 2399 Commendat
645 2362 713 2397 hac
734 2359 857 2407 Elegia
882 2371 1030 2396 carmen
1053 2359 1126 2396 five
1139 2363 1278 2407 poema

230 2414 337 2452 suum
350 2412 469 2450 Poeta
487 2411 611 2461 ‚quod
626 2412 671 2448 de
689 2410 878 2457 triumpho
892 2410 1034 2447 Tiberii
1055 2410 1278 2458 composue-

230 2473 307 2502 rat:
335 2463 557 2512 excusatque
579 2463 798 2500 tenuitatem
827 2461 942 2505 illius,
971 2460 1143 2508 primo-a
1164 2460 1278 2499 facul-

230 2522 305 2553 tate
325 2515 463 2563 proprii
493 2514 660 2562 ingenii:
700 2511 834 2549 deinde
859 2512 897 2548 &
926 2511 1029 2560 quod
1057 2512 1202 2555 absens,
1232 2512 1278 2549 de

231 2565 339 2602 rebus
378 2566 525 2602 Romae
555 2563 642 2602 astis
665 2591 676 2607 ‚
705 2562 833 2601 auditu
856 2569 1002 2600 tantum
1031 2563 1276 2611 compererit,

233 2626 356 2664 eoque
383 2616 491 2663 plene
514 2616 642 2653 omnia
665 2613 830 2662 persequi
850 2625 928 2650 non
952 2614 1124 2661 potuerit.
1154 2613 1247 2650 Item
1263 2641 1274 2656 ‚

232 2666 337 2714 quod
356 2664 509 2704 assuetus
529 2667 568 2704 &
589 2665 806 2703 exercitatus
826 2663 1001 2702 haetenus
1027 2664 1178 2702 tristibus
1195 2692 1204 2706 ‚
1229 2664 1274 2703 ad

230 2715 327 2753 laeta
344 2716 614 2766 magnificaque
645 2716 704 2753 illa
728 2714 911 2753 tractanda
942 2716 1060 2763 impar
1089 2715 1275 2763 quodam-

235 2766 355 2804 modo
375 2767 496 2805 fuerit.
531 2767 745 2810 Postremo,
774 2766 875 2815 quod
899 2767 936 2803 &
957 2778 1070 2814 genus
1091 2766 1275 2810 carminis,

235 2828 312 2865 quo
331 2817 404 2866 ipse
432 2826 573 2862 utatur,
601 2817 789 2865 aliquanto
810 2817 984 2855 humilius
1005 2817 1069 2859 fit,
1101 2829 1212 2865 quam
1236 2825 1275 2855 ut

236 2867 340 2905 rebus
362 2869 470 2906 tantis
504 2879 546 2905 ac
574 2876 650 2905 tarn
681 2867 887 2905 sublimibus
916 2868 992 2906 satis
1014 2868 1188 2911 sufficiat,
1213 2876 1275 2905 aut

236 2917 462 2965 respondeat.
491 2919 688 2956 Caeterum
709 2918 817 2966 quale
840 2919 954 2966 ipsum
979 2931 1125 2956 carmen
1148 2916 1274 2963 fuerit,

236 2966 313 3004 sciri
335 2977 434 3005 certo
456 2981 531 3007 non
550 2969 685 3016 potest:
715 2968 864 3018 quando
880 2997 889 3012 ‚
903 2979 941 3007 ut
961 2970 1030 3007 alia
1052 2971 1165 3007 multa
1179 2971 1210 3017 ej
1219 2981 1276 3007 us-

237 3017 322 3054 dem
347 3021 479 3064 poetae
501 3047 511 3063 ‚
548 3020 739 3057 intercidit.
794 3019 994 3068 Accipiunt
1021 3030 1146 3058 autem
1170 3021 1277 3068 pleri-

235 3079 311 3117 que
331 3067 375 3104 dc
395 3069 581 3117 triumpho
602 3071 826 3108 Germanico
843 3099 852 3114 ‚
882 3083 993 3119 quem
1007 3072 1180 3109 Tiberius
1192 3083 1277 3120 ege-

237 3119 305 3161 rit,
332 3117 503 3165 scriptum
527 3119 649 3156 fuisse:
678 3121 828 3168 perinde
857 3131 895 3158 ut
925 3123 961 3157 &
983 3122 1207 3169 superiorem
1230 3122 1279 3158 E-

235 3169 370 3217 legiam
401 3167 512 3205 iidem
545 3170 772 3218 intelligunt,
810 3183 904 3220 quae
927 3171 974 3208 est
1006 3174 1123 3218 prima
1152 3173 1212 3210 lib.
1235 3184 1281 3210 11.

237 3220 308 3257 Sed
332 3230 424 3267 ego,
452 3219 554 3265 quod
578 3219 648 3256 illic
671 3222 824 3264 monui,
854 3222 951 3258 idem
976 3223 1038 3259 hie
1059 3223 1198 3260 sentio:
1225 3224 1282 3260 vi-

236 3270 370 3307 delicet
390 3269 434 3306 de
456 3268 603 3317 Illyrico
636 3271 824 3317 triumpho
860 3275 896 3308 ὃς
920 3273 1010 3309 haec
1035 3275 1070 3308 ὃ(
1097 3273 1281 3320 superiora

235 3321 293 3359 §.lla
316 3319 526 3370 accipienda
548 3318 631 3359 effe.
670 3321 863 3369 Nusquam
890 3325 989 3361 enim
1010 3323 1093 3363 alibi
1110 3325 1279 3373 reperio,

594 2045 903 2117 Quamlibet
931 2046 1157 2099 invitum
1180 2043 1568 2117 difficilemque
1594 2056 1794 2099 tenent.

2230 2169 2346 2226 Nos
2361 2180 2379 2236 5

1332 2307 1379 2346 de
1400 2307 1596 2345 Germanis
1617 2305 1856 2355 triumphasse
1884 2307 2105 2347 Tiberium:
2132 2307 2192 2346 sed
2221 2309 2375 2348 devietis

1333 2359 1464 2408 Illyriis
1481 2387 1491 2403 ‚
1530 2358 1756 2407 decretoque
1783 2357 1833 2395 illi
1860 2371 1941 2397 earn
1973 2359 2022 2397 ob
2051 2371 2129 2397 rem
2158 2361 2374 2409 triumpho,

1333 2410 1370 2447 in
1390 2409 1553 2457 praesens
1575 2409 1730 2458 quidem
1749 2417 1830 2446 tum
1853 2411 1903 2447 ob
1924 2411 2102 2448 moestam
2126 2410 2284 2449 Variana
2303 2411 2375 2449 cla-

1333 2460 1379 2498 de
1401 2459 1593 2498 civitatem
1617 2488 1628 2505 ,
1664 2467 1844 2497 ovantem
1868 2488 1880 2505 ‚
1905 2460 1966 2499 sed
1991 2462 2194 2500 laureatum
2224 2471 2375 2508 tamen,

1331 2511 1460 2549 urbem
1483 2510 1553 2549 effe
1581 2509 1800 2560 ingressum:
1828 2511 1982 2550 biennio
2009 2521 2132 2551 autem
2157 2513 2259 2560 post,
2286 2524 2373 2551 cum

1332 2574 1378 2600 ex
1402 2563 1601 2600 Germania
1615 2591 1623 2607 ‚
1651 2574 1728 2611 quo
1744 2563 1929 2611 pacandae
1955 2563 2048 2601 illius
2070 2563 2182 2613 gratia
2200 2564 2278 2612 post
2298 2564 2371 2601 cla·

1331 2613 1417 2651 dem
1441 2612 1463 2650 a
1491 2614 1594 2651 Varo
1623 2621 1812 2662 acceptam
1836 2641 1846 2658 ‚
1883 2613 2006 2652 miffus
2025 2616 2167 2657 fuerat,
2194 2613 2374 2658 rediiffet,

1331 2665 1560 2712 triumphum
1591 2663 1767 2708 dilatum,
1795 2664 1841 2702 de
1868 2665 2047 2703 Dalmatis
2074 2666 2111 2703 &
2136 2665 2264 2714 Illyriis
2284 2664 2375 2714 egis-

1330 2715 1377 2752 se.
1413 2715 1512 2752 Eum
1532 2715 1640 2763 igitur
1660 2716 1891 2763 triumphum
1914 2717 1952 2753 δί
1973 2716 2037 2754 hic
2057 2717 2095 2755 δε
2115 2715 2218 2764 supra
2239 2714 2374 2764 fignifi-

1331 2766 1403 2803 cari
1430 2766 1599 2803 existimo
1620 2793 1631 2810 ,
1667 2766 1874 2814 praesertim
1904 2767 2054 2816 quando
2087 2767 2126 2805 &
2155 2775 2373 2813 temporum

1331 2817 1424 2853 ratio
1447 2816 1583 2854 eodem
1601 2817 1753 2854 accedit.
1791 2817 2057 2866 Triumphavit
2076 2817 2176 2856 enim
2199 2817 2374 2855 Tiberius

1331 2868 1505 2915 proximo
1517 2879 1616 2905 anno
1638 2875 1722 2905 ante
1743 2877 1904 2906 mortem
1924 2867 2097 2917 Augusti,
2126 2880 2203 2919 quo
2226 2877 2374 2915 tempo-

1330 2929 1369 2955 re
1391 2919 1429 2955 ὃς
1458 2920 1549 2956 haec
1577 2917 1598 2955 a
1624 2921 1737 2966 poe'ta
1765 2918 1895 2968 scripta
1925 2919 2094 2957 videntur
2115 2947 2126 2964 ‚
2164 2931 2277 2969 quum
2291 2918 2371 2966 jam

1331 2977 1503 3018 quartum
1528 2970 1565 3006 in
1584 2969 1706 3006 Ponto
1730 2981 1869 3007 annum
1890 2969 2053 3019 degisset.
2093 2971 2190 3008 Nam
2214 2968 2259 3004 de
2281 2979 2374 3004 ova·

1331 3022 1435 3057 tione
1457 3047 1468 3064 ,
1505 3019 1549 3056 ad
1577 3031 1691 3069 quam
1715 3020 1861 3058 Merula
1881 3022 1976 3058 haec
2003 3021 2042 3058 δε
2069 3019 2248 3067 superiora
2281 3019 2373 3055 item

1333 3070 1456 3107 referri
1478 3067 1578 3118 posse
1606 3077 1732 3119 putat,
1761 3083 1878 3118 aeque
1897 3071 2160 3120 supervacanea
2181 3079 2222 3105 ac
2241 3067 2375 3105 frivola

1335 3122 1513 3169 cogitatio
1535 3122 1605 3165 est,
1632 3122 1783 3171 quando
1804 3123 1842 3159 ὃ(
1861 3131 2006 3169 tempus
2028 3118 2228 3161 discordat,
2256 3130 2375 3165 quum

1337 3171 1510 3209 Tiberius
1530 3184 1645 3210 ovans
1665 3171 1836 3222 ingressus
1859 3172 1899 3208 fit
1919 3171 2044 3207 urbem
2070 3169 2188 3206 statim
2210 3169 2289 3218 post
2305 3170 2377 3207 cla-

1338 3222 1423 3259 dem
1456 3223 1655 3260 Varianam
1681 3251 1692 3268 ,
1728 3234 1804 3270 quo
1836 3231 2008 3266 tempore
2031 3219 2193 3257 Ovidius
2212 3221 2376 3268 primum

1339 3274 1376 3309 in
1397 3274 1547 3311 exilium
1573 3274 1668 3310 abiit.
1714 3274 1761 3310 Et
1777 3270 1864 3308 illud
1893 3271 1982 3307 item
1999 3298 2009 3314 ‚
2037 3270 2139 3319 quod
2161 3270 2206 3308 de
2226 3270 2378 3308 ducibus

1338 3324 1376 3361 ὅ(
1386 3325 1477 3362 locis
1489 3325 1640 3372 captivis
1659 3321 1802 3361 mentio
1814 3321 2008 3372 utrobique
2021 3320 2084 3370 fit,
2096 3321 2159 3372 qui
2172 3333 2250 3360 non
2263 3332 2381 3409 ovain·

2345 3381 2384 3417 0,
