2495 3675
695 184 755 241 P.
830 177 1242 242 OV1D11
1313 171 1841 233 NASONIS

517 275 800 352 Diligat&
825 279 1033 352 semper
1056 276 1226 331 socius
1253 283 1307 327 te
1330 267 1590 341 sanguinis
1612 266 1733 328 illo,
2007 282 2016 330 ς
2052 328 2064 332 ⁴
2130 325 2150 334 ss

379 363 445 416 30
534 358 538 364 “
591 353 722 422 Quo
747 352 859 424 p‘us
887 350 1098 406 adfefiu
1124 344 1342 401 Castora
1370 342 1530 398 frater
1558 351 1732 419 amat..
2105 346 2114 356 ‘

521 423 607 480 Sic
629 425 864 494 juvenis,
906 422 1189 489 similisque
1217 417 1311 471 tibi
1339 415 1395 470 sit
1422 427 1600 476 natuS,
1641 412 1695 466 &
1720 408 1868 464 illum

482 500 485 502 ’
595 497 844 551 Moribus
875 493 1120 565 agnoscat
1148 489 1368 563 quilibet
1396 485 1499 542 effe
1525 501 1693 542 tuurn.

527 569 612 626 Sic
639 570 881 623 socerum
908 565 1063 619 faciat
1095 564 1249 617 taeda
1274 576 1326 616 te
1355 573 1472 615 nata
1493 559 1683 631 jugali3
1718 630 1728 638 ο

601 642 719 696 Nec
748 639 958 693 tardum
977 637 1160 709 juveni
1188 634 1281 690 det
1309 634 1402 689 tibi
1430 650 1627 688 nomen
1652 648 1750 685 avi.

285 778 337 820 sic
355 790 473 831 aequet
495 791 558 817 tua
581 787 688 828 nupta
703 777 809 826 suum
828 774 998 827 probitate
1013 786 1207 828 parentem.

233 831 380 870 Herus.
417 831 593 868 Probitate
623 830 671 867 est
703 832 739 867 in
770 830 920 867 Putean.
950 829 1108 864 novitate
1128 830 1163 865 in
1189 826 1275 864 Lei·

232 883 347 920 denfi.
376 880 698 931 Heinfiuslegebat
720 882 830 917 etiam
848 908 857 925 ‚
894 879 1016 916 virum
1032 877 1202 928 probitate
1216 889 1279 926 pa-

231 943 399 982 tremque.
427 932 485 969 sed
505 943 588 968 cum
610 931 761 981 probitas
781 931 876 980 apud
890 931 1064 968 Nostrum
1081 930 1117 966 &
1136 929 1224 966 alios
1236 928 1280 965 de

231 985 453 1022 feminarum
486 981 659 1029 pudicitia
692 983 766 1020 fere
800 983 940 1019 dicatur
962 1009 973 1026 ‚
1011 979 1163 1018 bonitate
1193 980 1278 1018 reti-

232 1034 411 1073 nendum.
440 1041 478 1070 ut
501 1032 602 1081 supra
625 1033 727 1081 Eleg.
749 1045 793 1070 11.
815 1045 874 1078 4ο.

282 1086 384 1131 §Luae
404 1083 492 1120 bona
507 1085 674 1133 progenies
690 1084 796 1131 digna
813 1093 957 1134 parente
974 1082 1067 1131 suit,

229 1134 288 1172 Sic
306 1134 410 1171 bonae
431 1147 539 1171 nurus
554 1162 563 1178 ,
592 1135 629 1171 δε
651 1138 762 1171 Bonus
774 1135 847 1171 dux
863 1133 1060 1172 Horat.1v.
1088 1131 1163 1170 Od.
1178 1143 1210 1178 ς.
1233 1130 1271 1169 &

230 1186 304 1223 hoc
327 1197 403 1223 uno
423 1185 588 1234 epitheto
609 1196 740 1222 omnes
763 1187 912 1223 virtutes
933 1186 1008 1222 fere
1030 1184 1276 1232 comprehen-

228 1235 266 1273 di
290 1236 421 1274 Cicero
442 1236 577 1274 indicat
597 1248 648 1273 iv.
668 1235 780 1273 Tusc.
809 1248 865 1274 10.
896 1236 1027 1273 ssunm.

286 1287 346 1325 28.
372 1292 466 1325 Rara
489 1285 665 1338 querela.]
723 1287 832 1326 Prim.
852 1286 974 1326 Vatic.
991 1296 1085 1324 rata.
1104 1283 1277 1334 plurimi,

1331 771 1442 811 nulla.
1479 770 1590 810 etiam
1621 769 1731 810 bene.
1774 764 1870 819 apud
1901 765 2111 807 Martialem
2135 797 2145 813 ,
2190 768 2247 806 Lis
2281 775 2374 812 rara.'

1333 825 1480 862 Heius.
1506 828 1641 859 Dextro
1662 832 1733 858 toro
1755 818 1923 859 Bernens.
1943 819 2077 857 incidat
2096 821 2134 857 in
2158 821 2301 859 Lovan.

1387 900 1447 938 30.
1475 889 1553 937 §Quo
1567 886 1684 938 pius.]
1731 888 1811 936 Quo
1837 883 1955 934 procul
1987 883 2093 922 Bern.
2119 884 2250 934 semper
2275 896 2375 924 amat

1336 939 1452 1041 dugi.
1479 989 1531 1027 sic
1546 988 1690 1039 juvenis
1699 987 1893 1073 similiszue
1912 985 1976 1023 tibi
1988 983 2037 1036 fit
2059 983 2203 1035 natur]
2242 986 2376 1034 Forte,

1330 1042 1385 1079 Sic
1397 1044 1531 1091 superet
1553 1068 1563 1083 ‚
1583 1039 1778 1089 fimilisque
1801 1040 1830 1077 ιὶ
1854 1035 1941 1086 isit.
1972 1038 2039 1086 Ep.
2061 1037 2199 1074 Didus:

1378 1104 1432 1142 Sic
1448 1105 1604 1153 superent
1619 1129 1629 1146 ‚
1657 1113 1872 1151 quoscunque
1893 1098 1958 1136 tud
1976 1099 2016 1135 de
2032 1108 2131 1147 gente
2151 1107 2303 1148 reportes.

1327 1170 1402 1208 hoc
1423 1169 1471 1207 est
1489 1167 1686 1216 superstites
1707 1164 1785 1203 fint.
1816 1164 1963 1201 Hiems.
1992 1163 2044 1200 Sic
2058 1162 2204 1212 juvenis
2223 1162 2378 1202 tibiam·

1322 1219 1451 1271 fimilis
1465 1217 1513 1269 fit
1537 1229 1664 1262 natus,
1691 1228 1734 1256 (9¹
1753 1215 1861 1265 ipsum
1887 1215 2034 1252 Lovan.

1384 1294 1442 1334 34.
1473 1280 1630 1319 Tardum
1655 1278 1671 1330 ]
1701 1277 1813 1317 Tarde
1836 1276 1943 1315 multi
1965 1275 2082 1326 scripti
2104 1276 2142 1314 &
2165 1275 2264 1315 editi.

929 1486 1473 1557 ELEGIA
1569 1484 1676 1555 VI.

518 1641 896 1781 TEmpore
923 1643 1185 1700 ruricolae
1210 1642 1411 1716 patiens
1436 1642 1493 1697 fit
1520 1655 1696 1697 taurus
1722 1638 1906 1702 aratri,

730 1717 959 1773 Praebet
987 1719 1037 1771 ἃ
1066 1718 1291 1772 incurvo
1319 1717 1450 1770 colla
1477 1714 1764 1787 premenda
1785 1713 1932 1784 jugo,

518 1791 800 1863 Tempore
824 1803 969 1861 paret
995 1807 1162 1862 equus
1189 1789 1343 1843 lentis
1369 1788 1628 1842 animosus
1652 1786 1865 1841 habenis
1879 1823 1896 1849 ,

598 1863 668 1918 Et
698 1862 907 1935 placido
932 1863 1096 1916 duros
1124 1862 1315 1933 accipit
1341 1878 1434 1915 ore
1458 1862 1625 1933 lupos,

382 1954 413 2004 ς
522 1934 805 2007 Tempore
833 1934 1141 1990 Poenorum
1170 1933 1525 2005 compescitur
1552 1935 1627 1987 ira
1651 1933 1898 1995 leonum3

595 2009 712 2062 Nec
745 2008 925 2063 feritas
951 2008 1159 2072 animm,
1198 2025 1334 2081 quae
1361 2007 1461 2060 fuit
1486 2020 1639 2069 ante,
1678 2019 1873 2059 manet.

519 2080 784 2152 Quaeque
810 2079 884 2134 sui
910 2081 1125 2134 monitis
1152 2081 1487 2152 obtemperat
1513 2079 1640 2134 inda
1664 2076 1895 2150 magistri

595 2153 807 2218 ssellua,
846 2153 1115 2210 servitium
1141 2167 1387 2228 tempore
1416 2152 1552 2208 vieia
1577 2151 1726 2208 subit.

231 2369 238 2374 ’
289 2377 319 2404 1.
348 2371 504 2416 Tempore
532 2363 700 2402 ruricolae
732 2363 869 2415 patiens
893 2361 938 2411 fit
967 2373 1091 2402 tamus
1120 2365 1275 2418 aratri.]

230 2411 342 2454 'Haec
359 2428 453 2466 quae
473 2416 692 2464 sequnntur,
720 2416 816 2464 apud
847 2415 936 2453 alios
960 2442 969 2457 ,
998 2414 1017 2452 a
1038 2416 1278 2465 superioribus

234 2467 344 2504 divisa
364 2479 404 2505 ac
424 2467 579 2515 separata
600 2467 792 2516 leguntur:
822 2476 861 2503 ut
892 2467 935 2503 ab
953 2467 1025 2504 hoc
1047 2466 1134 2504 loco
1155 2479 1253 2505 nova
1267 2496 1277 2513 ‚

233 2518 271 2554 ἃ
294 2529 387 2566 quae
409 2520 538 2555 ordlne
557 2517 653 2554 sexta
676 2516 740 2561 fit,
768 2517 894 2566 Elegia
913 2517 1074 2565 incipiat.
1101 2518 1183 2555 Nec
1201 2529 1277 2557 ma-

232 2566 268 2603 le
286 2570 444 2605 omnino
460 2596 470 2612 ,
498 2576 537 2604 ut
560 2579 641 2605 mea
662 2568 730 2606 fert
749 2568 934 2606 sententia.
962 2568 1060 2605 Nam
1076 2568 1114 2606 ὃς
1136 2568 1278 2606 senten-

234 2618 284 2652 tia
315 2618 380 2655 alia
399 2618 418 2655 ὲ
444 2619 626 2665 superiore
648 2618 719 2656 ess:
743 2621 780 2656 ὅ(
804 2630 888 2656 cum
905 2618 994 2654 haec
1007 2618 1192 2667 querclam
1207 2621 1277 2658 mi-

235 2665 343 2703 seriae
371 2668 451 2705 suae
481 2678 694 2713 contineat,
728 2668 785 2707 illa
815 2678 938 2706 autem
971 2670 1271 2717 impetitionem,

233 2716 325 2753 haec
349 2719 550 2772 promiscue
573 2719 616 2756 ad
634 2731 765 2757 omnes
788 2721 926 2756 amicos
947 2718 1019 2756 five
1037 2719 1190 2757 leetores
1205 2748 1213 2763 ‚
1233 2721 1272 2757 il·

236 2765 269 2803 la
288 2766 458 2820 acl-solum
484 2781 569 2806 eum
596 2798 605 2814 ‚
640 2770 742 2819 cujus
771 2781 911 2807 nomen
937 2781 980 2806 ex
1005 2770 1275 2808 circumstantiis

237 2815 400 2870 describit
423 2845 433 2862 ,
459 2820 639 2867 pertinere
662 2821 816 2858 videtur.
870 2820 1021 2857 Constat
1047 2830 1170 2858 autern
1196 2830 1274 2858 tota

237 2871 313 2903 live
337 2867 457 2915 Elegia
487 2870 576 2906 haec
599 2897 609 2913 ,
647 2870 721 2908 five
751 2882 827 2919 pars
847 2882 940 2919 quae
966 2869 1125 2920 sequitur
1146 2898 1158 2915 ,
1185 2873 1278 2909 anti·

237 2915 330 2952 thesi
362 2920 517 2965 quadam
543 2946 553 2962 ,
598 2920 741 2958 suarum
772 2923 810 2958 &
847 2923 995 2958 aliarum
1039 2922 1277 2959 miseriarum.

238 2966 338 3004 Nam
361 2979 443 3004 curn
466 2978 596 3005 ceterae
619 2971 804 3015 miseriae,
834 2983 874 3008 ac
896 2971 1277 3017 difficultatesomnes,

239 3024 410 3073 tempor—e
430 3018 664 3072 emollescant
686 3047 696 3064 ,
725 3021 813 3058 solas
832 3022 906 3058 suas
936 3021 1116 3066 miserias,
1142 3023 1277 3072 suaque

239 3067 357 3122 mala,
384 3076 501 3117 inquit
523 3095 532 3110 ‚
569 3080 645 3105 non
677 3078 818 3107 tantum
849 3082 925 3107 non
958 3072 1190 3118 mollescere,
1218 3074 1277 3112 sed

238 3128 354 3166 magis
390 3129 429 3154 ac
462 3118 572 3165 magis
599 3120 766 3167 quotidie
794 3121 1051 3168 ingravescere.
1082 3133 1276 3172 propterea

238 3169 342 3216 quod
373 3169 443 3216 ipsa
474 3169 565 3204 mala
588 3194 598 3209 ‚
634 3179 768 3216 quanta
798 3170 864 3207 sint
887 3198 898 3214 ,
933 3171 970 3207 in
1000 3171 1073 3209 dies
1096 3177 1208 3222 magis
1236 3186 1277 3212 ac

237 3219 378 3266 plenius
408 3218 426 3255 a
458 3218 490 3255 se
509 3217 777 3265 intelligantur,
808 3222 843 3257 &c
865 3221 1007 3258 animus
1026 3222 1070 3258 ad
1090 3225 1278 3263 toleranda

237 3279 281 3306 ea
300 3268 467 3317 quotidie
494 3266 558 3305 iifi
582 3279 676 3304 mior
708 3281 749 3305 ac
781 3272 904 3307 minor
939 3272 999 3308 libi
1028 3271 1099 3309 fiat.
1152 3274 1282 3323 Itaque

229 3318 376 3359 nullum
409 3320 506 3358 aliud
535 3316 665 3358 testate
689 3319 818 3358 remed
837 3331 897 3358 um
912 3348 923 3367 ,
952 3321 1017 3360 ulfi
1040 3332 1079 3361 ut
1100 3335 1211 3374 quam
1234 3327 1282 3363 ci-

2205 2220 2375 2277 Tem-

1333 2364 1465 2404 tiffime
1483 2363 1672 2402 moriatur.
1697 2361 1877 2400 Micvtt.
1928 2359 2095 2409 Plerique
2126 2358 2243 2407 scr'pti
2275 2358 2378 2397 codi-

1334 2428 1417 2460 ces,
1455 2417 1490 2454 &
1514 2415 1685 2464 antiquae
1717 2413 1898 2452 editiones
1932 2412 2027 2449 hanc
2058 2419 2273 2448 continuant
2295 2411 2380 2448 Ele-

1332 2467 1412 2515 giae
1431 2465 1675 2516 praecedenti.

1383 2530 1417 2564 4.
1446 2522 1489 2554 Et
1506 2515 1680 2566 placida]
1709 2519 1754 2551 Et
1770 2513 1922 2551 domitus
1942 2511 2018 2550 duo
2036 2510 2129 2549 libri.

1384 2582 1416 2616 ς.
1444 2565 1712 2616 Compescitur.]
1758 2564 1985 2615 compellitur
2007 2562 2159 2600 Moreti.
2179 2562 2370 2610 saevorum

1333 2617 1468 2655 lecnum
1489 2617 1657 2655 Bernens.

1385 2680 1417 2713 7.
1445 2670 1612 2719 Qaeque
1624 2666 1683 2715 sui
1709 2664 1894 2714 monitis.]
1950 2664 2004 2702 Ita
2032 2661 2146 2702 edidit
2177 2661 2373 2708 Heinsius,

1331 2730 1415 2757 cum
1445 2729 1601 2761 omnes,
1629 2729 1716 2767 quas
1741 2717 1838 2762 vidi,
1860 2717 2042 2754 editiones
2068 2713 2247 2759 habeant,
2274 2712 2374 2763 iuffis.

1335 2769 1474 2806 monitis
1501 2777 1626 2805 tamen
1660 2776 1735 2806 erat
1773 2770 1810 2805 in
1841 2769 1944 2817 primv
1975 2765 2083 2803 Polit.
2111 2763 2218 2801 Palat.
2251 2764 2374 2803 Vatic-

1334 2820 1473 2857 Medic.
1502 2819 1540 2856 &
1570 2819 1734 2856 Combii.
1779 2818 1836 2856 sed
1860 2817 1956 2867 juffis
1987 2815 2220 2864 praeferrem.
2248 2815 2376 2853 Senec.

1333 2870 1442 2919 Epist.
1463 2881 1599 2907 LXXXV.
1646 2868 1871 2918 Elephantem
1898 2867 2067 2905 minimus
2098 2864 2256 2915 AEthiops
2275 2865 2376 2915 jubet

1325 2921 1496 2970 subsidere
1516 2920 1555 2956 in
1569 2933 1693 2969 genua.
1722 2919 1879 2957 Max-rial.
1900 2917 2019 2966 Speet.
2044 2916 2111 2964 Ep.
2130 2927 2226 2953 xvxi.

1386 2977 1466 3007 Non
1483 2971 1572 3016 facit
1592 2971 1651 3007 hoc
1667 2970 1777 3020 juffus
1791 2997 1801 3014 ‚
1830 2969 1994 3020 nul-'oque
2012 2967 2147 3004 decente
2157 2965 2327 3016 magistro,

1333 3021 1466 3059 Bunm.

1384 3084 1420 3121 9.
1448 3070 1650 3120 Extentis.]
1681 3069 1837 3120 Extenfis
1855 3079 1925 3108 tres
1941 3068 2032 3106 libri.

1385 3135 1443 3162 Π.
1471 3127 1613 3170 Tempus
1646 3133 1687 3161 ω’
1716 3123 1861 3158 incanus
1880 3124 1996 3169 semen
2024 3117 2182 3166 producit
2213 3118 2375 3170 aristas]

1334 3173 1483 3217 Semen,
1496 3172 1845 3219 app01i1i0.1ncanas
1855 3169 1986 3216 aristas.
1999 3168 2115 3206 Valde
2127 3181 2232 3208 canas
2247 3199 2256 3215 ,
2268 3183 2308 3209 ac
2317 3183 2381 3221 per

1334 3226 1407 3262 hoc
1420 3233 1590 3260 maturas.
1618 3223 1731 3259 Cios.
1759 3224 1830 3259 Pro
1853 3221 1970 3268 semen
1993 3230 2084 3256 unus
2107 3221 2379 3271 Vatic.semper.

1335 3274 1465 3312 Bussid.
1491 3273 1631 3321 speciem
1660 3274 1762 3320 Lege
1785 3298 1795 3316 ,
1826 3272 1983 3317 spicam,
2012 3270 2102 3313 vel,
2124 3274 2266 3319 segetem
2283 3299 2293 3315 ,
2319 3280 2382 3310 aut

1336 3325 1483 3374 messem.
1509 3335 1576 3372 pro
1593 3323 1749 3373 perducit
1780 3321 1888 3371 prim.
1916 3320 2037 3359 Vatic.
2065 3321 2103 3359 ὃ(
2133 3322 2192 3364 alii
2209 3321 2382 3372 plurimi,

2305 3379 2381 3419 m:
