2495 3675
503 151 1132 212 TRISTIUM

1204 149 1258 206 L
1296 168 1317 205 1
1354 170 1399 207 Β.
1471 149 1566 207 iv.
1641 151 1809 206 Em„
1848 151 1920 207 X.
2143 154 2243 220 649
2289 120 2291 123 ’

377 254 521 311 Cum
545 268 723 312 tamen
751 256 856 311 hoe
885 254 1074 317 essem,
1114 251 1449 324 minimoque
1474 250 1799 306 accenderer
1830 253 1969 324 igni3

445 329 684 385 Nomine
710 329 802 384 sub
827 327 1008 382 nostro
1033 327 1204 381 fabula
1231 327 1369 380 nulla
1399 324 1515 379 fuit.

370 398 520 456 Pene
547 403 675 456 mihi
705 418 872 474 puero
897 417 997 455 nec
1023 399 1211 469 digna,
1250 416 1349 452 nec
1376 398 1516 451 utilis
1540 413 1680 450 uxor

236 489 304 540 70

451 475 542 528 Est
565 474 710 528 data:
753 489 888 545 quae
916 487 1124 551 ternpus
1149 470 1407 541 perbreve
1432 481 1597 548 nupta
1619 469 1745 524 fuiti„

377 545 453 601 Illi
481 544 754 606 successit,
792 560 1030 614 quamvls
1058 542 1163 596 sine
1192 543 1440 604 crimine,
1479 559 1709 612 conjux3

453 619 581 673 Non
608 630 786 671 tamen
810 616 863 668 in
889 614 1068 667 nostro
1093 615 1243 668 firma
1271 614 1445 668 futui-a
1482 629 1620 670 toro,

381 688 609 751 Ultima,
645 705 781 761 quae
806 703 1018 740 mecum
1045 686 1184 739 seros
1208 686 1489 756 permansit
1516 687 1568 741 in
1598 703 1790 750 annm,

458 761 707 817 Sustinuit
735 759 933 828 conjux
956 756 1146 811 exsulis
1184 757 1286 810 effe
1313 758 1427 811 viri.

238 859 304 911 75
377 832 504 888 Filia
532 850 618 886 me
644 849 760 886 mea
786 831 862 884 bis
886 830 1056 900 prima
1082 828 1314 884 fecunda
1334 829 1581 897 juventa,

457 906 562 961 Sed
587 922 695 958 non
720 921 788 956 ex
812 919 919 956 uno
947 903 1206 971 conjuge,
1242 902 1369 956 fecit
1396 920 1568 955 avum.

380 977 452 1033 Et
475 978 582 1048 jam
607 977 900 1046 complerat
925 973 1140 1045 genitor
1162 973 1252 1027 sua
1282 974 1412 1034 fata;
1455 991 1759 1047 novemque

460 1047 762 1103 Addiderat
798 1046 964 1100 lustris
995 1047 1153 1099 altera
1187 1045 1340 1099 lustra
1370 1063 1584 1101 novem.

385 1123 514 1179 Non
537 1122 685 1174 aliter
712 1118 869 1181 flevi,
907 1135 1066 1190 quam
1093 1135 1179 1171 me
1203 1117 1427 1171 fleturus
1455 1118 1739 1174 ademtumi

244 1200 311 1254 80

151 1473 210 1513 73.
237 1467 328 1499 Seros
346 1456 531 1511 permansit
551 1458 587 1495 in
615 1455 762 1507 Μυκη]
814 1455 919 1494 socios
937 1468 1044 1494 annos
1063 1464 1133 1494 tres

93 1514 186 1554 libri.
215 1522 255 1551 ut
273 1513 430 1562 Epistola
451 1509 625 1558 Phyllidis
643 1521 651 1546 :

149 1577 331 1625 Promiffus
347 1575 446 1625 fim'os
467 1570 524 1608 ubi
545 1582 637 1608 nunc
659 1575 876 1618 Hymenaeus
892 1569 930 1606 in
948 1580 1081 1609 annos?

97 1643 245 1681 Hiems.
273 1643 353 1692 Ego
372 1639 508 1679 facilius
535 1635 635 1683 socios
663 1647 770 1670 annos
787 1634 824 1671 in
847 1632 1004 1680 Epistola
1029 1632 1137 1680 Phyl-

96 1693 178 1732 lidis
195 1693 339 1738 tolero,
366 1701 475 1740 quam
497 1686 581 1726 hic:
607 1685 655 1724 ibi
675 1685 773 1721 enim
797 1682 842 1720 de
860 1681 1034 1731 promisso
1055 1684 1136 1731 Hy-

99 1755 259 1781 menaeo
290 1746 326 1781 in
356 1741 472 1779 socios
502 1748 617 1774 annos
640 1764 651 1780 ‚
697 1735 732 1772 id
762 1733 810 1771 est
829 1761 839 1775 ‚
876 1734 913 1771 in
945 1734 1138 1770 matrimo-

99 1795 231 1838 nium;
259 1795 320 1832 hic
340 1802 429 1829 vero
447 1790 563 1838 agitur
586 1786 631 1824 de
648 1786 725 1835 jam
749 1783 857 1821 dueta
877 1795 1014 1828 uxore,
1042 1794 1136 1831 quae

98 1855 222 1893 neque
242 1844 402 1881 divortio
416 1868 425 1885 ,
447 1848 568 1885 neque
591 1844 712 1874 morte
734 1833 983 1871 intercedente
997 1861 1007 1877 ,
1035 1834 1070 1870 in
1085 1834 1138 1870 se-

97 1895 289 1933 neistutem
312 1903 424 1942 usque
446 1891 582 1927 Poetae
606 1885 734 1924 manfit
755 1884 824 1921 fida
853 1885 890 1921 δε
920 1883 1035 1922 firma.
1064 1883 1138 1921 vid.

97 1945 175 1994 sup.
189 1957 253 1983 111.
272 1956 361 1983 xiii.
383 1954 416 1993 3.
443 1940 576 1987 miseros
595 1948 711 1976 annos
731 1936 882 1973 Putean.
912 1946 1005 1984 quae
1028 1945 1139 1972 voces

98 1995 206 2044 saepe
228 1994 408 2034 confusae.
435 1990 568 2028 Buam.

150 2067 209 2107 74.
237 2059 360 2097 Exulis
379 2056 436 2106 eff}
454 2054 564 2104 vira]
593 2051 695 2089 Utilis
716 2051 771 2100 effi’
794 2048 860 2087 mei
880 2048 987 2086 Bern.

151 2137 209 2175 75.
236 2126 326 2163 Filia
343 2138 396 2162 me
417 2135 493 2159 mea
517 2119 566 2158 bis
582 2117 737 2170 primas]
792 2113 949 2153 Turbati
968 2112 1136 2159 numeri,

94 2188 189 2228 quos
209 2185 256 2214 ita
280 2186 458 2214 concinna
472 2200 483 2218 ,

146 2238 237 2275 Filia
260 2250 313 2274 me
336 2235 453 2285 primd
476 2245 553 2271 mea
574 2231 624 2268 bis
635 2229 808 2278 fhecunda
820 2226 989 2276 juventi.

93 2299 238 2338 Hms.
264 2299 300 2337 Si
323 2297 485 2336 venustas
506 2294 688 2344 quaedam
712 2293 760 2330 est
782 2294 818 2330 in
835 2291 891 2328 illa
913 2290 1134 2338 repetitione

94 2363 148 2387 me
166 2362 265 2394 mea,
291 2358 331 2386 ut
356 2349 400 2387 ad
420 2347 546 2385 Tibul.
574 2357 605 2383 1.
635 2356 666 2382 1.
693 2355 725 2391 3.
763 2343 970 2379 observavit
993 2341 1133 2377 Brouk-

91 2400 235 2444 hufius,
263 2400 364 2448 cujus
396 2409 498 2436 aures
528 2403 640 2434 erant·
661 2393 942 2435 eruditissimae,
971 2393 1007 2428 ὅ(
1039 2391 1134 2428 fasti-

92 2451 217 2488 diosae
231 2478 241 2494 ‚
262 2461 333 2497 ego
353 2447 416 2486 hic
436 2454 563 2485 contra
589 2444 735 2482 codices
755 2443 847 2481 nihil
865 2453 1058 2479 novarem.
1084 2442 1132 2478 ita

92 2501 133 2538 δι
157 2499 288 2537 Noster
312 2510 355 2535 ix.
386 2500 515 2535 Amor.
535 2507 598 2533 111.
620 2506 682 2543 23.

145 2567 197 2599 Tu
210 2576 340 2613 quoque
362 2575 414 2598 me
428 2588 437 2603 ,
466 2573 542 2597 mea
562 2559 624 2595 lux
639 2586 649 2603 ‚
676 2557 716 2595 in
728 2553 897 2607 quaslibet
907 2553 1016 2604 accipe
1038 2554 1131 2604 leges.

94 2635 186 2663 mox
207 2624 267 2662 lib.
288 2635 322 2660 v.
342 2623 523 2671 Elegvu.
555 2633 601 2668 5..

146 2695 246 2727 Dum
266 2701 319 2726 me
339 2700 415 2725 mea
431 2687 518 2733 sata
536 2683 702 2730 finebant.

93 2754 132 2843 ξ
152 2755 201 2792 ita
223 2755 326 2803 saepe
346 2751 443 2790 alibi.
473 2749 548 2787 vid.
570 2748 615 2786 ad
644 2746 706 2785 lib.
728 2758 793 2785 111.
827 2747 960 2784 Amor.
978 2755 1051 2808 vix.
1071 2746 1132 2784 26.

128 2818 228 2843 univi.

145 2885 204 2919 77.
233 2876 279 2908 Et
293 2872 371 2919 jam
403 2867 584 2916 complerat
612 2865 743 2913 genitor
763 2864 829 2912 sua
851 2865 935 2911 fata
952 2889 962 2906 ,
988 2875 1132 2899 novem-

93 2937 158 2975 que
177 2923 377 2960 Addiderat
398 2919 509 2965 lustris
534 2917 644 2953 altera
674 2915 779 2961 lustra
812 2912 975 2962 novem]
1032 2913 1129 2949 Cum

94 2973 254 3011 Ovidius
285 2980 470 3020 parentem
509 2968 613 3005 suum
654 2965 851 3013 nonaginta
882 2975 998 3001 annos
1027 2975 1131 3000 com-

93 3023 200 3073 pleffe
220 3022 394 3071 significet
417 3048 427 3065 ,
453 3026 767 3068 peropportunam
801 3016 874 3052 hoc
899 3015 985 3051 loco
1009 3013 1130 3050 ansam

93 3073 185 3112 mihi
218 3073 277 3110 dat
300 3100 310 3116 ,
348 3072 412 3119 qui
441 3070 477 3108 id
506 3068 620 3116 ipsum
655 3068 729 3103 fere
759 3065 803 3102 dc
835 3074 982 3111 parente
1019 3075 1131 3106 meo,

92 3123 236 3172 Joanne
252 3151 262 3166 ,
279 3122 418 3171 liquido
439 3119 556 3159 testari
569 3115 723 3166 possum.
746 3114 1013 3161 Duodeviginti
1031 3116 1131 3150 enini

91 3173 198 3213 lustra
219 3172 329 3209 firmis
360 3172 442 3209 sane
471 3180 631 3217 corporis
662 3169 699 3204 ὃ(
730 3167 862 3203 mentis
885 3164 1017 3202 viribus
1046 3176 1132 3201 coe-

94 3223 239 3264 lestium
262 3221 440 3259 beneficio
460 3221 544 3269 agit.
571 3219 740 3255 CIOFAN.

148 3283 210 3324 ῃ.
238 3271 395 3322 Lustra.]
448 3271 514 3309 Per
542 3270 616 3308 hoc
646 3268 799 3307 Velbum
831 3264 1001 3304 Lustrum
1030 3263 1129 3313 prisci

458 1195 548 1249 llle
574 1193 691 1247 fuit.
732 1192 889 1246 matri
915 1189 1305 1263 proxima'justa
1343 1190 1453 1247 tuli.

2095 1316 2166 1373 Fe
2174 1317 2231 1374 Ιῖυ

1187 1454 1238 1493 illi
1258 1455 1422 1492 Romani
1449 1463 1594 1502 tempus
1627 1453 1880 1505 defignabant;
1908 1455 2029 1504 postea
2050 1467 2140 1494 vero
2168 1468 2233 1505 per

1189 1505 1378 1543 Consules,
1405 1505 1576 1544 Ciorim.

1242 1579 1301 1613 79.
1328 1569 1564 1618 Ademtum]
1602 1571 1754 1608 Ademto
1776 1572 1921 1619 plurimi
1944 1571 2087 1619 scripti,
2117 1573 2229 1610 etiam

1189 1619 1412 1657 Bersmanni.
1442 1620 1491 1657 ita
1520 1621 1557 1658 &
1586 1635 1728 1659 moerere
1750 1634 1835 1661 cum
1854 1632 2014 1672 utroque
2034 1622 2127 1660 casu.
2156 1623 2229 1660 vrd.

1192 1670 1236 1707 ad
1255 1681 1326 1707 νη.
1351 1671 1445 1708 Met.
1467 1682 1552 1716 720.

1242 1725 1303 1762 80.
1331 1725 1392 1762 Ille
1405 1725 1519 1775 fuit.]
1550 1726 1612 1763 Ille
1621 1728 1715 1772 flaret
1732 1724 1899 1763 Beruens.
1920 1726 1958 1764 &
1979 1732 2051 1763 tres
2078 1722 2172 1761 libri.

1243 1785 1303 1822 80.
1330 1786 1486 1835 Matri.]
1515 1786 1558 1824 In
1582 1787 1716 1825 eodem
1739 1787 1860 1823 marris
1881 1786 2068 1835 sepulchro
2091 1794 2229 1834 patrem

1193 1835 1356 1873 condidi.
1382 1836 1441 1874 alii
1462 1837 1612 1886 legunt,
1639 1838 1775 1874 matris.
1805 1846 1841 1873 ut
1862 1836 1957 1873 dicat
1985 1835 2063 1884 post
2089 1844 2231 1884 patrem

1194 1886 1303 1923 etiam
1327 1896 1482 1924 matrem
1505 1886 1689 1931 extulisse,
1717 1886 1820 1937 quod
1842 1888 1953 1936 magis
1976 1887 2085 1923 etiam
2105 1885 2233 1934 placeri

1194 1935 1382 1974 MERULA.
1438 1937 1507 1975 Sed
1538 1937 1614 1975 five
1643 1939 1797 1981 matris,
1837 1937 1910 1973 five
1942 1936 2051 1972 matri
2071 1936 2232 1984 legatur.

1193 1986 1369 2032 posterior
1390 1987 1570 2036 expositio
1592 1989 1723 2027 melior
1746 1988 1807 2027 est.
1832 1988 2010 2025 Micrm..
2048 1986 2148 2024 Libri
2171 1997 2234 2022 ve·

1191 2043 1306 2082 teres,
1332 2039 1470 2076 matris.
1497 2039 1666 2076 CIOFAN.

1244 2098 1304 2136 80.
1333 2100 1501 2137 Proxima
1532 2099 1629 2147 busta
1658 2098 1765 2149 tuli.]
1821 2098 2040 2137 Clarissimus
2057 2124 2066 2140 ,
2094 2106 2135 2133 ac
2158 2093 2232 2132 sirie

1193 2150 1440 2188 controversia
1458 2150 1803 2197 jurisconsultorum
1818 2149 1927 2187 nostri
1939 2156 2013 2185 tem
2021 2149 2116 2196 poris
2129 2155 2230 2194 prae-

1190 2199 1438 2246 stantissimus,
1465 2201 1622 2247 jacobus
1655 2201 1825 2249 Cujacius
1846 2200 1905 2237 lib.
1927 2210 1993 2236 xii
2010 2210 2039 2235 i.
2063 2196 2231 2234 observa-

1189 2251 1335 2289 tionum
1360 2263 1438 2300 cap.
1457 2263 1517 2300 29.
1546 2251 1657 2300 legit,
1680 2251 1771 2301 justa
1794 2251 1883 2289 tuli.-
1914 2258 1952 2287 ut
1981 2250 2017 2286 δε
2047 2246 2132 2285 illud
2154 2246 2235 2283 Staa

1190 2302 1229 2338 tii
1250 2300 1269 2339 ὲ
1289 2302 1350 2340 lib.
1369 2314 1430 2341 vr.

1417 2362 1504 2413 quid
1523 2362 1647 2400 inania
1659 2363 1766 2411 fertis

1240 2412 1348 2459 Justa
1366 2416 1450 2463 rogis
1462 2423 1477 2451 ?

1190 2472 1295 2519 Justa
1309 2475 1404 2520 serre
1427 2474 1464 2510 ὃ(
1479 2475 1595 2521 facere
1613 2485 1729 2511 unum
1753 2475 1789 2512 &
1804 2473 1900 2511 idem
1917 2472 1983 2509 esse
1998 2472 2085 2507 vult.
2115 2464 2229 2507 Ciosss

1191 2523 1294 2571 Lege
1310 2552 1319 2567 ‚
1334 2523 1428 2572 justa
1447 2525 1686 2561 tuli.alterum
1704 2527 1876 2561 Latinum
1895 2526 1954 2560 vix
1970 2522 2027 2559 est.
2053 2520 2141 2569 justa
2153 2534 2246 2556 exe-⁷

1190 2573 1325 2622 quialia
1355 2574 1484 2611 Statius
1515 2575 1729 2611 Thebaidos
1757 2587 1806 2610 xi.
1840 2574 1926 2611 610.
1970 2572 2123 2619 appellat
2148 2597 2157 2614 ,
2187 2572 2227 2606 &c

1183 2623 1287 2672 justos
1304 2624 1394 2672 ignes
1414 2624 1598 2662 Thebaid.
1620 2637 1661 2662 xi
1676 2639 1704 2663 1.
1734 2625 1816 2662 Val.
1837 2624 1983 2662 maccus
2006 2623 2066 2660 hb.
2087 2633 2121 2658 v.
2143 2622 2182 2670 ⁶?

1240 2706 1328 2738 Tum
1353 2700 1468 2738 comiti
1488 2701 1543 2749 pia
1557 2701 1649 2749 justa
1672 2702 1766 2738 tulit.

1189 2766 1322 2804 Noster
1340 2765 1412 2814 ipse
1436 2765 1620 2802 Fastorum
1643 2764 1824 2804 secundo.
1852 2764 1905 2806 ys.
1928 2763 2010 2811 569.

1241 2835 1337 2866 Hanc
1351 2855 1362 2872 ,
1378 2827 1460 2877 quia
1476 2827 1569 2876 justa
1585 2829 1709 2874 serunt
1722 2857 1731 2872 ,
1755 2829 1869 2864 dlxere
1881 2826 2012 2873 feralia
2032 2824 2174 2861 lucem&

1189 2892 1236 2931 fic
1260 2894 1297 2929 δί
1323 2892 1405 2927 dare
1421 2891 1522 2939 justa.
1553 2891 1640 2929 Fast.
1665 2904 1726 2929 111.
1758 2891 1840 2935 560.

1239 2955 1434 2987 Germanae
1444 2950 1536 2999 justa
1555 2949 1619 2986 dat
1640 2961 1720 2987 ante
1734 2950 1830 2998 suae,

1186 3011 1245 3050 lib.
1268 3026 1326 3051 vr.
1345 3027 1430 3062 492.

1238 3079 1283 3110 Et
1307 3075 1447 3113 dederat
1470 3076 1599 3125 miseris
1620 3075 1738 3113 omnia
1754 3074 1845 3124 justa
1870 3073 1966 3121 rogis.

1188 3142 1288 3191 quod
1312 3141 1406 3180 male
1427 3151 1583 3181 mutant.
1639 3143 1768 3180 Statius
1787 3141 1911 3179 Theb.
1931 3152 1981 3179 ix.
2006 3139 2088 3187 518,

1417 3221 1502 3247 certe
1522 3209 1672 3247 tumulos
1681 3210 1906 3259 supremaque
1928 3204 2035 3242 vidia

1238 3261 1346 3310 Justa
1366 3260 1485 3297 dabas.

1359 3311 1395 3349 N
1408 3323 1431 3349 n
1444 3323 1466 3349 n
1480 3323 1503 3349 n
1535 3323 1555 3361 3

2170 3295 2237 3345 ubi,
