2495 3675
452 129 1083 195 TRISTIUM
1155 130 1348 188 Lrn.

704 369 1264 441 ELEGIA
1359 366 1537 436 XIV.

463 525 636 581 Uanta
661 525 755 580 tibi
788 522 1038 578 dederint
1080 521 1242 575 nostr-i
1280 532 1626 576 monumenta
1651 518 1842 583 libelli,

534 601 585 653 O
611 599 739 653 mihi
764 615 851 651 me
879 594 1078 664 conjux
1105 595 1302 655 carior,
1340 595 1443 664 ipsa
1469 595 1637 649 vides,

345 672 601 727 Detrahat
625 669 824 725 aneiori
850 669 1077 722 multum
1104 665 1339 720 Fortuna
1371 666 1578 729 licebit3

412 746 506 800 Tu
541 759 718 797 tamen
742 741 959 814 ingenio
988 740 1124 793 clara
1160 739 1333 792 ferere
1361 755 1502 791 mee.

126 857 132 861 -
199 833 225 886 5
342 817 596 890 Dumque
620 819 788 887 legar,
826 829 1037 868 mecum
1065 812 1258 882 pariter
1284 824 1371 862 tua
1397 813 1533 864 fama
1558 811 1787 883 legetur:

412 892 527 944 Nec
556 903 706 960 potes
734 888 788 940 in
813 884 1043 939 moestos
1071 884 1241 937 omnis
1271 883 1414 937 abire
1444 901 1624 954 rogos.

337 962 588 1033 Cumque
613 961 710 1013 viri
738 959 856 1012 casu
883 955 1040 1029 poffis
1066 955 1356 1010 miseranda
1383 956 1585 1018 videri;

406 1034 645 1089 Invenies
667 1033 890 1104 aliquas,
927 1046 1063 1102 quae
1087 1028 1237 1101 quod
1263 1046 1341 1089 es,
1379 1028 1480 1082 esse
1505 1030 1694 1085 velint:

335 1106 491 1181 Quae
518 1121 570 1160 te
590 1146 605 1169 ,
645 1105 945 1159 nostrorum
972 1119 1096 1157 cum
1124 1101 1184 1155 sis
1207 1101 1259 1155 in
1291 1114 1439 1172 parte
1474 1104 1762 1170 malorum,

195 1197 259 1234 10
407 1180 639 1235 Felicem
665 1178 876 1240 dicant,
914 1175 1296 1246 invideantque
1325 1173 1437 1228 tibi.

332 1254 461 1308 Non
486 1269 590 1323 ego
615 1251 821 1306 divitias
847 1249 1027 1303 dando
1053 1246 1145 1301 tibi
1175 1251 1320 1317 plura
1344 1246 1616 1304 dedissem.

406 1326 494 1380 Nil
520 1326 659 1379 feret
683 1324 748 1378 ad
775 1339 953 1378 manes
979 1320 1156 1375 divitis
1181 1319 1368 1373 umbra
1392 1319 1523 1375 suos.

334 1398 588 1471 Perpetui
614 1395 842 1451 frustum
873 1393 1068 1449 donavi
1095 1393 1349 1447 nominis:
1390 1393 1555 1466 idque

409 1471 540 1543 Quo
579 1469 705 1523 dare
732 1469 801 1523 nil
829 1468 977 1540 potui
1004 1482 1225 1520 munere
1255 1464 1446 1537 majus,
1484 1466 1657 1523 habes,

194 1563 255 1614 15
331 1543 522 1607 Adde,
561 1541 737 1615 quod,
775 1555 833 1595 ut
859 1557 1039 1595 rerum
1060 1539 1166 1593 sola
1192 1557 1245 1593 es
1271 1541 1434 1592 tutela
1459 1556 1697 1596 mearum
1717 1586 1731 1606 ‚

406 1616 497 1671 Ad
525 1629 576 1669 te
602 1631 711 1669 non
738 1614 885 1686 parvi
907 1613 1053 1667 venit
1083 1611 1299 1666 honoris
1325 1629 1474 1666 onuS.

329 1688 494 1761 Quod
521 1703 812 1759 numquam
835 1702 943 1741 vox
966 1687 1040 1740 est
1063 1684 1132 1738 de
1159 1698 1212 1739 te
1238 1702 1355 1738 mea
1383 1698 1558 1748 muta,
1599 1687 1787 1760 tuique

398 1760 623 1831 Judiciis
651 1760 812 1813 debes
838 1757 940 1812 effe
966 1756 1186 1829 superba
1214 1756 1327 1810 viri.

334 1833 487 1906 Quae
513 1850 578 1887 ne
600 1832 716 1904 quis
742 1828 900 1903 possit
925 1828 1205 1884 temeraria
1232 1828 1441 1892 dicere,
1478 1831 1702 1901 praesta:

189 1925 260 1960 20
405 1906 475 1960 Et
500 1906 695 1976 pariter
718 1904 859 1958 serva
884 1919 1078 1975 meque
1103 1902 1351 1973 piamque
1377 1901 1557 1957 fidem.

326 1978 465 2034 Nam
489 1991 607 2038 tua,
648 1975 777 2029 dum
802 1974 1069 2035 stetimus,
1107 1974 1249 2044 turpi
1274 1973 1379 2028 sine
1404 1975 1629 2031 crimine
1661 1977 1874 2043 manfit,

402 2049 475 2105 Et
501 2048 712 2104 laudem
737 2049 970 2120 probitas
997 2046 1355 2117 irreprehensa
1381 2048 1517 2103 tulit.

89 2320 124 2349 1.
149 2310 298 2361 §Quanta
317 2307 382 2347 tibi
405 2308 556 2347 dederim
587 2307 706 2356 nostris
734 2317 959 2345 monumenta
980 2306 1076 2344 libel-

34 2359 123 2410 lis.]
178 2361 346 2399 Dederint
370 2360 470 2406 nostri
499 2369 726 2397 monumenta
746 2359 851 2397 libelli
870 2358 1075 2407 Hambnrg.
1131 2356 1278 2395 Hfims.

37 2411 78 2449 ὅτ
96 2423 188 2450 unus
210 2412 422 2449 Vaticanus.
448 2410 557 2449 reste.
586 2411 731 2448 Hsms.

87 2471 123 2511 3.
150 2462 309 2499 Multum
331 2467 494 2498 Fortuna.

1422 128 1493 185 V.
1570 130 1742 188 Eme.
1778 132 1930 192 XIV.

2078 2174 2181 2233 Par

1183 2304 1289 2343 'Adde
1313 2305 1426 2356 quod,
1455 2306 1520 2356 (ut
1539 2321 1654 2347 rerum
1669 2308 1745 2357 fila
1768 2323 1800 2348 es
1825 2310 1937 2350 tutela
1965 2312 2154 2362 mearum.)

1185 2420 1241 2455 19.
1271 2409 1389 2446 Dicere
1419 2436 1429 2453 ‚
1464 2408 1611 2459 perstem]
1678 2411 1776 2450 Mihi
1807 2424 1890 2450 cum
1922 2413 2011 2452 οέὶο
2041 2413 2176 2462 scriptis

507 2460 524 2511 ]
579 2459 722 2497 Vultum
751 2461 896 2508 Regius.
926 2459 1076 2497 nimium
1133 2458 1274 2507 placet,
1297 2459 1453 2506 praesta.-
1481 2472 1566 2498 nam
1585 2461 1685 2498 aliter
1705 2462 1754 2499 bis
1777 2462 1873 2500 idem
1899 2464 2046 2503 diceret.
2078 2476 2108 2503 1.
2126 2476 2174 2504 ex

34 2522 134 2549 unus
152 2512 335 2550 Gallicus:
358 2512 396 2549 &
417 2510 601 2557 m0x‚vel
616 2519 736 2548 tamen
753 2511 883 2560 ingenio
896 2511 1009 2548 multa
1028 2512 1078 2554 se·

34 2561 110 2600 rere
129 2562 274 2610 Junian.

96 2621 127 2661 5.
155 2617 228 2649 Tua
236 2612 380 2662 fama.]
411 2617 485 2649 Tua
495 2613 597 2659 faeta
618 2610 771 2664 legentur
789 2612 942 2651 Moreti.
960 2622 1051 2650 mox
1065 2639 1077 2658 ‚

37 2673 108 2702 non
117 2673 209 2714 potes
230 2664 337 2702 multi
359 2664 474 2712 scripti
495 2664 534 2701 &
555 2662 658 2708 editi,

89 2736 128 2775 9.
159 2731 251 2763 Cum
262 2723 310 2775 fis
327 2726 364 2763 in
378 2734 476 2775 parte
492 2725 690 2776 laborum]
727 2726 773 2765 In
795 2713 924 2766 iisdem
950 2736 1077 2764 exem-

40 2775 194 2826 plaribus
213 2776 369 2826 scriptis,
397 2775 582 2815 malorum.
611 2776 780 2816 Cxorm.
983 2800 993 2807 κ

97 2853 155 2879 11.
180 2847 261 2878 Non
285 2854 340 2890 ego
368 2841 516 2879 divitias
547 2840 704 2892 dando.]
758 2839 951 2880 Distichon
970 2848 1082 2879 notae

42 2891 202 2930 minime
224 2892 372 2941 probae.
400 2893 549 2931 Herm.

34 2979 37 2983 ·
95 2967 152 3007 13.
180 2956 337 3006 Perpetui
351 2957 515 3002 frustum
537 2954 671 2994 donavi
689 2952 877 3004 nominis]
903 2953 1081 2995 AEternae

42 3006 163 3046 famae
185 3007 504 3046 immortalitatem
530 3006 622 3046 meis
651 3005 871 3045 carminibus
888 3005 953 3044 tibi
975 3017 1080 3046 com·

42 3059 178 3109 paravi.
205 3058 375 3097 ciorum.

98 3133 157 3169 ¹4·
181 3121 336 3171 Habea]
367 3121 464 3160 Habe
483 3121 559 3161 duo
579 3121 672 3161 libri.
698 3132 776 3161 non
796 3120 905 3161 male.

96 3181 157 3218 ις.
182 3171 289 3209 Adde
308 3173 398 3223 quod
420 3184 464 3214 ω’
482 3186 598 3212 rerum
611 3172 688 3224 fila
707 3187 740 3212 es
759 3172 869 3211 tutela
888 3171 1078 3225 mearum]

42 3221 160 3261 ‘solam
181 3222 291 3279 tutela
308 3224 415 3272 prim.
434 3224 546 3278 Polit2
563 3225 605 3267 ὃς
631 3223 710 3271 duo
729 3223 801 3278 alii‚
828 3237 861 3275 e(
887 3237 1005 3277 rerum
1023 3224 1083 3278 se:

35 3272 84 3318 τι
100 3281 144 3318 ο·
160 3271 309 3325 Iuniam
323 3271 471 3326 garbe,

1135 2509 1242 2547 Pont.
1265 2521 1319 2547 vr.
1343 2521 1400 2558 53.

1137 2609 1175 2648 ἃ
1189 2562 1311 2608 Quam
1330 2559 1472 2648 76nalese
1487 2560 1628 2610 praestet
1653 2562 1761 2599 veteri
1783 2563 1971 2603 Graecinus
1991 2565 2116 2612 amico.

1195 2622 1256 2647 111.
1280 2623 1306 2647 1.
1360 2623 1390 2657 ς.

1184 2665 1304 2710 Qare
1316 2688 1326 2704 ,
1354 2671 1393 2697 tu
1407 2662 1539 2711 praesta
1556 2690 1565 2707 ,
1593 2676 1633 2699 ne
1653 2662 1744 2700 livor
1762 2664 1868 2702 dicere
1880 2665 1985 2715 peffit.

1132 2725 1195 2764 ubi
1215 2725 1343 2764 itidem
1365 2728 1504 2765 variant
1524 2727 1668 2765 codices
1693 2728 1730 2765 ὃς
1748 2728 1829 2767 alibi
1850 2729 1965 2779 saepe.
1993 2731 2125 2774 Eum.

1187 2807 1246 2834 22.
1274 2800 1321 2832 Et
1343 2795 1483 2833 :andem
1509 2795 1660 2844 probitas
1680 2797 1906 2848 irreprehensa
1925 2801 2043 2848 suits!
2099 2804 2173 2845 Alii

1136 2848 1287 2896 legunt,
1317 2851 1360 2883 Et
1380 2858 1534 2884 tantum.
1565 2847 1690 2885 Maffci
1720 2849 1777 2885 lib.
1806 2854 1850 2886 Et
1882 2861 1996 2890 tanta.
2029 2843 2172 2894 Neutra

1139 2897 1252 2938 leetio
1273 2897 1466 2935 emendata
1489 2897 1547 2934 est.
1575 2897 1639 2935 Tu
1661 2911 1748 2936 vero
1769 2912 1812 2937 ex
1835 2913 1910 2938 uno
1936 2903 2099 2943 Vatican.
2120 2907 2176 2944 le-

1135 2961 1203 3000 ge,
1231 2952 1276 2984 Et
1294 2949 1431 2996 semper.
1459 2948 1627 2985 Croni«.
1656 2954 1701 2985 Et
1719 2951 1863 2986 tandem
1880 2954 2017 3001 primae
2041 2956 2177 2994 editio·

1135 3011 1210 3039 nes.
1251 3002 1293 3034 Et
1315 3008 1418 3035 tanta
1448 2999 1552 3048 prim.
1577 2999 1655 3037 Pol.
1684 3001 1788 3046 prim.
1813 3002 1884 3040 Pal.
1912 3004 1948 3041 &
1978 3006 2082 3044 multi
2103 3007 2178 3046 alii.

1135 3051 1247 3138 duo,S
1263 3058 1327 3137 tqg
1353 3061 1454 3087 nunc.
1475 3049 1584 3094 alius,
1611 3051 1717 3088 tanti.
1745 3052 1852 3091 Rich.
1873 3053 1911 3092 &
1931 3054 2175 3096 Bonunaan-

1135 3111 1202 3140 tae.
1251 3110 1299 3137 cri
1327 3111 1371 3145 e,

1186 3170 1233 3204 Ee
1249 3165 1369 3212 famae
1384 3164 1536 3216 probitas
1558 3165 1787 3218 irreprehensa
1798 3170 1886 3217 suit.

1137 3227 1284 3267 Heme.
1320 3228 1381 3266 An
1414 3230 1545 3268 Latine
1574 3229 1712 3268 dicatur
1735 3257 1746 3275 ,
1777 3232 1898 3277 famae
1914 3231 2084 3281 probitas,
2113 3233 2177 3268 ve·⁸

1137 3278 1500 3371 hementerrdtqlzitp.
1519 3288 1617 3322 certe
1641 3282 1838 3336 elegantius
1859 3283 1955 3322 foret
1975 3309 1987 3328 ,
2014 3294 2055 3323 a*
2081 3292 2177 3378 vlit?
