2495 3675
204 195 305 265 784
691 185 1243 250 ROVIDII

1318 182 1856 248 NASONIS

504 284 610 342 Sed
635 287 757 359 quia
783 305 866 343 res
891 285 1076 341 timida
1103 283 1179 336 est
1211 279 1384 333 omnis
1411 278 1598 342 miser>3
1642 281 1698 335 &
1723 285 1846 354 quia
1873 286 2038 360 longo

579 359 861 431 Tempore
886 358 1113 413 laetitiae
1132 354 1286 430 janua
1310 352 1478 406 clausa
1503 369 1655 408 meae
1681 355 1773 410 est.

502 430 622 504 Jam
647 434 804 488 dolor
834 434 887 485 in
914 443 1121 483 morem
1149 438 1296 480 venit
1322 442 1500 479 meus:
1542 440 1710 499 utque
1737 430 1953 486 caducis

364 524 435 577 40

583 505 833 561 Percuffu
861 500 1052 554 crebro
1074 499 1192 553 saxa
1216 511 1469 552 cavantur
1495 500 1676 570 aquis;

509 580 596 635 Sic
621 596 722 649 ego
746 574 1006 629 continuo
1031 572 1300 626 Fortunae
1331 571 1581 626 vulneror
1603 572 1738 628 istu:

590 651 809 720 Vixque
834 646 992 701 habet
1017 646 1073 700 in
1097 643 1250 699 nobis
1269 643 1375 714 jam
1401 660 1538 698 nova
1561 646 1710 717 plaga
1736 647 1932 705 locum.

510 724 627 779 Nec
654 721 818 792 magis
844 719 1067 774 adsiduo
1095 734 1283 772 vomer
1314 730 1563 771 tenuatur
1588 719 1652 771 ab
1680 722 1802 784 usu,

576 795 695 848 Nec
719 794 885 865 magis
909 792 984 847 est
1009 792 1183 846 curvis
1209 791 1384 862 Appia
1408 789 1529 843 trita
1556 792 1717 854 rotiS;

369 875 437 938 '45
512 866 737 922 PeFtora
761 883 923 939 quam
947 883 1066 920 mea
1092 864 1209 918 sunt
1235 864 1366 917 serie
1390 877 1605 917 caecata
1631 864 1900 922 laborum:

588 940 662 995 Et
688 940 816 994 nihil
842 939 1051 1001 inveni,
1085 936 1235 1010 quod
1260 935 1392 990 mihi
1416 936 1581 990 ferret
1605 953 1784 1007 opem.

510 1012 735 1069 Artibus
759 1012 1006 1083 ingenuis
1033 1009 1263 1082 quaefita
1288 1008 1363 1063 est
1388 1008 1555 1080 gloria
1583 1010 1800 1065 multis:

584 1086 779 1140 infelix.
795 1084 930 1157 perii
956 1082 1171 1138 dotibus
1195 1081 1304 1153 ipse
1329 1082 1477 1138 meis,

511 1158 641 1216 Vita
665 1159 818 1231 prior.
838 1157 972 1212 vitio
996 1167 1171 1219 caret,
1211 1156 1267 1208 &
1291 1153 1398 1207 fine
1422 1153 1538 1207 labe
1564 1152 1771 1225 perafla
1787 1174 1815 1209 ε-

363 1244 436 1306 50

584 1231 788 1286 Auxilii
813 1230 1005 1285 misero
1030 1230 1103 1284 nil
1131 1227 1252 1282 tulit
1276 1226 1360 1280 illa
1387 1226 1532 1281 mihi.

514 1306 688 1376 Culpa
711 1304 881 1376 gravis
906 1301 1150 1376 precibus
1174 1299 1406 1354 donatur
1432 1299 1583 1370 saepe
1609 1300 1862 1358 suorum:

583 1378 775 1433 Omnis
799 1394 899 1450 pro
928 1374 1079 1430 nobis
1102 1374 1266 1445 gratia
1294 1387 1440 1428 muta
1464 1372 1581 1427 fuit.

501 1452 740 1522 Adjuvat
765 1451 822 1505 in
847 1450 992 1504 duris
1016 1448 1143 1502 alios
1165 1444 1455 1518 praesentia
1480 1446 1662 1500 rebus:

587 1524 786 1578 Obruit
813 1525 920 1577 hoc
946 1521 1126 1575 absens
1153 1518 1291 1574 vasta
1317 1519 1549 1590 procella
1576 1531 1751 1591 caput.

400 1618 431 1669 5
511 1599 667 1672 Quae
691 1614 802 1651 non
829 1593 1134 1650 horruerint
1160 1592 1374 1646 tacitam
1404 1608 1625 1663 quoque
1652 1592 1886 1648 Caesaris
1913 1592 2082 1651 iram?

580 1669 787 1725 Addita
809 1669 925 1723 sunt
951 1665 1137 1739 poenis
1160 1665 1337 1736 aspera
1362 1664 1522 1717 verba
1550 1663 1699 1718 meis

510 1743 598 1798 Fit
625 1743 750 1811 fuga
775 1740 1106 1812 temporibus
1133 1739 1325 1793 levior:
1367 1735 1630 1818 projefius
1656 1737 1712 1792 in
1740 1755 1941 1812 aequor

588 1814 883 1871 Arearum
909 1812 1071 1876 subii,
1095 1809 1485 1884 Pleiadumque
1513 1827 1694 1867 mmas,

272 2089 332 2138 36.
359 2081 506 2136 Pignbra
529 2083 662 2135 mille]
710 2081 835 2120 Multa
853 2082 1031 2133 quinque.
1053 2093 1146 2122 certa
1156 2094 1265 2123 unus.

219 2140 301 2185 ‚vids
315 2151 379 2178 ιιι.
404 2137 493 2175 Fast.
507 2146 571 2188 74.

271 2199 333 2249 38.
360 2201 491 2246 Janua
511 2200 627 2247 claufit
657 2211 750 2236 meae
774 2197 859 2247 est.]
905 2200 1033 2246 Janua
1056 2200 1171 2245 clausa
1189 2213 1266 2237 mea

215 2251 260 2297 est
280 2250 439 2289 malebat
461 2250 560 2288 Tan.
593 2249 706 2287 Faber
737 2249 842 2287 notis>
865 2248 912 2286 in·
935 2251 1174 2297 Lucretium,
1203 2262 1266 2289 me

217 2314 298 2341 non
319 2303 484 2340 nolente.
516 2301 663 2338 Hsms.

217 2373 330 2450 H41.
361 2361 656 2412 minoranda]
687 2361 1027 2412 Verberor-Argent.
1052 2363 1091 2401 δί
1112 2363 1263 2404 Feschii.

262 2425 365 2452 εῐΝε.

267 2486 332 2525 42.
360 2476 533 2527 Vixque]
565 2475 631 2514 Vix
651 2474 756 2514 habet
776 2477 865 2516 osto
887 2477 986 2518 libri.'

265 2563 330 2602 44.
356 2553 472 2602 Magis
493 2554 576 2603 est.]
607 2554 662 2593 Ita
681 2555 802 2594 edidit.
817 2554 990 2593 Heinsius
1010 2567 1056 2594 ex
1076 2555 1263 2606 scriptis&

217 2604 368 2651 optimis
389 2605 635 2650 editionibus;
683 2605 865 2655 quaedam
886 2615 1012 2644 tamen
1035 2634 1046 2653 ,
1075 2619 1134 2644 nec
1154 2608 1264 2657 magis

216 2666 239 2690 a
259 2654 388 2691 curvis.
414 2656 525 2693 etiam
547 2668 626 2693 non
655 2657 765 2695 male.

269 2726 334 2766 45.
361 2720 448 2757 serie
465 2722 601 2759 calcata
625 2723 845 2774 malorum.]
869 2725 972 2765 Libri
1000 2737 1167 2775 veteres,
1189 2743 1262 2768 cae-

219 2777 300 2803 sata
322 2769 506 2809 malorum.
536 2773 708 2813 Cxofm.
760 2781 913 2814 Caecata
936 2780 1110 2819 meliores
1129 2793 1262 2819 omnes

220 2828 359 2874 magno
385 2832 556 2861 numere.
592 2824 751 2862 laborum
783 2829 895 2865 etiarn
927 2831 1084 2878 Argent.
1124 2833 1162 2868 &
1188 2831 1264 2869 duo

220 2868 293 2904 alii.
323 2869 466 2909 Heius.
506 2873 658 2912 Variant
681 2876 884 2915 admodum
919 2881 1079 2918 codices.
1106 2881 1265 2928 Barthii‚

222 2918 333 2973 celata
356 2947 366 2963 ,
403 2923 553 2977 quidam
586 2925 744 2964 Heinsio
765 2928 941 2977 inspecti,
977 2942 1123 2968 vexara.
1153 2933 1267 2979 alius,

222 2979 383 3006 contrua.
419 2973 477 3009 [ed
500 2986 638 3012 caecata
670 2978 903 3017 retinendum
922 2994 931 3018 ι
963 2982 1036 3018 vid.
1061 2983 1127 3019 inf.
1146 2995 1200 3021 1v.
1219 2996 1266 3022 11.

226 3028 285 3064 17.
314 3019 573 3076 conjecerat&
595 3027 966 3077 Heinfius,sulcata‚
995 3032 1080 3078 vel,
1097 3034 1265 3080 faecata,

224 3068 323 3107 unde
346 3070 526 3115 defaecata
554 3075 603 3112 est
624 3078 661 3113 in
683 3077 763 3117 usu.
791 3079 922 3118 Bunm.

274 3140 342 3180 47.
367 3132 528 3183 Gloria]
556 3138 684 3174 Gratia
699 3140 854 3179 Moreti.

274 3198 340 3238 49.
370 3194 416 3226 Et
427 3192 502 3240 sine
524 3196 597 3252 labe
613 3204 748 3245 perafsa
769 3204 851 3254 effi]
900 3207 952 3242 Τὸ
972 3207 1015 3252 est
1032 3209 1126 3247 abest
1149 3211 1169 3248 ὲ
1189 3212 1269 3251 Sar-

227 3250 302 3277 tav.
322 3239 476 3288 Argent.
494 3245 685 3287 Twisden.
704 3254 741 3288 &
764 3265 923 3302 quatuor
942 3258 1030 3298 aliis.
1055 3261 1198 3313 Ηεωε,

229 3330 240 3343 t
284 3310 345 3353 5119
371 3308 577 3361 Banasam]
606 3318 762 3367 Paratur
786 3316 938 3371 Thuan,

2246 1944 2372 2004 Sae-

1889 2078 2062 2132 :mquam
2088 2082 2273 2122 meliores.
2299 2084 2372 2129 ali-7

1321 2132 1407 2181 quid
1423 2132 1531 2180 prim.
1558 2131 1699 2169 Medic.
1729 2131 1883 2170 Thuan.
1898 2133 1996 2170 alios.
2020 2134 2130 2171 etiam
2160 2134 2267 2173 bene.
2288 2136 2369 2180 Sar÷

1321 2193 1396 2220 rav.
1418 2182 1546 2231 aliquo.
1568 2182 1713 2226 Scribe,
1741 2181 1876 2231 aliqua.
1907 2183 2008 2222 Vide
2031 2185 2149 2222 Notas
2171 2185 2280 2223 Trist.
2301 2198 2366 2225 ιη,

1322 2232 1424 2280 Eleg.
1448 2244 1501 2269 iv.
1519 2231 1577 2274 sss.
1601 2243 1659 2278 75.
1706 2232 1809 2269 versu
1832 2235 2006 2281 proximo
2036 2246 2104 2283 pro
2133 2233 2192 2272 hoe
2219 2234 2365 2285 absens,

1321 2291 1481 2333 quatuor
1497 2309 1508 2325 ‚
1535 2280 1686 2329 absentis
1705 2290 1820 2330 caput.
1848 2283 1996 2320 Hizms.
2207 2289 2211 2292 ’

1371 2358 1431 2394 ςς.
1458 2347 1574 2393 Qem
1613 2357 1681 2382 non
1721 2344 1874 2382 obrueret
1904 2345 2007 2383 taciti
2045 2359 2178 2398 quoque
2203 2350 2369 2398 Caesaris

1318 2396 1415 2445 iras]
1452 2395 1615 2432 obruerit
1637 2394 1757 2432 multi.
1793 2398 1896 2443 Qae
1927 2410 1994 2433 non
2022 2398 2173 2435 obruerit
2202 2398 2370 2441 Combii.

1320 2446 1425 2494 Qod
1458 2460 1527 2483 non
1555 2444 1703 2482 obruerit
1730 2445 1824 2482 iram
1862 2446 2030 2486 Vofii'an.
2057 2448 2147 2487 alius
2169 2477 2180 2496 ,
2217 2452 2366 2491 orruerit

1318 2497 1424 2537 iram.
1451 2497 1669 2536 veterrimus
1688 2495 1942 2543 Sarravianus,

1368 2560 1471 2607 {luae
1492 2570 1562 2595 non
1581 2555 1753 2593 horruerit
1773 2555 1922 2594 tacitam
1942 2570 2073 2609 quoque
2085 2560 2244 2610 Caesaris
2254 2564 2363 2605 iram:

1317 2618 1440 2663 redte,
1466 2617 1492 2656 fi
1519 2617 1718 2655 horruerint
1746 2629 1914 2668 reponas.
1940 2620 2007 2657 nisi
2024 2621 2152 2666 malis,
2184 2625 2275 2673 Quis
2294 2639 2366 2663 non

1317 2668 1502 2706 horruerit.
1530 2680 1617 2706 nam
1650 2668 1776 2705 Obruit
1805 2680 1889 2707 cum
1919 2670 2144 2718 praecesserit
2174 2676 2278 2714 versu
2307 2677 2365 2714 su-

1318 2719 1565 2808 periolrdssdhic
1589 2719 1675 2757 ferri
1705 2731 1783 2757 non
1810 2720 1939 2770 potest.
1967 2722 2110 2762 Hnms.
2146 2724 2261 2773 Trtstis
2279 2739 2365 2777 quo:

1321 2783 1387 2819 que
1447 2782 1479 2807 el
1511 2797 1523 2810 0

1373 2829 1436 2868 61.
1462 2828 1568 2866 Mala
1590 2829 1749 2879 nostras]
1781 2829 1885 2868 Mala
1908 2839 2012 2868 rama
2033 2830 2204 2870 Vatican.
2225 2833 2331 2873 bene.

1374 2881 1437 2921 62·
1463 2882 1595 2918 Dilata
1624 2881 1667 2926 est
1692 2880 1808 2931 spoliis
1834 2879 1963 2929 perfida
1997 2880 2102 2919 turba
2136 2884 2242 2929 meis,
2269 2884 2362 2934 σι’]

1322 2931 1384 2969 De
1416 2932 1615 2969 comitibus
1644 2931 1781 2969 itineris
1822 2932 1897 2968 five
1927 2932 2166 2980 profectionis
2194 2934 2363 2983 intelligo

1320 2983 1422 3020 hunc
1441 2982 1566 3019 locum
1580 3009 1591 3025 ,
1620 2993 1779 3029 quorum
1794 2980 1944 3028 perfidia
1966 2982 2071 3020 bonis
2089 2992 2149 3020 aut
2170 2983 2366 3032 rebusqui-

1321 3033 1474 3070 busdam
1497 3032 1564 3070 suis
1586 3032 1756 3080 spoliatus
1786 3033 1896 3069 fuerit
1926 3033 2066 3070 Poeta:
2094 3044 2168 3068 non
2197 3034 2243 3071 de
2272 3038 2366 3075 ami-

1319 3083 1371 3121 cis
1391 3095 1432 3119 ac
1453 3083 1582 3126 bonis,
1612 3083 1759 3119 Romae
1779 3091 1842 3119 aut
1868 3087 1905 3119 in
1933 3082 2031 3119 Italia
2045 3079 2221 3135 possessis.
2266 3087 2366 3125 Nam

1322 3133 1406 3171 alibi
1428 3132 1506 3170 satis
1527 3133 1621 3170 clare
1637 3131 1833 3181 fignificat,
1860 3131 1949 3169 nihil
1963 3131 2024 3167 sibi
2043 3143 2063 3167 a
2078 3132 2229 3171 Caesare
2243 3162 2252 3178 ‚
2266 3147 2369 3181 prae-

1324 3192 1380 3222 ter
1401 3185 1555 3231 patriam
1578 3210 1590 3228 ,
1627 3184 1844 3230 ademptum
1873 3178 1989 3218 fuiffe.
2027 3190 2066 3219 ut
2094 3183 2154 3220 lib.
2188 3196 2224 3223 v.
2259 3185 2370 3227 Trist.

1372 2081 1439 2130 '532'
1468 2077 1644 2129 >adjuvat
1661 2076 1805 2130 aliquos.
1817 2078 1836 2130 ]

1265 3259 1268 3262 ι
1327 3234 1431 3281 Eleg.
1452 3245 1497 3270 11.

1382 3290 1455 3323 Nec
1477 3282 1619 3326 vitam,
1638 3293 1705 3321 ,nec
1731 3289 1823 3329 opes,
1852 3292 1909 3317 nec
1930 3283 1990 3329 jus
2012 3281 2100 3319 mihi
2119 3283 2206 3324 civis
2223 3287 2373 3336 ademit2·

1432 3333 1508 3383 ἐξά
1529 3331 1641 3370 merui
1660 3330 1749 3369 vitio
1763 3329 1904 3380 perdere
1924 3335 2046 3371 cuneta
2069 3346 2153 3387 mea,

2309 3385 2373 3436 see}
