2495 3675
679 157 740 215 P.
813 156 1231 216 OVIDII
1305 157 1836 220 NASONIS

482 272 652 329 'Nunc
674 273 765 328 ubi
792 273 889 329 fint
916 273 1042 338 illis,
1079 275 1320 349 quaeris,
1358 274 1553 329 saerata
1577 276 1858 341 KalendiS,

566 345 797 420 Templa
823 347 1002 401 Deae?
1044 348 1207 418 longo
1234 348 1569 419 procubuere
1594 349 1699 404 die.

495 419 695 475 Cetera
721 439 788 475 ne
813 419 961 474 simili
986 421 1244 474 caderent
1271 419 1521 474 labefaRa
1547 423 1701 477 ruina

353 498 423 550 60

571 492 730 547 Cavit
757 492 940 547 sacrati
967 492 1192 561 provida
1219 505 1345 547 cura
1373 493 1571 548 Ducis:

502 567 611 621 Sub
636 583 746 637 quo
775 563 1006 618 delubris
1042 565 1265 620 sentitur
1291 566 1430 620 nulla
1455 565 1709 623 sene&us.

579 640 696 693 Nec
722 637 835 691 satis
865 634 938 689 est
962 638 1234 702 homineS‚
1272 638 1472 710 obligat
1499 639 1584 692 ille
1608 639 1774 694 Deos.

500 712 859 781 Templorum
883 709 1084 781 positor
1101 751 1115 774 ,
1156 711 1481 783 templorum
1506 710 1679 767 sanae
1703 713 1976 785 repostor,

577 784 655 837 Sit
684 782 931 855 nuperi&
968 800 1130 858 opto,
1170 798 1356 840 mutua
1381 802 1508 839 cura
1534 784 1627 838 tui.

213 996 339 1047 ‚primo
362 994 596 1044 postpositus:
625 996 733 1044 hujus
761 1004 885 1035 tamen
916 998 993 1043 rei,
1021 1007 1163 1047 praeter
1179 999 1265 1038 No-

2215 861 2364 919 Dent

1372 1010 1431 1046 57.
1459 1005 1563 1037 Nunc
1574 998 1633 1037 ubi
1645 998 1718 1048 sint
1734 998 1888 1050 ‚quaeris
1901 998 1990 1044 ,illis
2002 1000 2144 1047 fitcrata
2157 1001 2365 1053 Kalendis.]

218 1048 327 1086 strum
344 1075 353 1090 ,
383 1047 503 1085 nescio
527 1060 570 1084 an
593 1047 706 1085 alium
736 1051 893 1097 reperies
915 1049 1056 1087 testem.
1086 1051 1263 1089 Nuper.
1318 1050 1399 1088 Urs.
1419 1051 1614 1088 Patavinus
1640 1054 1676 1088 ὅ(
1700 1052 1828 1100 reliqui
1853 1052 1984 1100 majori
2005 1063 2050 1089 ex
2072 1061 2171 1098 parte
2191 1064 2275 1091 cum
2297 1054 2368 1102 pri-

221 1097 435 1146 Constituisse
460 1110 563 1136 unus.
591 1097 663 1135 vid.
687 1098 867 1136 Petav.dc
890 1100 1020 1138 Docstr.
1043 1102 1183 1150 Temp.
1205 1103 1264 1140 lib.
1322 1101 1390 1139 mis
1420 1102 1651 1140 editionibus.
1709 1108 1815 1138 Nunc
1841 1101 1900 1137 ubi
1933 1102 2018 1148 sunt
2039 1102 2110 1138 illis
2126 1131 2137 1147 ,

221 1160 361 1197 neap.
383 1160 437 1195 74.
466 1151 503 1186 ὅ(
528 1148 699 1185 Munker.
721 1148 766 1186 de
788 1150 921 1188 Interc.
940 1151 1165 1201 lib.111.cap.
1179 1165 1214 1201 9.

273 1223 333 1258 ςς.
362 1210 530 1258 Principio
559 1209 716 1260 menfis.]
771 1211 944 1250 Kalendis
971 1214 1148 1261 Januariis
1170 1224 1265 1253 tem·

2165 1117 2251 1153 quae
2276 1106 2370 1150 sunt.

1322 1151 1423 1189 Voss.
1455 1155 1490 1190 ὅ(
1518 1153 1577 1189 sex
1605 1153 1662 1189 alii
1686 1180 1696 1196 ‚
1726 1153 1783 1190 abi
1805 1150 1878 1201 fint
1896 1151 1966 1188 illis
1996 1154 2132 1200 quaeris
2153 1180 2163 1198 ,
2192 1155 2252 1192 vel
2270 1153 2371 1203 sunt.

1322 1203 1462 1240 Mazar.
1491 1203 1634 1241 Zulich.
1662 1203 1701 1241 &
1731 1204 1858 1241 decem
1893 1202 1963 1240 alii.
2013 1203 2141 1241 Reete.
2180 1203 2248 1242 nisi
2274 1205 2370 1244 forte

220 1260 325 1308 plum
343 1261 482 1307 Junoni
511 1262 671 1310 Sospitae
700 1261 966 1301 consecratum.
1014 1265 1136 1302 NEAP.
1168 1266 1266 1304 Citat
1320 1255 1462 1297 mam»

221 1312 497 1399 lgec6Priscian.
520 1313 580 1351 lib.
605 1324 640 1351 v.
660 1324 740 1362 pag.
759 1313 845 1364 650.
866 1314 974 1353 &lib
998 1327 1069 1354 vix.
1088 1328 1169 1366 pag.
1183 1328 1267 1366 749·

285 1373 301 1408 7
337 1377 368 1412 5·

281 1441 338 1477 55.
368 1427 538 1477 Phrygiae
571 1430 785 1467 contermina
816 1430 965 1482 matri]
1019 1431 1119 1480 Ergo
1140 1432 1274 1471 exstru-

227 1480 329 1518 estum
352 1481 389 1517 in
419 1480 556 1518 Palatio
577 1509 586 1525 ‚
624 1481 648 1518 fi
675 1483 780 1519 matri
811 1481 940 1519 Idaeae
973 1483 1137 1520 Vlcinum
1163 1496 1171 1520 :
1200 1495 1276 1522 neu

225 1530 371 1574 dubita;
398 1531 544 1569 testatur
566 1533 675 1570 etiam
698 1533 844 1570 Publius
863 1533 1045 1572 Vffiorin
1065 1533 1278 1584 descriptio-

225 1593 275 1669 {lie
297 1582 473 1669 dosrninae
494 1582 625 1628 Urbis,
653 1585 855 1622 &veteres
883 1584 1009 1623 Neam.
1036 1585 1170 1622 Mat-ris
1182 1596 1275 1625 unus

276 1644 331 1670 ein
351 1646 386 1670 11.

283 1685 343 1733 56.
371 1683 536 1721 Delubris
553 1685 690 1735 novis.]
749 1686 842 1734 Quis
860 1687 989 1726 audior
1008 1689 1162 1737 hujusce
1182 1697 1279 1727 tem·

228 1734 280 1783 pli
306 1742 405 1772 tacet
427 1735 582 1778 Noster;
613 1736 672 1774 sed
694 1737 857 1774 nostrum
879 1738 1105 1788 investigare.
1134 1739 1280 1777 Vinan·

232 1783 299 1822 dus
319 1783 466 1834 Pighius
494 1785 554 1823 lib.
579 1799 614 1824 x.
646 1787 847 1826 Annalium
873 1817 884 1833 ,
924 1791 1084 1828 Lucium
1114 1791 1280 1829 Fortium

232 1836 424 1873 Licinium
458 1835 660 1875 Consulem
683 1839 878 1888 suspicatur
910 1851 954 1877 ex
984 1842 1141 1890 antiquis
1172 1854 1283 1880 num—

232 1887 304 1924 mis
323 1886 411 1924 cusis
434 1899 531 1925 anno
566 1901 696 1927 ntxrx.
726 1892 761 1928 in
791 1891 920 1939 quibus
947 1892 1099 1930 incisum
1129 1894 1284 1940 Junonis

231 1937 400 1986 Sospitae
418 1946 549 1986 caput,
562 1941 728 1978 vestitum
744 1943 838 1990 pelle
851 1941 995 1989 caprina
1009 1970 1018 1986 ‚
1047 1943 1136 1982 ficut
1158 1945 1282 1982 Lanu·

234 1989 288 2027 vii
311 1989 476 2037 religiose
505 1990 691 2030 colebatur
715 2006 722 2029 ε
763 1992 783 2030 a
816 1993 922 2030 dorso
952 1996 1100 2032 nummi
1123 1995 1285 2034 visuntur

236 2038 403 2086 ejusdem
432 2041 587 2087 Junonis
617 2041 710 2080 sacra
731 2044 921 2093 symbola,
950 2056 1056 2093 capra
1087 2047 1131 2083 ad
1152 2046 1284 2091 altare,

235 2089 299 2128 sub
319 2102 396 2139 quo
412 2091 513 2139 jacet
534 2093 722 2132 involutus
743 2095 886 2142 serpens
901 2123 910 2138 ,
937 2095 1026 2132 item
1049 2096 1218 2143 secespita
1240 2098 1286 2136 ad

238 2141 431 2178 victimam
465 2153 547 2179 cum
578 2143 741 2189 patella:
780 2147 816 2183 in
849 2144 912 2183 orfi
945 2146 1080 2184 denarii
1119 2148 1288 2186 Consulis

237 2191 334 2228 illius
356 2203 510 2229 nomen.
539 2193 696 2241 Optime
715 2197 927 2246 hucusque:
956 2196 1013 2233 scd
1039 2199 1288 2246 quidadtem-

231 2240 370 2290 plum?
399 2243 497 2279 idem
521 2243 567 2281 de
588 2245 764 2284 sexcentis
793 2249 956 2284 nummis
979 2247 1123 2286 effutire
1143 2250 1287 2288 licitum

237 2292 362 2337 foret,
389 2294 449 2331 ubi
471 2295 628 2333 vidimus
647 2297 755 2334 incisa
778 2300 931 2335 nomina
963 2298 1000 2334 ὅ(
1024 2299 1226 2337 Consulum
1250 2302 1287 2339 ὅ(

241 2342 425 2381 AEdilium
458 2356 542 2382 cum
581 2346 730 2393 Junone
762 2347 924 2396 Sospita,
958 2350 1056 2385 cultu
1088 2350 1288 2388 Lanuvino

240 2393 435 2441 spectanda
455 2423 465 2438 ‚
496 2396 532 2433 id
553 2398 600 2434 est
624 2399 667 2436 L.
697 2399 914 2437 Cornelium
944 2400 1151 2438 Caudinum
1184 2403 1222 2439 δε
1245 2402 1289 2440 C.

241 2444 427 2492 Papirium
449 2446 667 2492 Masonem,
696 2452 732 2487 in
755 2451 830 2488 aliis
853 2451 1018 2488 Numam
1041 2451 1293 2500 Pompilium,

246 2496 285 2533 &
307 2497 344 2533 in
367 2497 502 2534 eodem
534 2500 755 2537 numismate
783 2500 902 2538 subtus
933 2502 976 2538 C.
997 2502 1184 2539 Licinium
1216 2504 1294 2540 Va-

248 2556 343 2583 rum.
371 2559 412 2584 ea
427 2546 542 2585 caussa
564 2561 626 2587 cur
643 2550 846 2588 haeremus.
875 2550 1044 2589 Fanenfis
1060 2552 1203 2597 scribit,
1220 2554 1295 2590 hoc

250 2596 433 2642 templum
457 2599 544 2636 illud
566 2599 635 2638 effe
649 2629 660 2645 ,
689 2602 792 2651 quod
816 2603 884 2638 Cn.
902 2602 1097 2640 Cornelius
1118 2604 1222 2640 vovit
1233 2604 1296 2641 sub

252 2645 399 2682 initium
432 2647 510 2685 belli
539 2649 712 2689 Insubrici
734 2679 744 2695 ,
783 2652 828 2688 de
854 2663 931 2700 quo
960 2653 1088 2689 Livius
1117 2654 1176 2689 lib.
1200 2665 1296 2691 xxii.

256 2696 428 2744 Principio
445 2709 576 2744 pugnae
593 2702 698 2738 vovit
717 2702 836 2738 aedem
856 2702 1012 2747 Junonis
1025 2703 1169 2749 Sospitae
1182 2730 1191 2745 ,
1209 2702 1245 2751 fi
1263 2716 1297 2738 eo

257 2745 313 2782 die
334 2746 519 2794 hollessusi
535 2752 715 2801 fugatique
734 2754 846 2800 efferet.
885 2752 954 2788 Sed
976 2752 1187 2789 mehercule
1207 2753 1298 2789 falli-

258 2805 339 2841 tur,
369 2808 429 2835 aut
450 2809 567 2836 errant
587 2804 793 2851 Antiquarii
821 2802 954 2840 nostri:
982 2815 1065 2839 nani
1098 2802 1187 2840 istud
1210 2815 1299 2840 con-

257 2849 459 2886 terminum
487 2849 598 2888 Matri
628 2864 781 2901 magnae
806 2853 932 2891 locant
958 2853 994 2890 in
1016 2853 1155 2892 Palatio
1181 2855 1301 2903 regio-

261 2910 311 2935 ne
334 2911 367 2935 x.
395 2899 442 2936 fic
463 2899 595 2938 vietor
624 2904 659 2939 in
692 2904 932 2952 descriptione
953 2904 1146 2942 summaria
1168 2906 1299 2949 Urbis3

263 2949 340 2986 hoc
370 2962 459 2986 vero
493 2953 654 2989 (otnelii
682 2957 716 2991 in
757 2955 840 2992 foro
872 2956 1037 2993 Olitorio
1070 2957 1221 3004 regione
1252 2968 1303 2993 XI.

265 2999 365 3037 idem
387 3000 581 3038 Patavinus
603 3003 693 3040 libro
714 3017 843 3041 xxxiv.
882 3007 983 3042 AEdes
1004 3020 1038 3042 eo
1059 3020 1150 3042 anno
1172 3007 1304 3054 aliquot

266 3050 444 3086 dedicatae
459 3051 546 3099 fiant
572 3080 582 3096 ‚
608 3067 678 3089 una
701 3055 855 3099 Junonis
875 3056 1018 3104 Sospitae
1037 3057 1076 3092 in
1090 3059 1168 3102 foro
1196 3058 1306 3093 Olizo-

270 3101 320 3138 rio
342 3113 426 3136 vota
441 3129 450 3145 ‚
479 3102 657 3152 locataque
686 3106 914 3153 quadriennio
933 3117 1015 3142 ante
1041 3106 1065 3142 ὰ
1088 3112 1154 3143 Cn.
1179 3113 1305 3144 Corne-

267 3150 312 3188 lio
333 3151 487 3194 Consule.
516 3153 612 3190 Eece
626 3181 635 3196 ,
664 3166 789 3192 nonne
804 3156 896 3194 clare
909 3166 1007 3204 patet
1031 3168 1121 3194 vana
1140 3159 1307 3203 σσΦιςεὶκ

268 3202 360 3240 boni
376 3203 608 3250 interpretis?
639 3205 753 3243 Satius
779 3206 973 3250 tacuisset,
1008 3207 1095 3245 ficut
1124 3209 1161 3246 ἃ
1191 3210 1308 3248 modo

268 3265 338 3291 nos
352 3255 537 3302 ,quinihil
551 3258 882 3301 certiinvenimus;
913 3259 998 3296 ideo
1018 3259 1308 3299 faciinuslocum

270 3304 402 3354 judicii
420 3304 580 3346 sanioris.
607 3307 784 3348 Neapor..
820 3311 938 3348 Aac-ia
953 3310 1028 3360 suis
1056 3319 1126 3351 tres
1149 3312 1305 3354 codices.

1381 1326 1488 1357 Nunc
1506 1320 1661 1369 abisam
1680 1321 1774 1366 illis,
1802 1323 1921 1371 quaesti
1935 1351 1946 1368 ,
1964 1323 2109 1372 sacrata
2128 1324 2298 1365 Kalendis

1434 1374 1572 1421 Templa
1597 1378 1688 1408 Deae
1702 1381 1716 1409 ἒ

1330 1422 1612 1518 Ῑὼὲιίἶῇἰῗίῗὶσὶε
1634 1478 1752 1511 Erato.
1781 1486 1877 1511 mora
1887 1472 1946 1521 fit.
1974 1474 2044 1511 Dic
2059 1487 2213 1523 caetera,
2240 1479 2379 1528 quaese-j

1436 1524 1504 1560 Dic
1519 1554 1528 1568 ,
1555 1524 1702 1574 inquam
1726 1553 1735 1567 ‚
1760 1524 1879 1572 parmi
1898 1539 1958 1562 cur
1971 1526 2055 1575 stipe
2072 1539 2218 1575 quaerat
2238 1540 2318 1579 opes.

1332 1575 1381 1614 fic
1402 1576 1439 1613 &
1462 1575 1512 1613 ibi
1530 1575 1674 1613 videtur
1693 1574 1933 1614 scribendum.
1960 1576 2031 1614 illis
2046 1578 2236 1623 Kalendis.;
2265 1588 2305 1618 ut
2315 1579 2380 1629 lib,

1334 1639 1506 1715 missii-ig.
1512 1679 1656 1726 sacrata
1674 1678 1765 1729 quod
1780 1677 1850 1715 illis
1870 1679 2007 1729 Templa
2019 1689 2154 1728 patent.

1332 1728 1619 1829 Rha-3229&
1640 1780 1711 1818 illis
1717 1780 2015 1830 gustanturlarda
2028 1781 2208 1819 Kalendis.
2235 1783 2384 1823 Hlims.

1338 1838 1445 1920 J{lunc
1464 1830 1525 1868 ubi
1551 1831 1633 1879 sant
1647 1861 1658 1877 ,
1685 1833 1842 1882 quaeris,
1872 1846 1936 1883 que
1945 1836 2032 1882 sunt
2046 1836 2190 1881 sacrata
2213 1834 2384 1872 Kalend-irs

1371 1895 1448 1921 ern.

1392 1933 1453 1984 58.
1482 1939 1590 1982 Longo
1608 1933 1702 1984 die]
1759 1940 1876 1983 Longa
1895 1934 1994 1972 Edit.
2024 1935 2201 1983 plurimae
2233 1937 2272 1973 &
2298 1936 2388 1984 Ber-⁴

1338 1985 1439 2023 nens.
1457 1985 1540 2022 cod.
1562 1985 1622 2022 sed
1641 1986 1776 2034 optimi
1794 1986 1941 2024 codices
1954 2014 1964 2030 ,
1991 1985 2102 2034 longo.

1393 2049 1453 2085 59.
1480 2036 1691 2087 Caderent.]
1755 2037 1912 2083 Jacea-ne
1951 2037 2094 2075 Arund.
2139 2048 2278 2076 ruerent
2323 2039 2391 2086 Paff‘

1316 2099 1323 2107 ’
1339 2095 1415 2126 tav-

1392 2141 1452 2177 61.
1480 2138 1674 2188 Senefius]
1704 2138 1856 2186 Vetustas
1876 2139 2028 2177 Sarravii
2050 2140 2088 2177 &
2107 2141 2274 2188 quinque
2292 2140 2366 2178 alii.

1394 2190 1454 2228 62.
1481 2190 1621 2238 Obligat
1649 2190 1706 2225 ille
1736 2189 1856 2239 Deos.]
1912 2192 2068 2228 Exercet
2099 2200 2222 2236 aperte
2253 2193 2389 2235 τέχνην

1342 2245 1534 2282 κολακικῆυ
1550 2268 1559 2283 ,
1587 2250 1627 2277 ut
1649 2240 1738 2278 alter
1755 2240 1800 2276 ad
1817 2241 1919 2278 suum
1940 2241 2228 2282 Domitianum;
2259 2239 2316 2277 sed
2332 2241 2391 2278 hic

1347 2302 1433 2328 vere
1453 2291 1608 2328 nimius:
1637 2291 1814 2328 Nuper..
1851 2290 1993 2338 Alligat
2011 2290 2180 2328 Beruens.
2201 2290 2264 2328 illa
2285 2291 2393 2330 multi

1345 2341 1503 2380 codices.

1397 2393 1457 2440 63.
1486 2391 1700 2440 Templorum
1719 2390 1879 2442 pofitor.]
1909 2392 2005 2438 Justa
2021 2392 2097 2429 laus
2116 2420 2132 2436 Α,
2170 2394 2250 2430 imo
2272 2392 2393 2430 debita

1349 2443 1406 2480 fax
1429 2445 1495 2480 erit
1517 2443 1602 2479 huic
1620 2442 1770 2479 disticho
1794 2443 2053 2491 Fragmentum
2080 2443 2303 2491 Ancyraein
2315 2443 2395 2480 sub-

1349 2494 1456 2531 urbiis
1476 2502 1660 2540 repertum
1681 2493 1727 2529 de
1748 2491 1821 2529 vita
1843 2497 1880 2529 ὅ(
1904 2492 2008 2541 gestis
2029 2493 2206 2541 Augusti,
2237 2495 2273 2530 &
2292 2493 2397 2532 locus

1350 2544 1516 2580 Suetonii
1541 2543 1587 2579 de
1608 2542 1770 2579 eodem:
1803 2543 1973 2592 Principes
2003 2543 2095 2579 viros
2116 2544 2215 2594 saepe
2233 2543 2396 2590 hortatus

1352 2592 1394 2641 est
1407 2621 1417 2637 ,
1447 2604 1484 2629 ut
1501 2602 1561 2641 pro
1583 2592 1756 2637 facultate
1775 2593 1918 2642 quisque
1936 2595 2169 2631 monumentis
2197 2595 2255 2631 vel
2272 2594 2398 2639 novis,

1352 2644 1411 2679 vel
1428 2643 1557 2690 refectis
1587 2655 1630 2680 c-J'
1650 2643 1820 2687 excultit,
1850 2644 1971 2681 Urbem
2001 2644 2237 2680 adornarent:
2265 2645 2400 2681 multa-

1353 2706 1418 2739 que
1438 2705 1460 2726 a
1481 2692 1603 2728 multis
1623 2693 1792 2738 exstrubla
1808 2697 1892 2741 sunt
1915 2723 1926 2739 ,
1953 2692 2045 2742 ficut
2060 2694 2090 2730 ὰ
2109 2695 2245 2731 Marcio
2266 2695 2399 2743 Philip-

1347 2752 1389 2790 po
1409 2741 1506 2778 aedes
1530 2743 1682 2778 Herculis
1705 2756 1747 2782 φ’
1765 2750 1974 2793 Musarum,
2001 2743 2026 2780 ὰ
2045 2750 2084 2781 L.
2102 2745 2284 2794 Cornificio
2301 2746 2401 2783 aedes

1355 2792 1496 2828 Dianae
1517 2821 1527 2837 ‚
1563 2794 1608 2828 ab
1638 2792 1757 2842 Afinio
1788 2796 1938 2832 Pollione
1967 2793 2101 2831 atrium
2139 2795 2345 2841 Libertatis,
2373 2796 2400 2834 ὰ

1357 2843 1523 2879 Munatio
1548 2843 1675 2880 Planco
1705 2844 1799 2881 aedes
1833 2845 1988 2882 Saturni.
2043 2847 2123 2883 Nec
2146 2846 2261 2884 solum
2293 2847 2399 2885 sacris

1356 2894 1393 2930 ὃς
1415 2895 1576 2941 profanis
1594 2894 1766 2932 aedificiis
1796 2897 1928 2933 mirum
1957 2908 2069 2944 quam
2091 2895 2252 2935 deditus:
2283 2909 2401 2946 paene

1359 2956 1490 2981 omnes
1531 2945 1639 2982 Urbis
1682 2946 1756 2982 vias
1787 2946 1882 2983 silice
1911 2948 2030 2984 stravit
2058 2950 2096 2984 &e
2129 2950 2300 2985 munivit.
2352 2959 2400 2986 eo

1359 2995 1494 3041 spectat
1523 3007 1699 3032 nummus
1728 2996 1882 3045 Augusti
1913 3010 1997 3035 cum
2029 3009 2115 3035 arcu
2136 3026 2148 3043 ,
2195 2999 2400 3047 trophaeis,

1361 3046 1481 3084 statuis
1509 3047 1545 3082 ὅ(
1568 3045 1672 3083 ill-„ire
1697 3047 1953 3096 inscriptione:

1364 3162 1398 3200 N
1440 3110 1626 3160 QVOD
1662 3112 1787 3151 VIAE
1823 3113 2108 3153 MVNITAE
2144 3113 2327 3153 SVNT.

1405 3173 1540 3199 sapor..

1418 3214 1462 3262 63
1494 3215 1688 3264 Repertor.]
1744 3216 1802 3254 Sic
1833 3219 1867 3254 in
1903 3216 2111 3260 veteribus;
2158 3216 2220 3254 sed
2260 3214 2405 3256 fortasse

1366 3264 1500 3302 reffior
1537 3267 1635 3315 prior
1669 3266 1782 3304 lectio
1804 3295 1814 3311 ,
1853 3270 1973 3303 Sancte
2003 3267 2161 3316 Repossor.
2216 3268 2406 3305 Nauem.

1366 3317 1526 3364 Reseclor.
1573 3317 1693 3366 Inepti
1722 3317 1804 3358 libri
1823 3345 1835 3365 ‚
1873 3319 1937 3366 qui
1968 3318 2103 3357 habent
2126 3329 2273 3369 repertor
2291 3317 2412 3407 eMsaeg
