2495 3675
244 193 341 241 130

678 166 760 225 21².
835 157 1255 222 0V1D11
1325 110 1856 219 NASJO‘NIS

533 282 663 341 Vim
687 296 833 356 parat
857 280 974 336 hic:
1010 277 1161 335 vultu
1184 289 1285 346 pro
1307 271 1484 328 verbis
1509 271 1593 327 illa
1616 286 1894 347 precatur;

606 357 678 411 Et
704 356 890 411 frustra
912 364 1067 407 muto
1090 347 1278 405 nititur
1303 364 1398 404 ore
1424 346 1592 419 loqui.

393 437 492 501 615
530 429 724 501 Fitque
755 428 953 499 gravis,
992 422 1342 493 geminosque
1369 419 1535 491 parit,
1575 420 1668 493 qui
1695 421 1932 495 compita
1954 424 2192 494 servant,

604 503 675 557 Et
700 501 913 572 vigilant
941 496 1117 549 nostra
1139 493 1347 564 semper
1370 493 1426 548 in
1449 493 1610 557 urbe,
1648 493 1832 551 Lares,

635 574 867 631 Roxima
893 568 1107 639 cognati
1136 567 1322 622 dixere
1345 565 1566 622 Caristia
1590 568 1727 632 cari,

532 580 630 716 P
705 647 776 699 Et
804 643 951 698 venit
975 643 1045 696 ad
1066 640 1230 696 socias
1255 639 1409 696 turba
1430 639 1731 713 propinqua
1756 641 1932 714 dapes,

532 721 745 776 Scilicet
772 718 801 772 a
825 715 1069 779 tumuliS,
1108 715 1192 778 δε,
1230 713 1324 785 qui
1359 713 1596 792 periere,
1634 715 1978 788 propinquiS,

390 802 496 851 620

604 792 856 847 Protinus
879 789 944 844 ad
971 789 1125 842 vivos
1149 804 1243 841 ora
1269 785 1470 840 referre
1487 798 1664 856 Juvat:

533 866 768 937 Postque
797 877 879 918 tot
903 860 1138 924 amiffm,
1175 858 1442 932 quidquid
1469 859 1538 913 de
1566 858 1818 930 sanguine
1853 860 2007 916 restat
2023 901 2039 927 ,

607 938 934 1010 Adspicere;
976 934 1032 989 δε
1058 933 1269 1006 generis
1294 934 1635 987 dinumerare
1660 933 1872 1003 gradus.

537 1011 761 1067 Innocui
787 1010 1029 1064 veniant:
1070 1006 1262 1080 procul
1287 1006 1443 1070 hine,
1479 1006 1666 1077 procul
1691 1006 1886 1077 impius
1911 1004 2023 1061 esto

605 1082 822 1146 Frater,
861 1082 916 1138 δε
942 1081 997 1135 in
1023 1095 1203 1154 partus
1227 1095 1397 1135 mater
1423 1077 1611 1133 acerba
1636 1079 1780 1133 suos:

243 1299 393 1339 Herus.
436 1294 571 1334 Versus
586 1293 646 1333 ille
666 1292 903 1332 scabetrimus
923 1306 934 1335 ;
964 1290 1023 1329 cui
1045 1301 1114 1328 nos
1133 1288 1294 1328 auetori-

243 1352 318 1390 tate
331 1348 466 1387 codicis
476 1344 787 1385 Francofurtenfis
797 1343 1042 1392 integritatem
1059 1341 1294 1385 restituimus,

241 1400 402 1450 legendo
417 1427 428 1444 ,
455 1399 492 1436 in
507 1396 740 1447 praecedenti
760 1404 886 1440 vocat,
915 1395 953 1431 &
971 1392 1059 1430 dein
1071 1420 1082 1437 ,
1100 1397 1181 1429 Duc
1196 1419 1205 1436 ,
1220 1392 1273 1429 ait
1286 1420 1298 1437 ,

244 1453 293 1489 ad
319 1463 449 1488 manes.
468 1449 602 1487 Eunu.

297 1503 382 1540 611.
412 1501 555 1550 Accepit
574 1499 688 1536 Iustus
706 1495 863 1546 euntes]
905 1492 1114 1543 Dispunera
1141 1491 1299 1531 litterula

243 1552 443 1603 legendum
457 1580 467 1596 ‚
497 1551 622 1599 accepit
640 1550 735 1586 lucus
753 1557 869 1586 euntes
886 1575 897 1592 ,
922 1555 962 1584 ut
983 1546 1020 1583 in
1050 1545 1187 1603 nostro.
1222 1545 1297 1583 Mi·

245 1617 307 1642 ror
328 1615 424 1653 ego,
450 1603 616 1640 minutos
639 1611 745 1638 meos
774 1598 837 1634 καὶ
856 1597 1094 1653 κοπρολὸχους
1120 1605 1299 1653 interpre-

243 1664 297 1694 tes
317 1654 391 1692 hoc
413 1665 491 1691 non
513 1649 653 1691 vidiffe.
701 1651 826 1688 NEAP.
866 1648 937 1687 Sed
955 1649 1003 1685 ita
1018 1659 1096 1697 jam
1116 1647 1296 1695 plurimae

246 1706 428 1744 editiones
450 1711 534 1742 ante
567 1702 770 1751 Neapolim
786 1729 797 1745 ‚
825 1700 864 1738 &
892 1700 1003 1737 laetus
1023 1711 1069 1736 ex
1096 1710 1294 1747 operarum

246 1757 343 1794 vitio
365 1752 574 1804 profluxisse
594 1761 696 1802 puto.
710 1763 796 1790 nam
816 1750 963 1789 codices
984 1761 1116 1787 omnes
1132 1777 1142 1793 ,
1163 1751 1271 1787 lucus.

298 1807 382 1843 612.
412 1805 506 1842 Duci
526 1814 604 1842 tum
619 1802 776 1853 placuiffi
786 1801 890 1851 su0.]
921 1799 1085 1848 Placuiffe
1096 1806 1166 1837 Deo
1175 1800 1297 1849 scripti

248 1857 414 1906 plerique
444 1867 528 1894 cum
561 1854 679 1904 prima
713 1854 892 1891 editione.
939 1852 1088 1889 mes.
1134 1851 1297 1901 Compla-

249 1908 346 1957 cuisle
360 1908 421 1956 suo
440 1906 608 1944 Bernens.

300 1960 385 2005 613.
415 1958 490 1996 Vim
507 1966 637 2006 parat.-
664 1955 756 1992 hunc
783 1952 931 2004 vultus]
967 1954 1010 1991 In
1030 1952 1190 1999 eodem,
1219 1953 1299 1991 Vim

245 2019 353 2059 parat
379 2008 433 2046 hic
452 2024 463 2045 .·
502 2008 621 2046 vultu.
658 2007 838 2045 NEAPoL.
873 2005 964 2043 Huic
985 2005 1189 2054 Gottorph.
1215 2003 1299 2042 hinc

249 2072 356 2098 unu&

301 2112 386 2158 615.
413 2109 640 2159 Geminosque
655 2107 794 2157 parit.J
839 2107 948 2145 Haec
971 2107 1079 2155 igitur
1099 2105 1272 2144 Larunda
1286 2134 1298 2151 ‚

251 2160 324 2198 {iva
350 2162 446 2198 Diva
465 2162 597 2204 Muta,
623 2161 671 2197 est
702 2159 830 2196 Mania
859 2158 1056 2195 Macrobii.
1107 2157 1211 2206 quue
1231 2157 1301 2194 ali-

252 2212 424 2261 quamdiu
451 2208 672 2259 observatum
693 2237 704 2254 ,
739 2210 797 2247 ille
822 2210 967 2257 inquit,
995 2218 1034 2244 ut
1062 2217 1121 2256 pro
1133 2208 1298 2253 firmilia-

254 2277 334 2299 rum
351 2263 509 2310 jospitate
529 2261 623 2309 pueri
646 2262 888 2298 metarentur
912 2259 1057 2296 Maniae
1077 2264 1192 2304 Deae,
1220 2272 1302 2295 ma-

252 2314 300 2350 tri
320 2314 476 2350 Larium.
504 2312 681 2349 NEAPOL.

305 2365 389 2413 615.
417 2364 492 2412 “i-Q?
512 2363 657 2410 compita
676 2359 864 2410 fimana]
897 2359 957 2397 Ad
978 2360 1070 2396 haec
1087 2359 1185 2408 leges
1207 2372 1302 2408 quae

255 2416 489 2457 nor-asinius,
519 2417 580 2450 σῦν
600 2417 674 2459 Θεῷ
692 2412 724 2448 δ’
743 2411 877 2454 εἰπεῖν,
907 2411 949 2448 ad
970 2410 1056 2448 illud
1084 2410 1143 2447 lib.
1165 2423 1200 2448 v.
1222 2423 1303 2458 140.

309 2467 470 2513 Compita
488 2474 593 2512 grata
615 2468 709 2508 Deo,
737 2463 882 2512 compita
902 2472 1005 2510 grata
1024 2461 1114 2498 cani.

255 2517 436 2554 NEAPoL.

310 2570 394 2604 ὑπό.
423 2572 557 2612 Semper
575 2564 614 2601 in
641 2564 723 2601 aede
746 2562 885 2612 Lares.]
943 2567 984 2598 In
1011 2561 1093 2598 urbe
1121 2561 1240 2610 scripti
1261 2563 1303 2600 ii-

258 2617 356 2654 dem.
387 2618 420 2653 ὅ(
441 2616 549 2653 ruste.
572 2617 683 2653 Lares
701 2616 800 2652 enim
821 2626 896 2651 non
917 2612 1111 2650 familiares
1133 2621 1277 2651 tantum
1293 2643 1303 2658 ‚

259 2667 317 2703 sed
337 2667 498 2714 publicos
519 2668 628 2703 ctiam
651 2668 709 2703 seu
730 2665 840 2701 viales
859 2664 1021 2710 defignat
1037 2691 1047 2705 ,
1073 2666 1135 2710 qui
1149 2665 1186 2699 in
1199 2675 1303 2700 com-

259 2718 343 2765 pztis
364 2718 584 2754 coleh-antur.
613 2717 710 2753 Nam
725 2716 760 2752 in
774 2715 945 2761 compitis
963 2714 1103 2760 gemini
1116 2712 1221 2749 fimul
1234 2714 1305 2749 La-

261 2779 314 2804 res
345 2768 617 2804 collocabantur
640 2795 650 2811 ,
687 2765 752 2804 nisi
781 2777 871 2802 cum
905 2764 1045 2800 Genius
1074 2762 1307 2809 Imperatoris

260 2819 382 2855 tertius
405 2819 593 2855 accederet
614 2845 624 2861 ,
651 2818 689 2855 in
712 2817 882 2853 domibus
900 2813 1106 2863 fingulares.
1136 2813 1230 2850 lnfra
1245 2842 1255 2858 ,

313 2879 415 2915 Mille
444 2887 567 2926 Lares,
595 2882 811 2929 Geniumque
840 2880 949 2917 Ducis
965 2908 975 2925 ,
1001 2879 1062 2928 qui
1093 2877 1243 2917 tradidit
1261 2879 1306 2916 il-

443 2931 487 2966 los
503 2960 511 2973 ,

366 2980 449 3017 Urbs
471 2981 572 3017 habet
585 3009 595 3026 ,
621 2994 663 3021 ω’
681 2982 751 3018 vici
770 2982 918 3020 numina
938 2982 1033 3018 trina
1054 2980 1180 3019 colunt.

266 3047 416 3083 Lar-intr·
441 3049 618 3094 originem
651 3057 765 3093 tangit
800 3048 894 3094 apud
921 3048 1084 3084 Diome&¹
1102 3059 1146 3083 m
1173 3047 1305 3084 Cram-

266 3108 367 3135 niatu
385 3110 443 3133 utu
483 3107 486 3125 ἱ
513 3098 612 3134 allius
640 3099 802 3133 Hemina
827 3110 859 3133 uz
885 3098 1071 3134 fluimus:
1128 3105 1189 3144 [λιι]
1227 3112 1305 3133 rum

267 3148 391 3195 vralgus
417 3146 487 3194 fine
506 3160 716 3183 comentffone
746 3149 977 3193 consentiendo
995 3154 1218 3195 praesuta-a„
1250 3162 1304 3185 ae·

265 3199 415 3250 qualirer
436 3209 571 3245 lmpet‘s'ss
589 3205 781 3237 {le-Jaumey
806 3198 986 3234 ramulum
1003 3228 1008 3240 ‚
1027 3199 1077 3234 im
1093 3212 1113 3232 u
1153 3200 1191 3233 rie
1216 3214 1300 3245 “gazo

263 3259 358 3295 pares
388 3262 477 3285 anter
501 3250 535 3297 se
558 3252 651 3297 essem
708 3250 895 3291 Memfi-‘svm
920 3248 973 3296 fit.
1002 3250 1057 3294 six*
1078 3250 1170 3296 pit-'2³1‘
1191 3263 1298 3296 scu-css

260 3301 431 3350 erxginta,
460 3302 553 3350 cujus
579 3301 938 3348 reijammsecerum
961 3299 1105 3336 Laribus
1133 3306 1174 3336 (17
1184 3301 1298 3338 tendu-

2293 1156 2400 1214 Cui

1350 1288 1454 1328 libus.
1476 1299 1565 1328 nam
1583 1289 1749 1336 grundire
1767 1302 1835 1339 pro
1860 1289 2032 1340 grunnire
2050 1298 2193 1332 veteres
2219 1264 2404 1336 dicebant.

1351 1340 1522 1379 Emenda
1550 1339 1783 1378 Marcianum
1807 1342 1994 1390 Capellam
2025 1343 2085 1381 lib.
2105 1355 2132 1381 1.
2152 1356 2232 1394 pag.
2259 1346 2316 1384 16.
2343 1346 2403 1387 ed.

1355 1392 1478 1430 Grotii
1491 1420 1502 1436 ,
1530 1390 1591 1428 ubi
1604 1401 1677 1446 ¹pro
1699 1402 1746 1427 eo
1761 1419 1771 1434 ‚
1800 1393 1904 1441 quod
1923 1405 2022 1431 nunc
2041 1394 2173 1444 legitur
2193 1396 2297 1434 nullo
2318 1397 2402 1436 sen-

1352 1442 1410 1487 su,
1425 1448 1494 1480 Lar
1515 1454 1673 1479 ommam
1691 1442 1882 1487 cunaalis,
1919 1445 2175 1492 reponendum
2188 1474 2199 1490 ,
2228 1452 2300 1484 Lar
2311 1460 2403 1486 com—

1347 1493 1480 1543 pitalis.
1505 1492 1571 1531 nisi
1592 1493 1731 1538 mavis,
1759 1499 1831 1531 Lar
1851 1493 2064 1533 comitialis.
2080 1496 2168 1534 hinc
2187 1498 2226 1536 ὅ(
2243 1499 2341 1536 forte
2363 1500 2403 1539 in

1354 1546 1470 1583 veteri
1487 1544 1729 1591 Inscriptione
1741 1545 1838 1593 apud
1856 1545 2003 1584 Tertul.
2020 1545 2068 1584 de
2087 1546 2251 1596 Spectac.
2270 1561 2349 1599 cap.
2361 1562 2403 1589 v.-

1355 1595 1526 1634 LARES
1564 1595 1819 1634 COMPITO
1858 1597 2146 1636 POTENTES
2189 1597 2403 1648 legendum.

1353 1647 1469 1697 vulgo
1492 1675 1504 1691 ‚
1540 1646 1690 1684 Comitio
1711 1654 1872 1696 potentes,
1903 1649 1942 1685 in
1980 1647 2015 1685 S.
2044 1648 2234 1697 Agobardi
2270 1650 2402 1690 codice

1352 1698 1462 1735 Coillo
1483 1698 1670 1747 legebatur
1690 1725 1701 1742 ,
1733 1698 1832 1737 uncle
1862 1698 2006 1736 Salmas.
2034 1698 2165 1738 Exere.
2194 1700 2287 1739 Plin.
2320 1713 2402 1752 pag.

1352 1750 1437 1794 641.
1466 1750 1574 1788 colio.
1600 1750 1739 1797 inepte.
1763 1760 1848 1788 cum
1880 1751 2002 1799 potius
2025 1749 2214 1789 contraee
2232 1763 2300 1800 pro
2323 1766 2404 1790 con-

1352 1799 1429 1837 cilio
1447 1800 1618 1849 scriptum
1639 1799 1757 1838 videri
1776 1799 1905 1849 poffet.
1935 1801 1992 1838 De
2017 1802 2169 1840 Laribus
2189 1802 2289 1851 plura
2312 1815 2405 1841 con-

1352 1850 1840 1901 geffitMeurfiusAuetario
1857 1852 2090 1902 Philologico
2111 1865 2187 1902 cap.
2203 1866 2235 1891 1.
2260 1854 2405 1894 Herus.

1406 1905 1489 1950 617.
1517 1903 1685 1940 Proxima
1708 1901 1880 1952 mgnum]
1936 1916 2022 1941 vin.
2050 1903 2229 1943 Kalendas
2250 1905 2402 1944 Martias

1355 1962 1458 2042 {aaut
1479 1954 1689 2011 ‘Charistizu
1734 1953 1836 1993 Bene
1870 1954 2133 1994 Kalendarium
2172 1955 2404 1995 Constantini

1404 2016 1514 2054 agni:

1479 2107 1556 2145 IX.
1634 2105 1918 2145 FERALIA

1482 2173 1592 2211 VIII.
1629 2173 2009 2211 CHARISTIA.

1482 2239 1591 2277 VII.
1630 2239 2074 2278 TERMINALIA.

1359 2340 1513 2378 Omittit
1540 2341 1633 2378 haec
1661 2340 1747 2379 fella
1778 2349 1882 2378 vetus
1912 2341 2153 2378 Romanurn:
2182 2342 2307 2380 miror.
2361 2343 2404 2382 In

1360 2391 1539 2433 Rurestr1·‚
1568 2392 1645 2440 post
1677 2392 1878 2429 Parentalia
1908 2393 1946 2429 ὃ(
1979 2391 2220 2439 Lupercalia,
2248 2393 2404 2442 legitur,

1359 2454 1465 2479 CARA
1505 2454 1683 2480 comen.
1732 2442 1880 2480 mallem
1914 2454 2011 2480 cam
2041 2453 2221 2480 cootwr.
2257 2444 2294 2482 id
2331 2445 2403 2489 est,

1360 2492 1511 2539 Caristia
1531 2503 1761 2540 cognatorum.
1792 2492 1860 2530 Sed
1880 2493 2031 2530 observa
2050 2493 2111 2530 issa
2123 2493 2262 2532 Valerii
2279 2495 2339 2532 lib.
2358 2508 2405 2533 11.

1360 2554 1437 2591 cap.
1466 2556 1494 2580 1.
1521 2543 1741 2580 convivium
1771 2543 1877 2580 etiam
1896 2543 2048 2592 fidemne
2078 2544 2222 2592 majores
2248 2545 2404 2590 institue·

1359 2604 1445 2630 runt
1468 2621 1479 2638 ‚
1521 2593 1625 2644 idque
1650 2593 1826 2639 charistia
1851 2593 2112 2642 appellaverunt
2134 2608 2146 2637 ;
2184 2594 2240 2631 cui
2267 2604 2404 2642 praeter

1359 2654 1514 2691 cognatos
1536 2655 1579 2682 (φ’
1608 2644 1723 2691 affines
1749 2658 1846 2681 nemo
1873 2643 2153 2693 interponebatur
2174 2659 2186 2679 .·
2225 2653 2266 2679 ut
2284 2642 2315 2690 fi
2331 2658 2403 2694 qua

1361 2695 1453 2737 inter
1475 2694 1664 2742 necessarios
1683 2695 1821 2743 querela
1841 2696 1914 2745 effet
1943 2705 2040 2737 orta,
2067 2693 2159 2742 apud
2179 2694 2279 2739 sacra
2306 2709 2406 2732 men-

1354 2745 1415 2789 sae
1427 2772 1435 2784 ‚
1464 2756 1508 2783 φ’
1526 2745 1616 2780 inter
1634 2745 1853 2782 hilaritatem
1870 2745 2068 2782 animorum
2082 2771 2092 2787 ,
2110 2744 2313 2789 fautoribus
2327 2759 2405 2783 con-

1363 2794 1494 2830 cordiae
1515 2795 1708 2840 adhibitis,
1730 2796 1916 2833 tolleretur.
1944 2794 2004 2831 Ad
2029 2794 2258 2832 Ovidianum
2286 2797 2406 2835 calcu-

1361 2843 1437 2881 lum
1461 2846 1624 2883 accedit:
1647 2846 1725 2883 dies
1747 2858 1834 2894 ergo
1847 2846 1906 2883 ille
1925 2854 2025 2882 totus
2046 2844 2188 2883 deditus
2209 2848 2405 2886 conviviis.

1359 2894 1446 2933 hinc
1469 2896 1641 2932 eumdem
1664 2924 1674 2939 ,
1714 2896 1844 2942 Festum
1864 2895 2067 2944 epularum,
2094 2896 2277 2934 dixerunt.
2332 2898 2403 2937 Sed

1360 2956 1442 2983 mea
1468 2948 1557 2983 haec
1571 2947 1744 2993 suspicio:
1772 2957 1858 2982 nain
1883 2947 1957 2983 hoc
1975 2948 2131 2984 nomine
2150 2947 2285 2985 diutius
2306 2948 2404 2994 dies,

1360 3007 1436 3044 quo
1475 2997 1600 3033 Petrus
1639 2995 1838 3044 Apostolus
1877 2996 2084 3034 cathedram
2128 2997 2165 3034 in
2202 2998 2404 3038 Antiochia

1360 3048 1495 3090 erexit,
1525 3047 1635 3094 vulgo
1656 3047 1771 3084 dictus
1793 3047 1863 3084 est:
1892 3048 2021 3085 incidit
2039 3047 2098 3084 ille
2119 3048 2155 3084 in
2183 3047 2284 3085 idem
2306 3058 2404 3088 tem-

1359 3109 1423 3146 pus
1438 3125 1448 3140 ‚
1469 3109 1544 3145 quo
1567 3098 1744 3135 celebrata
1763 3098 1914 3146 antiqua
1936 3097 2120 3135 Charistia.
2148 3098 2273 3136 NEAv.

1408 3147 1494 3185 6³8.
1533 3148 1594 3183 Ad
1626 3149 1728 3196 socios
1768 3148 1872 3185 turba
1918 3148 2105 3196 propinqua
2146 3151 2272 3198 Dum]
2328 3151 2398 3190 Pro

1356 3198 1491 3236 diversa
1512 3197 1673 3235 ltc'tiQue
1693 3201 1730 3236 in
1750 3209 1906 3247 quatuor
1927 3199 2061 3244 scriptis
2084 3198 2185 3248 dapes
2204 3201 2341 3238 inveni.
2361 3203 2400 3240 in

1357 3261 1457 3293 uno,
1480 3260 1617 3298 patres,
1648 3251 1682 3285 in
1712 3249 1805 3292 alio,
1833 3249 1929 3287 cibos.
1979 3250 2104 3297 Quare
2135 3250 2287 3288 arduum
2320 3264 2399 3290 non

1357 3301 1425 3340 fuit
1438 3301 1555 3350 socias.
1574 3299 1674 3350 dapes
1704 3299 1924 3347 conjectare.
1961 3298 2065 3350 quod
2094 3312 2185 3339 unus
2206 3302 2401 3391 Medicffus

2278 3364 2327 3401 po
2358 3364 2401 3391 ea
