<?xml version="1.0" encoding="UTF-8"?>
<!DOCTYPE html PUBLIC "-//W3C//DTD XHTML 1.0 Transitional//EN"
    "http://www.w3.org/TR/xhtml1/DTD/xhtml1-transitional.dtd">
<html xmlns="http://www.w3.org/1999/xhtml" xml:lang="en" lang="en">
 <head>
  <title>
</title>
<meta http-equiv="Content-Type" content="text/html;charset=utf-8" />
  <meta name='ocr-system' content='tesseract 3.04.00' />
  <meta name='ocr-capabilities' content='ocr_page ocr_carea ocr_par ocr_line ocrx_word'/>
</head>
<body>
  <div class='ocr_page' id='page_1' title='image "./publiiovidiinaso03ovid_0016.png"; bbox 0 0 2495 3675; ppageno 0'>
   <div class='ocr_carea' id='block_1_1' title="bbox 678 187 1230 249">
    <p class='ocr_par' dir='ltr' id='par_1_1' title="bbox 678 187 1230 249">
     <span class='ocr_line' id='line_1_1' title="bbox 678 187 1230 249; baseline -0.011 0"><span class='ocrx_word' id='word_1_1' title='bbox 678 193 738 249; x_wconf 91' lang='lat' dir='ltr'>P.</span> <span class='ocrx_word' id='word_1_2' title='bbox 812 187 1230 249; x_wconf 92' lang='lat' dir='ltr'><strong>OVIDII</strong></span> 
     </span>
    </p>
   </div>
   <div class='ocr_carea' id='block_1_2' title="bbox 1305 185 1836 245">
    <p class='ocr_par' dir='ltr' id='par_1_2' title="bbox 1305 185 1836 245">
     <span class='ocr_line' id='line_1_2' title="bbox 1305 185 1836 245; baseline 0.004 -1"><span class='ocrx_word' id='word_1_3' title='bbox 1305 185 1836 245; x_wconf 90' lang='lat' dir='ltr'>NASONIS</span> 
     </span>
    </p>
   </div>
   <div class='ocr_carea' id='block_1_3' title="bbox 427 302 1762 599">
    <p class='ocr_par' dir='ltr' id='par_1_3' title="bbox 427 302 1762 599">
     <span class='ocr_line' id='line_1_3' title="bbox 427 302 1734 381; baseline -0.006 -14"><span class='ocrx_word' id='word_1_4' title='bbox 427 330 453 379; x_wconf 78' lang='grc' dir='ltr'><em>ς</em></span> <span class='ocrx_word' id='word_1_5' title='bbox 493 308 787 381; x_wconf 74' lang='lat' dir='ltr'>Officiique</span> <span class='ocrx_word' id='word_1_6' title='bbox 815 308 987 361; x_wconf 86' lang='lat' dir='ltr'>levem</span> <span class='ocrx_word' id='word_1_7' title='bbox 1014 322 1124 359; x_wconf 90' lang='lat' dir='ltr'>non</span> <span class='ocrx_word' id='word_1_8' title='bbox 1150 304 1409 359; x_wconf 86' lang='lat' dir='ltr'>aversatus</span> <span class='ocrx_word' id='word_1_9' title='bbox 1436 302 1734 368; x_wconf 86' lang='lat' dir='ltr'>honorem,</span> 
     </span>
     <span class='ocr_line' id='line_1_4' title="bbox 565 376 1603 436; baseline -0.005 0"><span class='ocrx_word' id='word_1_10' title='bbox 565 384 620 436; x_wconf 78' lang='lat' dir='ltr'>ln</span> <span class='ocrx_word' id='word_1_11' title='bbox 651 382 739 434; x_wconf 77' lang='lat' dir='ltr'>tibi</span> <span class='ocrx_word' id='word_1_12' title='bbox 769 380 972 434; x_wconf 68' lang='lat' dir='ltr'>devoto</span> <span class='ocrx_word' id='word_1_13' title='bbox 1000 395 1222 431; x_wconf 85' lang='lat' dir='ltr'>munere</span> <span class='ocrx_word' id='word_1_14' title='bbox 1247 377 1439 432; x_wconf 79' lang='lat' dir='ltr'>dexter</span> <span class='ocrx_word' id='word_1_15' title='bbox 1463 376 1603 431; x_wconf 89' lang='lat' dir='ltr'>ades.</span> 
     </span>
     <span class='ocr_line' id='line_1_5' title="bbox 491 450 1762 522; baseline -0.005 -11"><span class='ocrx_word' id='word_1_16' title='bbox 491 457 640 511; x_wconf 68' lang='lat' dir='ltr'>Sacra</span> <span class='ocrx_word' id='word_1_17' title='bbox 672 451 1027 522; x_wconf 69' lang='lat' dir='ltr'><strong>recognosces</strong></span> <span class='ocrx_word' id='word_1_18' title='bbox 1054 450 1346 504; x_wconf 82' lang='lat' dir='ltr'>Annalibus</span> <span class='ocrx_word' id='word_1_19' title='bbox 1373 461 1522 503; x_wconf 85' lang='lat' dir='ltr'>eruta</span> <span class='ocrx_word' id='word_1_20' title='bbox 1546 450 1762 522; x_wconf 87' lang='lat' dir='ltr'>priscis;</span> 
     </span>
     <span class='ocr_line' id='line_1_6' title="bbox 565 522 1708 599; baseline -0.002 -19"><span class='ocrx_word' id='word_1_21' title='bbox 565 526 636 581; x_wconf 72' lang='lat' dir='ltr'>Et</span> <span class='ocrx_word' id='word_1_22' title='bbox 664 542 774 599; x_wconf 88' lang='lat' dir='ltr'>quo</span> <span class='ocrx_word' id='word_1_23' title='bbox 798 525 856 578; x_wconf 73' lang='lat' dir='ltr'>sit</span> <span class='ocrx_word' id='word_1_24' title='bbox 883 523 1078 577; x_wconf 85' lang='lat' dir='ltr'>merito</span> <span class='ocrx_word' id='word_1_25' title='bbox 1104 538 1347 596; x_wconf 85' lang='lat' dir='ltr'>quaeque</span> <span class='ocrx_word' id='word_1_26' title='bbox 1372 535 1553 576; x_wconf 85' lang='lat' dir='ltr'>notata</span> <span class='ocrx_word' id='word_1_27' title='bbox 1580 522 1708 578; x_wconf 86' lang='lat' dir='ltr'>dies.</span> 
     </span>
    </p>
   </div>
   <div class='ocr_carea' id='block_1_4' title="bbox 193 732 1254 3016">
    <p class='ocr_par' dir='ltr' id='par_1_4' title="bbox 194 732 1250 1349">
     <span class='ocr_line' id='line_1_7' title="bbox 197 732 1246 792; baseline -0.012 -8"><span class='ocrx_word' id='word_1_28' title='bbox 197 746 286 788; x_wconf 70' lang='lat' dir='ltr'>l1·:.s;</span> <span class='ocrx_word' id='word_1_29' title='bbox 316 749 432 780; x_wconf 80' lang='lat' dir='ltr'>mater</span> <span class='ocrx_word' id='word_1_30' title='bbox 452 739 485 777; x_wconf 89' lang='lat' dir='ltr'>ei</span> <span class='ocrx_word' id='word_1_31' title='bbox 503 739 572 777; x_wconf 86' lang='lat' dir='ltr'>fuit</span> <span class='ocrx_word' id='word_1_32' title='bbox 593 736 758 774; x_wconf 76' lang='lat' dir='ltr'>Antonia</span> <span class='ocrx_word' id='word_1_33' title='bbox 781 734 929 778; x_wconf 87' lang='lat' dir='ltr'>minor,</span> <span class='ocrx_word' id='word_1_34' title='bbox 958 740 1104 782; x_wconf 80' lang='lat' dir='ltr'>patruus</span> <span class='ocrx_word' id='word_1_35' title='bbox 1126 732 1246 792; x_wconf 79' lang='lat' dir='ltr'>Tibe-</span> 
     </span>
     <span class='ocr_line' id='line_1_8' title="bbox 197 785 1244 837; baseline -0.012 -3"><span class='ocrx_word' id='word_1_36' title='bbox 197 799 269 834; x_wconf 70' lang='lat' dir='ltr'>rius</span> <span class='ocrx_word' id='word_1_37' title='bbox 292 795 393 831; x_wconf 62' lang='lat' dir='ltr'>Nero</span> <span class='ocrx_word' id='word_1_38' title='bbox 411 820 419 834; x_wconf 89' lang='lat'>,</span> <span class='ocrx_word' id='word_1_39' title='bbox 457 790 516 828; x_wconf 84' lang='lat' dir='ltr'>sed</span> <span class='ocrx_word' id='word_1_40' title='bbox 547 788 670 837; x_wconf 87' lang='lat' dir='ltr'>postea</span> <span class='ocrx_word' id='word_1_41' title='bbox 692 785 896 834; x_wconf 82' lang='lat' dir='ltr'>adoptione</span> <span class='ocrx_word' id='word_1_42' title='bbox 917 793 1029 833; x_wconf 78' lang='lat' dir='ltr'>pater:</span> <span class='ocrx_word' id='word_1_43' title='bbox 1050 797 1135 823; x_wconf 87' lang='lat' dir='ltr'>nam</span> <span class='ocrx_word' id='word_1_44' title='bbox 1159 796 1244 822; x_wconf 79' lang='lat' dir='ltr'>cum</span> 
     </span>
     <span class='ocr_line' id='line_1_9' title="bbox 196 834 1245 890; baseline -0.01 -6"><span class='ocrx_word' id='word_1_45' title='bbox 196 845 379 884; x_wconf 49' lang='lat' dir='ltr'>Auo-istus</span> <span class='ocrx_word' id='word_1_46' title='bbox 403 842 532 878; x_wconf 65' lang='lat' dir='ltr'>Liviae</span> <span class='ocrx_word' id='word_1_47' title='bbox 561 834 742 886; x_wconf 70' lang='lat' dir='ltr'>im’pulsu,</span> <span class='ocrx_word' id='word_1_48' title='bbox 773 835 856 874; x_wconf 64' lang='lat' dir='ltr'>data</span> <span class='ocrx_word' id='word_1_49' title='bbox 875 836 1032 874; x_wconf 83' lang='lat' dir='ltr'>Tiberio</span> <span class='ocrx_word' id='word_1_50' title='bbox 1050 836 1085 890; x_wconf 76' lang='lat' dir='ltr'>in</span> <span class='ocrx_word' id='word_1_51' title='bbox 1110 836 1245 874; x_wconf 86' lang='lat' dir='ltr'>decen-</span> 
     </span>
     <span class='ocr_line' id='line_1_10' title="bbox 197 879 1246 937; baseline -0.01 -2"><span class='ocrx_word' id='word_1_52' title='bbox 197 879 302 935; x_wconf 67' lang='lat' dir='ltr'>niui&#39;n</span> <span class='ocrx_word' id='word_1_53' title='bbox 329 889 537 931; x_wconf 69' lang='lat' dir='ltr'>Tribunitia</span> <span class='ocrx_word' id='word_1_54' title='bbox 560 887 736 937; x_wconf 85' lang='lat' dir='ltr'>potestate</span> <span class='ocrx_word' id='word_1_55' title='bbox 752 915 762 933; x_wconf 92' lang='lat'>,</span> <span class='ocrx_word' id='word_1_56' title='bbox 791 899 876 925; x_wconf 88' lang='lat' dir='ltr'>eum</span> <span class='ocrx_word' id='word_1_57' title='bbox 899 885 1125 936; x_wconf 76' lang='lat' dir='ltr'>adoptnflet,</span> <span class='ocrx_word' id='word_1_58' title='bbox 1154 898 1200 924; x_wconf 89' lang='lat' dir='ltr'>ne</span> <span class='ocrx_word' id='word_1_59' title='bbox 1220 887 1246 925; x_wconf 87' lang='lat' dir='ltr'>is</span> 
     </span>
     <span class='ocr_line' id='line_1_11' title="bbox 196 937 1245 987; baseline -0.01 -2"><span class='ocrx_word' id='word_1_60' title='bbox 196 948 316 985; x_wconf 86' lang='lat' dir='ltr'>nimio</span> <span class='ocrx_word' id='word_1_61' title='bbox 349 946 491 981; x_wconf 82' lang='lat' dir='ltr'>honore</span> <span class='ocrx_word' id='word_1_62' title='bbox 524 940 637 978; x_wconf 84' lang='lat' dir='ltr'>elatus</span> <span class='ocrx_word' id='word_1_63' title='bbox 672 938 718 976; x_wconf 86' lang='lat' dir='ltr'>ad</span> <span class='ocrx_word' id='word_1_64' title='bbox 745 950 799 976; x_wconf 89' lang='lat' dir='ltr'>res</span> <span class='ocrx_word' id='word_1_65' title='bbox 831 950 947 976; x_wconf 83' lang='lat' dir='ltr'>novas</span> <span class='ocrx_word' id='word_1_66' title='bbox 977 937 1245 987; x_wconf 81' lang='lat' dir='ltr'>consurgeret,</span> 
     </span>
     <span class='ocr_line' id='line_1_12' title="bbox 198 988 1246 1039; baseline -0.01 -4"><span class='ocrx_word' id='word_1_67' title='bbox 198 996 357 1035; x_wconf 85' lang='lat' dir='ltr'>Neronis</span> <span class='ocrx_word' id='word_1_68' title='bbox 378 991 486 1030; x_wconf 87' lang='lat' dir='ltr'>Drufi</span> <span class='ocrx_word' id='word_1_69' title='bbox 504 990 618 1029; x_wconf 86' lang='lat' dir='ltr'>fratris</span> <span class='ocrx_word' id='word_1_70' title='bbox 638 990 716 1039; x_wconf 86' lang='lat' dir='ltr'>ejus</span> <span class='ocrx_word' id='word_1_71' title='bbox 735 988 852 1028; x_wconf 89' lang='lat' dir='ltr'>filium</span> <span class='ocrx_word' id='word_1_72' title='bbox 873 991 970 1038; x_wconf 89' lang='lat' dir='ltr'>prius</span> <span class='ocrx_word' id='word_1_73' title='bbox 992 988 1246 1036; x_wconf 76' lang='lat' dir='ltr'>adoptandum</span> 
     </span>
     <span class='ocr_line' id='line_1_13' title="bbox 196 1039 1249 1089; baseline -0.007 -5"><span class='ocrx_word' id='word_1_74' title='bbox 196 1046 353 1085; x_wconf 87' lang='lat' dir='ltr'>Tiberio</span> <span class='ocrx_word' id='word_1_75' title='bbox 375 1043 487 1082; x_wconf 87' lang='lat' dir='ltr'>dedit.</span> <span class='ocrx_word' id='word_1_76' title='bbox 524 1041 585 1079; x_wconf 87' lang='lat' dir='ltr'>Ad</span> <span class='ocrx_word' id='word_1_77' title='bbox 608 1041 760 1078; x_wconf 88' lang='lat' dir='ltr'>verbum</span> <span class='ocrx_word' id='word_1_78' title='bbox 781 1041 901 1086; x_wconf 86' lang='lat' dir='ltr'>haec,</span> <span class='ocrx_word' id='word_1_79' title='bbox 929 1051 1024 1089; x_wconf 83' lang='lat' dir='ltr'>quae</span> <span class='ocrx_word' id='word_1_80' title='bbox 1047 1040 1143 1085; x_wconf 74' lang='lat' dir='ltr'>dixi,</span> <span class='ocrx_word' id='word_1_81' title='bbox 1172 1039 1249 1077; x_wconf 78' lang='lat' dir='ltr'>fere</span> 
     </span>
     <span class='ocr_line' id='line_1_14' title="bbox 197 1092 1249 1140; baseline -0.006 -5"><span class='ocrx_word' id='word_1_82' title='bbox 197 1098 274 1136; x_wconf 91' lang='lat' dir='ltr'>Dio</span> <span class='ocrx_word' id='word_1_83' title='bbox 308 1095 443 1133; x_wconf 84' lang='lat' dir='ltr'>Caffius</span> <span class='ocrx_word' id='word_1_84' title='bbox 473 1092 535 1131; x_wconf 88' lang='lat' dir='ltr'>lib.</span> <span class='ocrx_word' id='word_1_85' title='bbox 565 1104 625 1130; x_wconf 73' lang='grc' dir='ltr'>ιν.</span> <span class='ocrx_word' id='word_1_86' title='bbox 662 1092 878 1129; x_wconf 82' lang='lat' dir='ltr'>Germanici</span> <span class='ocrx_word' id='word_1_87' title='bbox 912 1102 1003 1128; x_wconf 88' lang='lat' dir='ltr'>vero</span> <span class='ocrx_word' id='word_1_88' title='bbox 1033 1102 1249 1140; x_wconf 86' lang='lat' dir='ltr'>cognomen</span> 
     </span>
     <span class='ocr_line' id='line_1_15' title="bbox 195 1141 1249 1196; baseline -0.006 -10"><span class='ocrx_word' id='word_1_89' title='bbox 195 1149 256 1186; x_wconf 87' lang='lat' dir='ltr'>hic</span> <span class='ocrx_word' id='word_1_90' title='bbox 280 1147 413 1185; x_wconf 88' lang='lat' dir='ltr'>meruit</span> <span class='ocrx_word' id='word_1_91' title='bbox 432 1144 480 1183; x_wconf 93' lang='lat' dir='ltr'>ob</span> <span class='ocrx_word' id='word_1_92' title='bbox 499 1151 639 1193; x_wconf 86' lang='lat' dir='ltr'>patrem</span> <span class='ocrx_word' id='word_1_93' title='bbox 661 1170 672 1186; x_wconf 86' lang='lat'>‚</span> <span class='ocrx_word' id='word_1_94' title='bbox 694 1155 807 1192; x_wconf 92' lang='lat' dir='ltr'>quem</span> <span class='ocrx_word' id='word_1_95' title='bbox 822 1171 845 1196; x_wconf 22' lang='grc' dir='ltr'>,κ</span> <span class='ocrx_word' id='word_1_96' title='bbox 862 1143 899 1180; x_wconf 61' lang='grc' dir='ltr'>ὃς</span> <span class='ocrx_word' id='word_1_97' title='bbox 921 1141 1082 1191; x_wconf 87' lang='lat' dir='ltr'>posteros</span> <span class='ocrx_word' id='word_1_98' title='bbox 1096 1169 1106 1187; x_wconf 92' lang='lat'>,</span> <span class='ocrx_word' id='word_1_99' title='bbox 1138 1142 1249 1180; x_wconf 80' lang='lat' dir='ltr'>Sena-</span> 
     </span>
     <span class='ocr_line' id='line_1_16' title="bbox 195 1191 1250 1237; baseline -0.007 0"><span class='ocrx_word' id='word_1_100' title='bbox 195 1208 252 1237; x_wconf 85' lang='lat' dir='ltr'>tus</span> <span class='ocrx_word' id='word_1_101' title='bbox 275 1197 517 1236; x_wconf 81' lang='lat' dir='ltr'>Germanicos</span> <span class='ocrx_word' id='word_1_102' title='bbox 540 1195 610 1232; x_wconf 91' lang='lat' dir='ltr'>dici</span> <span class='ocrx_word' id='word_1_103' title='bbox 632 1194 761 1231; x_wconf 89' lang='lat' dir='ltr'>voluit.</span> <span class='ocrx_word' id='word_1_104' title='bbox 814 1194 946 1230; x_wconf 87' lang='lat' dir='ltr'>Parens</span> <span class='ocrx_word' id='word_1_105' title='bbox 964 1202 1092 1230; x_wconf 81' lang='lat' dir='ltr'>tamen</span> <span class='ocrx_word' id='word_1_106' title='bbox 1115 1191 1250 1231; x_wconf 87' lang='lat' dir='ltr'>defun-</span> 
     </span>
     <span class='ocr_line' id='line_1_17' title="bbox 198 1243 1249 1296; baseline -0.007 -9"><span class='ocrx_word' id='word_1_107' title='bbox 198 1249 274 1286; x_wconf 69' lang='lat' dir='ltr'>&amp;us</span> <span class='ocrx_word' id='word_1_108' title='bbox 326 1260 372 1286; x_wconf 93' lang='lat' dir='ltr'>eo</span> <span class='ocrx_word' id='word_1_109' title='bbox 418 1246 645 1296; x_wconf 87' lang='lat' dir='ltr'>cognomine</span> <span class='ocrx_word' id='word_1_110' title='bbox 674 1243 837 1293; x_wconf 82' lang='lat' dir='ltr'>insigniri</span> <span class='ocrx_word' id='word_1_111' title='bbox 874 1251 1041 1291; x_wconf 82' lang='lat' dir='ltr'>coeptus.</span> <span class='ocrx_word' id='word_1_112' title='bbox 1097 1253 1249 1281; x_wconf 85' lang='lat' dir='ltr'>mecum</span> 
     </span>
     <span class='ocr_line' id='line_1_18' title="bbox 194 1299 1109 1349; baseline -0.011 -10"><span class='ocrx_word' id='word_1_113' title='bbox 194 1299 383 1339; x_wconf 71' lang='lat' dir='ltr'>Histoi-ici.</span> <span class='ocrx_word' id='word_1_114' title='bbox 411 1299 590 1335; x_wconf 73' lang='grc' dir='ltr'>ΝεΑΡοῐ..</span> <span class='ocrx_word' id='word_1_115' title='bbox 1104 1343 1109 1349; x_wconf 38' lang='grc'><em>.</em></span> 
     </span>
    </p>

    <p class='ocr_par' dir='ltr' id='par_1_5' title="bbox 193 1342 1251 1593">
     <span class='ocr_line' id='line_1_19' title="bbox 250 1342 1251 1400; baseline -0.006 -13"><span class='ocrx_word' id='word_1_116' title='bbox 250 1364 283 1399; x_wconf 88' lang='grc' dir='ltr'>ς.</span> <span class='ocrx_word' id='word_1_117' title='bbox 312 1348 533 1398; x_wconf 57' lang='lat' dir='ltr'>Officioque]</span> <span class='ocrx_word' id='word_1_118' title='bbox 575 1345 751 1397; x_wconf 82' lang='lat' dir='ltr'>officiique</span> <span class='ocrx_word' id='word_1_119' title='bbox 780 1345 903 1382; x_wconf 86' lang='lat' dir='ltr'>Fulvii</span> <span class='ocrx_word' id='word_1_120' title='bbox 934 1343 1059 1381; x_wconf 81' lang='lat' dir='ltr'>Urfini</span> <span class='ocrx_word' id='word_1_121' title='bbox 1086 1342 1251 1400; x_wconf 32' lang='lat' dir='ltr'>liber-0-</span> 
     </span>
     <span class='ocr_line' id='line_1_20' title="bbox 195 1393 1250 1451; baseline -0.008 -11"><span class='ocrx_word' id='word_1_122' title='bbox 195 1404 343 1440; x_wconf 83' lang='lat' dir='ltr'>mnium</span> <span class='ocrx_word' id='word_1_123' title='bbox 359 1400 574 1438; x_wconf 88' lang='lat' dir='ltr'>veterrimus</span> <span class='ocrx_word' id='word_1_124' title='bbox 587 1409 629 1436; x_wconf 89' lang='lat' dir='ltr'>ac</span> <span class='ocrx_word' id='word_1_125' title='bbox 640 1399 820 1447; x_wconf 85' lang='lat' dir='ltr'>optimus,</span> <span class='ocrx_word' id='word_1_126' title='bbox 833 1396 941 1433; x_wconf 87' lang='lat' dir='ltr'>literis</span> <span class='ocrx_word' id='word_1_127' title='bbox 956 1393 1250 1451; x_wconf 80' lang='lat' dir='ltr'>Longobardicis</span> 
     </span>
     <span class='ocr_line' id='line_1_21' title="bbox 193 1443 1251 1503; baseline -0.01 -11"><span class='ocrx_word' id='word_1_128' title='bbox 193 1453 256 1492; x_wconf 89' lang='lat' dir='ltr'>seu</span> <span class='ocrx_word' id='word_1_129' title='bbox 287 1452 475 1491; x_wconf 86' lang='lat' dir='ltr'>Saxonicis</span> <span class='ocrx_word' id='word_1_130' title='bbox 504 1457 669 1487; x_wconf 87' lang='lat' dir='ltr'>exaratus</span> <span class='ocrx_word' id='word_1_131' title='bbox 684 1477 694 1493; x_wconf 91' lang='lat'>‚</span> <span class='ocrx_word' id='word_1_132' title='bbox 722 1449 786 1498; x_wconf 90' lang='lat' dir='ltr'>qui</span> <span class='ocrx_word' id='word_1_133' title='bbox 808 1449 844 1485; x_wconf 89' lang='lat' dir='ltr'>in</span> <span class='ocrx_word' id='word_1_134' title='bbox 865 1447 1045 1503; x_wconf 76' lang='lat' dir='ltr'>Vaticana</span> <span class='ocrx_word' id='word_1_135' title='bbox 1064 1444 1175 1482; x_wconf 81' lang='lat' dir='ltr'>exstat</span> <span class='ocrx_word' id='word_1_136' title='bbox 1197 1443 1251 1482; x_wconf 82' lang='lat' dir='ltr'>bi-</span> 
     </span>
     <span class='ocr_line' id='line_1_22' title="bbox 194 1495 1251 1548; baseline -0.009 -6"><span class='ocrx_word' id='word_1_137' title='bbox 194 1504 380 1542; x_wconf 82' lang='lat' dir='ltr'>bliotheca</span> <span class='ocrx_word' id='word_1_138' title='bbox 394 1531 405 1548; x_wconf 96' lang='lat'>,</span> <span class='ocrx_word' id='word_1_139' title='bbox 432 1502 492 1540; x_wconf 87' lang='lat' dir='ltr'>alii</span> <span class='ocrx_word' id='word_1_140' title='bbox 510 1502 621 1539; x_wconf 85' lang='lat' dir='ltr'>etiam</span> <span class='ocrx_word' id='word_1_141' title='bbox 643 1498 814 1539; x_wconf 88' lang='lat' dir='ltr'>nonnulli</span> <span class='ocrx_word' id='word_1_142' title='bbox 826 1510 871 1536; x_wconf 86' lang='lat' dir='ltr'>ex</span> <span class='ocrx_word' id='word_1_143' title='bbox 893 1495 1120 1535; x_wconf 81' lang='lat' dir='ltr'>melioribus:</span> <span class='ocrx_word' id='word_1_144' title='bbox 1140 1495 1251 1534; x_wconf 65' lang='lat' dir='ltr'>reste.</span> 
     </span>
     <span class='ocr_line' id='line_1_23' title="bbox 196 1554 347 1593; baseline -0.007 0"><span class='ocrx_word' id='word_1_145' title='bbox 196 1554 347 1593; x_wconf 67' lang='lat' dir='ltr'>Heius.</span> 
     </span>
    </p>

    <p class='ocr_par' dir='ltr' id='par_1_6' title="bbox 196 1598 1251 1704">
     <span class='ocr_line' id='line_1_24' title="bbox 250 1598 1251 1654; baseline -0.008 -11"><span class='ocrx_word' id='word_1_146' title='bbox 250 1619 282 1654; x_wconf 85' lang='grc' dir='ltr'>ς.</span> <span class='ocrx_word' id='word_1_147' title='bbox 311 1603 478 1654; x_wconf 84' lang='lat' dir='ltr'>Levem.]</span> <span class='ocrx_word' id='word_1_148' title='bbox 510 1609 656 1641; x_wconf 82' lang='lat' dir='ltr'>Brevem</span> <span class='ocrx_word' id='word_1_149' title='bbox 677 1613 770 1641; x_wconf 88' lang='lat' dir='ltr'>unus</span> <span class='ocrx_word' id='word_1_150' title='bbox 791 1598 1044 1639; x_wconf 86' lang='lat' dir='ltr'>Farnefianus:</span> <span class='ocrx_word' id='word_1_151' title='bbox 1064 1598 1251 1637; x_wconf 86' lang='lat' dir='ltr'>male.inf.</span> 
     </span>
     <span class='ocr_line' id='line_1_25' title="bbox 196 1655 416 1704; baseline -0.005 -10"><span class='ocrx_word' id='word_1_152' title='bbox 196 1655 258 1695; x_wconf 85' lang='lat' dir='ltr'>lib.</span> <span class='ocrx_word' id='word_1_153' title='bbox 282 1668 335 1693; x_wconf 80' lang='lat' dir='ltr'><strong>vx.</strong></span> <span class='ocrx_word' id='word_1_154' title='bbox 359 1657 416 1704; x_wconf 83' lang='lat'><strong>56.</strong></span> 
     </span>
    </p>

    <p class='ocr_par' dir='ltr' id='par_1_7' title="bbox 252 1700 1035 1756">
     <span class='ocr_line' id='line_1_26' title="bbox 252 1700 1035 1756; baseline -0.005 -13"><span class='ocrx_word' id='word_1_155' title='bbox 252 1713 325 1743; x_wconf 86' lang='lat' dir='ltr'>Nec</span> <span class='ocrx_word' id='word_1_156' title='bbox 347 1705 456 1743; x_wconf 79' lang='lat' dir='ltr'>levior</span> <span class='ocrx_word' id='word_1_157' title='bbox 479 1704 602 1756; x_wconf 85' lang='lat' dir='ltr'>quovis</span> <span class='ocrx_word' id='word_1_158' title='bbox 619 1703 662 1750; x_wconf 82' lang='lat' dir='ltr'>est</span> <span class='ocrx_word' id='word_1_159' title='bbox 683 1702 748 1740; x_wconf 88' lang='lat' dir='ltr'>tibi</span> <span class='ocrx_word' id='word_1_160' title='bbox 778 1700 897 1752; x_wconf 80' lang='lat' dir='ltr'>mensis</span> <span class='ocrx_word' id='word_1_161' title='bbox 916 1700 1035 1739; x_wconf 88' lang='lat' dir='ltr'>honor.</span> 
     </span>
    </p>

    <p class='ocr_par' dir='ltr' id='par_1_8' title="bbox 198 1751 1253 1859">
     <span class='ocr_line' id='line_1_27' title="bbox 198 1751 1253 1798; baseline -0.005 -3"><span class='ocrx_word' id='word_1_162' title='bbox 198 1756 345 1795; x_wconf 66' lang='lat' dir='ltr'>Hms.</span> <span class='ocrx_word' id='word_1_163' title='bbox 373 1757 513 1794; x_wconf 87' lang='lat' dir='ltr'>Eadem</span> <span class='ocrx_word' id='word_1_164' title='bbox 536 1756 686 1793; x_wconf 86' lang='lat' dir='ltr'>varietas</span> <span class='ocrx_word' id='word_1_165' title='bbox 707 1766 735 1792; x_wconf 88' lang='lat'><strong>1.</strong></span> <span class='ocrx_word' id='word_1_166' title='bbox 756 1752 865 1791; x_wconf 82' lang='lat' dir='ltr'>Trifi.</span> <span class='ocrx_word' id='word_1_167' title='bbox 885 1765 937 1791; x_wconf 77' lang='lat' dir='ltr'><strong>vx.</strong></span> <span class='ocrx_word' id='word_1_168' title='bbox 958 1762 1017 1798; x_wconf 87' lang='lat'><strong>27.</strong></span> <span class='ocrx_word' id='word_1_169' title='bbox 1038 1752 1076 1790; x_wconf 68' lang='grc' dir='ltr'>ὃ(</span> <span class='ocrx_word' id='word_1_170' title='bbox 1090 1764 1116 1790; x_wconf 84' lang='lat'><strong>1.</strong></span> <span class='ocrx_word' id='word_1_171' title='bbox 1138 1751 1253 1790; x_wconf 87' lang='lat' dir='ltr'>Pont.</span> 
     </span>
     <span class='ocr_line' id='line_1_28' title="bbox 199 1807 1165 1859; baseline -0.004 -14"><span class='ocrx_word' id='word_1_172' title='bbox 199 1820 246 1846; x_wconf 84' lang='lat'>11.</span> <span class='ocrx_word' id='word_1_173' title='bbox 267 1809 324 1855; x_wconf 75' lang='lat'><strong>64.</strong></span> <span class='ocrx_word' id='word_1_174' title='bbox 353 1808 390 1846; x_wconf 69' lang='grc' dir='ltr'>δε</span> <span class='ocrx_word' id='word_1_175' title='bbox 412 1807 506 1845; x_wconf 84' lang='lat' dir='ltr'>alibi.</span> <span class='ocrx_word' id='word_1_176' title='bbox 1159 1853 1165 1859; x_wconf 39' lang='grc' dir='ltr'>Ι</span> 
     </span>
    </p>

    <p class='ocr_par' dir='ltr' id='par_1_9' title="bbox 198 1853 1252 2055">
     <span class='ocr_line' id='line_1_29' title="bbox 252 1853 1251 1906; baseline -0.007 -10"><span class='ocrx_word' id='word_1_177' title='bbox 252 1871 284 1906; x_wconf 87' lang='grc' dir='ltr'>ς.</span> <span class='ocrx_word' id='word_1_178' title='bbox 314 1866 393 1896; x_wconf 86' lang='lat' dir='ltr'>Non</span> <span class='ocrx_word' id='word_1_179' title='bbox 414 1855 635 1906; x_wconf 54' lang='lat' dir='ltr'>aversatus]</span> <span class='ocrx_word' id='word_1_180' title='bbox 665 1855 800 1900; x_wconf 76' lang='lat' dir='ltr'>Multi,</span> <span class='ocrx_word' id='word_1_181' title='bbox 829 1853 1048 1900; x_wconf 82' lang='lat' dir='ltr'>adversatus.</span> <span class='ocrx_word' id='word_1_182' title='bbox 1071 1853 1251 1903; x_wconf 82' lang='lat' dir='ltr'>Dedigna-</span> 
     </span>
     <span class='ocr_line' id='line_1_30' title="bbox 198 1905 1252 1959; baseline -0.004 -14"><span class='ocrx_word' id='word_1_183' title='bbox 198 1918 255 1946; x_wconf 79' lang='lat' dir='ltr'>tus</span> <span class='ocrx_word' id='word_1_184' title='bbox 275 1919 433 1959; x_wconf 83' lang='lat' dir='ltr'>quatuor</span> <span class='ocrx_word' id='word_1_185' title='bbox 456 1911 493 1947; x_wconf 88' lang='lat'>&amp;</span> <span class='ocrx_word' id='word_1_186' title='bbox 515 1908 684 1946; x_wconf 79' lang='lat' dir='ltr'>Francos.</span> <span class='ocrx_word' id='word_1_187' title='bbox 706 1919 772 1955; x_wconf 87' lang='lat' dir='ltr'>pro</span> <span class='ocrx_word' id='word_1_188' title='bbox 791 1906 1071 1944; x_wconf 70' lang='lat' dir='ltr'>varialec&#39;tione.</span> <span class='ocrx_word' id='word_1_189' title='bbox 1091 1905 1252 1956; x_wconf 78' lang='lat' dir='ltr'>asperna-</span> 
     </span>
     <span class='ocr_line' id='line_1_31' title="bbox 199 1956 1247 1999; baseline -0.004 -2"><span class='ocrx_word' id='word_1_190' title='bbox 199 1970 257 1998; x_wconf 81' lang='lat' dir='ltr'>tus</span> <span class='ocrx_word' id='word_1_191' title='bbox 291 1973 393 1999; x_wconf 85' lang='lat' dir='ltr'>unus.</span> <span class='ocrx_word' id='word_1_192' title='bbox 429 1960 520 1998; x_wconf 85' lang='lat' dir='ltr'>nihil</span> <span class='ocrx_word' id='word_1_193' title='bbox 544 1969 664 1997; x_wconf 85' lang='lat' dir='ltr'>muto.</span> <span class='ocrx_word' id='word_1_194' title='bbox 692 1958 792 1996; x_wconf 89' lang='lat' dir='ltr'>idem</span> <span class='ocrx_word' id='word_1_195' title='bbox 820 1958 896 1995; x_wconf 85' lang='lat' dir='ltr'>fere</span> <span class='ocrx_word' id='word_1_196' title='bbox 915 1956 959 1995; x_wconf 88' lang='lat' dir='ltr'>ad</span> <span class='ocrx_word' id='word_1_197' title='bbox 980 1957 1247 1994; x_wconf 88' lang='lat' dir='ltr'>Germanicum</span> 
     </span>
     <span class='ocr_line' id='line_1_32' title="bbox 198 2010 783 2055; baseline -0.007 -6"><span class='ocrx_word' id='word_1_198' title='bbox 198 2011 319 2050; x_wconf 81' lang='lat' dir='ltr'>scribit</span> <span class='ocrx_word' id='word_1_199' title='bbox 342 2024 395 2049; x_wconf 83' lang='lat' dir='ltr'><strong>xv.</strong></span> <span class='ocrx_word' id='word_1_200' title='bbox 418 2023 462 2049; x_wconf 81' lang='lat' dir='ltr'>ex</span> <span class='ocrx_word' id='word_1_201' title='bbox 483 2011 591 2048; x_wconf 85' lang='lat' dir='ltr'>Pont.</span> <span class='ocrx_word' id='word_1_202' title='bbox 613 2021 706 2047; x_wconf 74' lang='lat' dir='ltr'>viu.</span> <span class='ocrx_word' id='word_1_203' title='bbox 724 2010 783 2055; x_wconf 84' lang='lat'><strong>67.</strong></span> 
     </span>
    </p>

    <p class='ocr_par' dir='ltr' id='par_1_10' title="bbox 249 2057 1247 2111">
     <span class='ocr_line' id='line_1_33' title="bbox 249 2057 1247 2111; baseline -0.002 -12"><span class='ocrx_word' id='word_1_204' title='bbox 249 2068 331 2099; x_wconf 88' lang='lat' dir='ltr'>Non</span> <span class='ocrx_word' id='word_1_205' title='bbox 347 2072 438 2111; x_wconf 86' lang='lat' dir='ltr'>potes</span> <span class='ocrx_word' id='word_1_206' title='bbox 457 2061 602 2109; x_wconf 84' lang='lat' dir='ltr'>officium</span> <span class='ocrx_word' id='word_1_207' title='bbox 625 2061 721 2097; x_wconf 80' lang='lat' dir='ltr'>vatis</span> <span class='ocrx_word' id='word_1_208' title='bbox 738 2069 950 2097; x_wconf 80' lang='lat' dir='ltr'>contemnere</span> <span class='ocrx_word' id='word_1_209' title='bbox 971 2068 1084 2099; x_wconf 77' lang='lat' dir='ltr'>vates.</span> <span class='ocrx_word' id='word_1_210' title='bbox 1114 2057 1247 2097; x_wconf 72' lang='lat' dir='ltr'><strong>BURM.</strong></span> 
     </span>
    </p>

    <p class='ocr_par' dir='ltr' id='par_1_11' title="bbox 202 2109 1245 2207">
     <span class='ocr_line' id='line_1_34' title="bbox 252 2109 1245 2159; baseline -0.002 -9"><span class='ocrx_word' id='word_1_211' title='bbox 252 2113 288 2150; x_wconf 88' lang='lat'>6.</span> <span class='ocrx_word' id='word_1_212' title='bbox 317 2116 405 2150; x_wconf 65' lang='lat' dir='ltr'>Halo</span> <span class='ocrx_word' id='word_1_213' title='bbox 434 2113 498 2150; x_wconf 87' lang='lat' dir='ltr'>tibi</span> <span class='ocrx_word' id='word_1_214' title='bbox 528 2112 650 2148; x_wconf 86' lang='lat' dir='ltr'>devoto</span> <span class='ocrx_word' id='word_1_215' title='bbox 678 2111 822 2147; x_wconf 82' lang='lat' dir='ltr'>numine</span> <span class='ocrx_word' id='word_1_216' title='bbox 851 2110 971 2147; x_wconf 83' lang='lat' dir='ltr'>dexter</span> <span class='ocrx_word' id='word_1_217' title='bbox 990 2109 1110 2159; x_wconf 85' lang='lat' dir='ltr'>ades.]</span> <span class='ocrx_word' id='word_1_218' title='bbox 1141 2110 1245 2148; x_wconf 82' lang='lat' dir='ltr'>Idem</span> 
     </span>
     <span class='ocr_line' id='line_1_35' title="bbox 202 2161 852 2207; baseline -0.005 -6"><span class='ocrx_word' id='word_1_219' title='bbox 202 2164 322 2202; x_wconf 86' lang='lat' dir='ltr'>codex</span> <span class='ocrx_word' id='word_1_220' title='bbox 343 2163 463 2201; x_wconf 80' lang='lat' dir='ltr'>Ursini</span> <span class='ocrx_word' id='word_1_221' title='bbox 479 2190 488 2207; x_wconf 92' lang='lat'>,</span> <span class='ocrx_word' id='word_1_222' title='bbox 518 2174 601 2200; x_wconf 88' lang='lat' dir='ltr'>cum</span> <span class='ocrx_word' id='word_1_223' title='bbox 621 2161 731 2200; x_wconf 86' lang='lat' dir='ltr'>tribus</span> <span class='ocrx_word' id='word_1_224' title='bbox 752 2162 828 2198; x_wconf 88' lang='lat' dir='ltr'>aliis</span> <span class='ocrx_word' id='word_1_225' title='bbox 843 2190 852 2206; x_wconf 92' lang='lat'>,</span> 
     </span>
    </p>

    <p class='ocr_par' dir='ltr' id='par_1_12' title="bbox 201 2212 1251 2411">
     <span class='ocr_line' id='line_1_36' title="bbox 253 2212 942 2250; baseline -0.003 0"><span class='ocrx_word' id='word_1_226' title='bbox 253 2219 306 2250; x_wconf 85' lang='lat' dir='ltr'>En</span> <span class='ocrx_word' id='word_1_227' title='bbox 328 2214 391 2250; x_wconf 82' lang='lat' dir='ltr'>tibi</span> <span class='ocrx_word' id='word_1_228' title='bbox 412 2215 533 2250; x_wconf 82' lang='lat' dir='ltr'>devoto</span> <span class='ocrx_word' id='word_1_229' title='bbox 552 2226 691 2250; x_wconf 79' lang='lat' dir='ltr'>munere</span> <span class='ocrx_word' id='word_1_230' title='bbox 712 2213 833 2249; x_wconf 83' lang='lat' dir='ltr'>dexter</span> <span class='ocrx_word' id='word_1_231' title='bbox 850 2212 942 2249; x_wconf 83' lang='lat' dir='ltr'>ades.</span> 
     </span>
     <span class='ocr_line' id='line_1_37' title="bbox 201 2262 1250 2314; baseline -0.001 -13"><span class='ocrx_word' id='word_1_232' title='bbox 201 2265 305 2314; x_wconf 84' lang='lat' dir='ltr'>quod</span> <span class='ocrx_word' id='word_1_233' title='bbox 347 2266 384 2302; x_wconf 75' lang='grc' dir='ltr'>ὅ(</span> <span class='ocrx_word' id='word_1_234' title='bbox 414 2266 450 2302; x_wconf 90' lang='lat' dir='ltr'>in</span> <span class='ocrx_word' id='word_1_235' title='bbox 479 2264 545 2302; x_wconf 89' lang='lat' dir='ltr'>suis</span> <span class='ocrx_word' id='word_1_236' title='bbox 575 2265 779 2313; x_wconf 79' lang='lat' dir='ltr'>Naugerius</span> <span class='ocrx_word' id='word_1_237' title='bbox 808 2264 1012 2301; x_wconf 85' lang='lat' dir='ltr'>invenerat.</span> <span class='ocrx_word' id='word_1_238' title='bbox 1049 2262 1250 2307; x_wconf 87' lang='lat' dir='ltr'>nonnulli,</span> 
     </span>
     <span class='ocr_line' id='line_1_38' title="bbox 201 2311 1251 2364; baseline -0.001 -12"><span class='ocrx_word' id='word_1_239' title='bbox 201 2317 293 2352; x_wconf 74' lang='lat' dir='ltr'>Huic</span> <span class='ocrx_word' id='word_1_240' title='bbox 315 2316 379 2351; x_wconf 82' lang='lat' dir='ltr'>tibi</span> <span class='ocrx_word' id='word_1_241' title='bbox 398 2316 520 2352; x_wconf 83' lang='lat' dir='ltr'>devoto</span> <span class='ocrx_word' id='word_1_242' title='bbox 539 2329 688 2352; x_wconf 76' lang='lat' dir='ltr'>munere.</span> <span class='ocrx_word' id='word_1_243' title='bbox 728 2315 876 2363; x_wconf 85' lang='lat' dir='ltr'>Opinor</span> <span class='ocrx_word' id='word_1_244' title='bbox 896 2314 1142 2364; x_wconf 81' lang='lat' dir='ltr'>castigandum</span> <span class='ocrx_word' id='word_1_245' title='bbox 1158 2311 1227 2352; x_wconf 86' lang='lat' dir='ltr'>effe</span> <span class='ocrx_word' id='word_1_246' title='bbox 1240 2341 1251 2359; x_wconf 93' lang='lat'>‚</span> 
     </span>
     <span class='ocr_line' id='line_1_39' title="bbox 203 2365 984 2411; baseline -0.001 -8"><span class='ocrx_word' id='word_1_247' title='bbox 203 2373 247 2403; x_wconf 81' lang='lat'>172</span> <span class='ocrx_word' id='word_1_248' title='bbox 263 2365 328 2403; x_wconf 85' lang='lat' dir='ltr'>tibi</span> <span class='ocrx_word' id='word_1_249' title='bbox 350 2366 471 2402; x_wconf 81' lang='lat' dir='ltr'>devoto</span> <span class='ocrx_word' id='word_1_250' title='bbox 492 2379 643 2403; x_wconf 78' lang='lat' dir='ltr'>munere.</span> <span class='ocrx_word' id='word_1_251' title='bbox 673 2365 719 2403; x_wconf 85' lang='lat' dir='ltr'>fic</span> <span class='ocrx_word' id='word_1_252' title='bbox 741 2365 834 2403; x_wconf 85' lang='lat' dir='ltr'>infra</span> <span class='ocrx_word' id='word_1_253' title='bbox 851 2365 906 2408; x_wconf 58' lang='lat' dir='ltr'>sss.</span> <span class='ocrx_word' id='word_1_254' title='bbox 927 2365 984 2411; x_wconf 78' lang='lat'><strong>64.</strong></span> 
     </span>
    </p>

    <p class='ocr_par' dir='ltr' id='par_1_13' title="bbox 258 2415 1039 2467">
     <span class='ocr_line' id='line_1_40' title="bbox 258 2415 1039 2467; baseline 0 -14"><span class='ocrx_word' id='word_1_255' title='bbox 258 2423 366 2467; x_wconf 80' lang='lat' dir='ltr'>Inque</span> <span class='ocrx_word' id='word_1_256' title='bbox 385 2431 455 2453; x_wconf 85' lang='lat' dir='ltr'>meo</span> <span class='ocrx_word' id='word_1_257' title='bbox 471 2417 604 2463; x_wconf 82' lang='lat' dir='ltr'>primus</span> <span class='ocrx_word' id='word_1_258' title='bbox 623 2416 776 2453; x_wconf 87' lang='lat' dir='ltr'>carmine</span> <span class='ocrx_word' id='word_1_259' title='bbox 795 2415 917 2461; x_wconf 77' lang='lat' dir='ltr'>Janus</span> <span class='ocrx_word' id='word_1_260' title='bbox 937 2415 1039 2462; x_wconf 67' lang='lat' dir='ltr'>adest.</span> 
     </span>
    </p>

    <p class='ocr_par' dir='ltr' id='par_1_14' title="bbox 201 2465 1253 2663">
     <span class='ocr_line' id='line_1_41' title="bbox 201 2465 1251 2515; baseline 0.004 -14"><span class='ocrx_word' id='word_1_261' title='bbox 201 2466 362 2515; x_wconf 74' lang='lat' dir='ltr'>Vulgata</span> <span class='ocrx_word' id='word_1_262' title='bbox 385 2466 497 2504; x_wconf 65' lang='lat' dir='ltr'>leetio</span> <span class='ocrx_word' id='word_1_263' title='bbox 519 2467 657 2505; x_wconf 77' lang='lat' dir='ltr'>sensum</span> <span class='ocrx_word' id='word_1_264' title='bbox 674 2466 920 2504; x_wconf 86' lang='lat' dir='ltr'>commodum</span> <span class='ocrx_word' id='word_1_265' title='bbox 935 2479 1011 2503; x_wconf 89' lang='lat' dir='ltr'>non</span> <span class='ocrx_word' id='word_1_266' title='bbox 1026 2465 1133 2505; x_wconf 84' lang='lat' dir='ltr'>habet</span> <span class='ocrx_word' id='word_1_267' title='bbox 1147 2495 1157 2510; x_wconf 91' lang='lat'>,</span> <span class='ocrx_word' id='word_1_268' title='bbox 1185 2467 1251 2505; x_wconf 86' lang='lat' dir='ltr'>nifi</span> 
     </span>
     <span class='ocr_line' id='line_1_42' title="bbox 203 2517 1253 2564; baseline 0.003 -12"><span class='ocrx_word' id='word_1_269' title='bbox 203 2519 349 2563; x_wconf 70' lang='lat' dir='ltr'>reponis</span> <span class='ocrx_word' id='word_1_270' title='bbox 364 2546 373 2561; x_wconf 97' lang='lat'>,</span> <span class='ocrx_word' id='word_1_271' title='bbox 413 2517 502 2554; x_wconf 74' lang='lat' dir='ltr'>Huic</span> <span class='ocrx_word' id='word_1_272' title='bbox 521 2517 610 2554; x_wconf 81' lang='lat' dir='ltr'>mihi</span> <span class='ocrx_word' id='word_1_273' title='bbox 632 2519 753 2554; x_wconf 80' lang='lat' dir='ltr'>devoto</span> <span class='ocrx_word' id='word_1_274' title='bbox 773 2518 927 2553; x_wconf 82' lang='lat' dir='ltr'>numine.</span> <span class='ocrx_word' id='word_1_275' title='bbox 954 2517 1014 2554; x_wconf 88' lang='lat' dir='ltr'>sed</span> <span class='ocrx_word' id='word_1_276' title='bbox 1033 2518 1182 2564; x_wconf 79' lang='lat' dir='ltr'>praestat</span> <span class='ocrx_word' id='word_1_277' title='bbox 1204 2519 1253 2555; x_wconf 87' lang='lat' dir='ltr'>al-</span> 
     </span>
     <span class='ocr_line' id='line_1_43' title="bbox 205 2566 1251 2616; baseline 0.003 -15"><span class='ocrx_word' id='word_1_278' title='bbox 205 2576 280 2602; x_wconf 76' lang='lat' dir='ltr'>tera</span> <span class='ocrx_word' id='word_1_279' title='bbox 303 2567 483 2614; x_wconf 80' lang='lat' dir='ltr'>scriptura.</span> <span class='ocrx_word' id='word_1_280' title='bbox 510 2581 654 2605; x_wconf 83' lang='lat' dir='ltr'>munera</span> <span class='ocrx_word' id='word_1_281' title='bbox 675 2576 783 2606; x_wconf 86' lang='lat' dir='ltr'>vocat</span> <span class='ocrx_word' id='word_1_282' title='bbox 802 2567 908 2604; x_wconf 83' lang='lat' dir='ltr'>simili</span> <span class='ocrx_word' id='word_1_283' title='bbox 921 2566 1039 2605; x_wconf 85' lang='lat' dir='ltr'>modo</span> <span class='ocrx_word' id='word_1_284' title='bbox 1051 2568 1251 2616; x_wconf 85' lang='lat' dir='ltr'>hocipsum</span> 
     </span>
     <span class='ocr_line' id='line_1_44' title="bbox 207 2615 533 2663; baseline 0.003 -11"><span class='ocrx_word' id='word_1_285' title='bbox 207 2625 301 2663; x_wconf 86' lang='lat' dir='ltr'>opus</span> <span class='ocrx_word' id='word_1_286' title='bbox 319 2615 379 2652; x_wconf 82' lang='lat' dir='ltr'>lib.</span> <span class='ocrx_word' id='word_1_287' title='bbox 404 2629 447 2652; x_wconf 88' lang='lat'>11.</span> <span class='ocrx_word' id='word_1_288' title='bbox 479 2628 533 2661; x_wconf 83' lang='lat'>17-</span> 
     </span>
    </p>

    <p class='ocr_par' dir='ltr' id='par_1_15' title="bbox 260 2664 1252 2715">
     <span class='ocr_line' id='line_1_45' title="bbox 260 2664 1252 2715; baseline 0 -12"><span class='ocrx_word' id='word_1_289' title='bbox 260 2671 346 2715; x_wconf 77' lang='lat' dir='ltr'>Ergo</span> <span class='ocrx_word' id='word_1_290' title='bbox 367 2667 446 2703; x_wconf 63' lang='lat' dir='ltr'>ades</span> <span class='ocrx_word' id='word_1_291' title='bbox 460 2694 469 2709; x_wconf 87' lang='lat'>‚</span> <span class='ocrx_word' id='word_1_292' title='bbox 507 2666 708 2715; x_wconf 65' lang='lat' dir='ltr'>&amp;paulum</span> <span class='ocrx_word' id='word_1_293' title='bbox 724 2664 858 2714; x_wconf 80' lang='lat' dir='ltr'>placido</span> <span class='ocrx_word' id='word_1_294' title='bbox 878 2678 953 2701; x_wconf 90' lang='lat' dir='ltr'>mea</span> <span class='ocrx_word' id='word_1_295' title='bbox 973 2678 1120 2701; x_wconf 83' lang='lat' dir='ltr'>munera</span> <span class='ocrx_word' id='word_1_296' title='bbox 1144 2666 1252 2703; x_wconf 81' lang='lat' dir='ltr'>vultu</span> 
     </span>
    </p>

    <p class='ocr_par' dir='ltr' id='par_1_16' title="bbox 209 2717 1254 3016">
     <span class='ocr_line' id='line_1_46' title="bbox 390 2717 529 2765; baseline -0.007 -11"><span class='ocrx_word' id='word_1_297' title='bbox 390 2717 529 2765; x_wconf 59' lang='lat' dir='ltr'>Resfice.</span> 
     </span>
     <span class='ocr_line' id='line_1_47' title="bbox 210 2764 1254 2814; baseline -0.001 -10"><span class='ocrx_word' id='word_1_298' title='bbox 210 2767 357 2804; x_wconf 68' lang='lat' dir='ltr'>Hnms.</span> <span class='ocrx_word' id='word_1_299' title='bbox 387 2768 442 2805; x_wconf 87' lang='lat' dir='ltr'>Sic</span> <span class='ocrx_word' id='word_1_300' title='bbox 474 2769 509 2804; x_wconf 74' lang='grc' dir='ltr'>ὅ(</span> <span class='ocrx_word' id='word_1_301' title='bbox 538 2768 664 2814; x_wconf 84' lang='lat' dir='ltr'>Nepos</span> <span class='ocrx_word' id='word_1_302' title='bbox 696 2765 786 2803; x_wconf 84' lang='lat' dir='ltr'>dixit</span> <span class='ocrx_word' id='word_1_303' title='bbox 812 2765 915 2814; x_wconf 65' lang='lat' dir='ltr'>adosse</span> <span class='ocrx_word' id='word_1_304' title='bbox 944 2766 980 2802; x_wconf 84' lang='lat' dir='ltr'>in</span> <span class='ocrx_word' id='word_1_305' title='bbox 1004 2764 1138 2812; x_wconf 73' lang='lat' dir='ltr'>magnis</span> <span class='ocrx_word' id='word_1_306' title='bbox 1157 2765 1254 2803; x_wconf 83' lang='lat' dir='ltr'>rebus</span> 
     </span>
     <span class='ocr_line' id='line_1_48' title="bbox 209 2815 1253 2865; baseline -0.001 -10"><span class='ocrx_word' id='word_1_307' title='bbox 209 2816 327 2855; x_wconf 88' lang='lat' dir='ltr'>Dion.</span> <span class='ocrx_word' id='word_1_308' title='bbox 351 2832 375 2855; x_wconf 90' lang='lat'><strong>1.</strong></span> <span class='ocrx_word' id='word_1_309' title='bbox 404 2817 557 2865; x_wconf 76' lang='lat' dir='ltr'>adeffein</span> <span class='ocrx_word' id='word_1_310' title='bbox 580 2815 708 2865; x_wconf 80' lang='lat' dir='ltr'>confilio</span> <span class='ocrx_word' id='word_1_311' title='bbox 722 2817 880 2854; x_wconf 82' lang='lat' dir='ltr'>Eumen.</span> <span class='ocrx_word' id='word_1_312' title='bbox 895 2816 1007 2853; x_wconf 73' lang='lat' dir='ltr'>1.vid.</span> <span class='ocrx_word' id='word_1_313' title='bbox 1022 2816 1253 2854; x_wconf 80' lang='lat' dir='ltr'>Indic.ssos1i.</span> 
     </span>
     <span class='ocr_line' id='line_1_49' title="bbox 264 2866 1253 2916; baseline -0.004 -11"><span class='ocrx_word' id='word_1_314' title='bbox 264 2879 298 2912; x_wconf 89' lang='lat'>7.</span> <span class='ocrx_word' id='word_1_315' title='bbox 327 2876 430 2905; x_wconf 84' lang='lat' dir='ltr'>Sacra</span> <span class='ocrx_word' id='word_1_316' title='bbox 459 2872 639 2916; x_wconf 75' lang='lat' dir='ltr'>recognoses</span> <span class='ocrx_word' id='word_1_317' title='bbox 669 2867 854 2902; x_wconf 72' lang='lat' dir='ltr'>annalibus</span> <span class='ocrx_word' id='word_1_318' title='bbox 874 2877 972 2902; x_wconf 82' lang='lat' dir='ltr'>eruta</span> <span class='ocrx_word' id='word_1_319' title='bbox 985 2866 1142 2916; x_wconf 59' lang='lat' dir='ltr'>priscis]</span> <span class='ocrx_word' id='word_1_320' title='bbox 1173 2868 1253 2905; x_wconf 85' lang='lat' dir='ltr'>An·-</span> 
     </span>
     <span class='ocr_line' id='line_1_50' title="bbox 216 2917 1254 2968; baseline -0.001 -12"><span class='ocrx_word' id='word_1_321' title='bbox 216 2919 315 2956; x_wconf 77' lang='lat' dir='ltr'>mles</span> <span class='ocrx_word' id='word_1_322' title='bbox 330 2919 539 2968; x_wconf 76' lang='lat' dir='ltr'>scripserunt</span> <span class='ocrx_word' id='word_1_323' title='bbox 553 2927 635 2956; x_wconf 80' lang='lat' dir='ltr'>ante</span> <span class='ocrx_word' id='word_1_324' title='bbox 651 2918 832 2954; x_wconf 77' lang='lat' dir='ltr'>Ovidium</span> <span class='ocrx_word' id='word_1_325' title='bbox 850 2919 1012 2954; x_wconf 76' lang='lat' dir='ltr'>Hemina</span> <span class='ocrx_word' id='word_1_326' title='bbox 1025 2945 1035 2962; x_wconf 92' lang='lat'>,</span> <span class='ocrx_word' id='word_1_327' title='bbox 1065 2917 1254 2962; x_wconf 82' lang='lat' dir='ltr'>Claudius,</span> 
     </span>
     <span class='ocr_line' id='line_1_51' title="bbox 213 2968 1254 3016; baseline 0 -10"><span class='ocrx_word' id='word_1_328' title='bbox 213 2970 387 3007; x_wconf 80' lang='lat' dir='ltr'>Afranius</span> <span class='ocrx_word' id='word_1_329' title='bbox 400 2997 409 3012; x_wconf 90' lang='lat'><strong>‚</strong></span> <span class='ocrx_word' id='word_1_330' title='bbox 448 2970 587 3006; x_wconf 74' lang='lat' dir='ltr'>Ennius</span> <span class='ocrx_word' id='word_1_331' title='bbox 602 2997 611 3012; x_wconf 93' lang='lat'><strong><em>‚</em></strong></span> <span class='ocrx_word' id='word_1_332' title='bbox 650 2969 772 3005; x_wconf 80' lang='lat' dir='ltr'>Attius</span> <span class='ocrx_word' id='word_1_333' title='bbox 789 2996 798 3012; x_wconf 87' lang='lat'>‚</span> <span class='ocrx_word' id='word_1_334' title='bbox 835 2968 1095 3016; x_wconf 70' lang='lat' dir='ltr'>Quadrigarius</span> <span class='ocrx_word' id='word_1_335' title='bbox 1109 2996 1118 3011; x_wconf 92' lang='lat'>‚</span> <span class='ocrx_word' id='word_1_336' title='bbox 1146 2968 1228 3006; x_wconf 87' lang='lat' dir='ltr'>Piso</span> <span class='ocrx_word' id='word_1_337' title='bbox 1244 2997 1254 3013; x_wconf 93' lang='lat'>,</span> 
     </span>
    </p>
   </div>
   <div class='ocr_carea' id='block_1_5' title="bbox 215 3018 1256 3063">
    <p class='ocr_par' dir='ltr' id='par_1_17' title="bbox 215 3018 1256 3063">
     <span class='ocr_line' id='line_1_52' title="bbox 215 3018 1256 3063; baseline 0.002 -7"><span class='ocrx_word' id='word_1_338' title='bbox 215 3018 615 3063; x_wconf 72' lang='lat' dir='ltr'>Fannius‚Fencstella,</span> <span class='ocrx_word' id='word_1_339' title='bbox 638 3019 862 3055; x_wconf 78' lang='lat' dir='ltr'>Laberius&amp;</span> <span class='ocrx_word' id='word_1_340' title='bbox 881 3019 1055 3056; x_wconf 79' lang='lat' dir='ltr'>Licinius.</span> <span class='ocrx_word' id='word_1_341' title='bbox 1085 3019 1256 3058; x_wconf 72' lang='lat' dir='ltr'><strong>ClOFAN.</strong></span> 
     </span>
    </p>
   </div>
   <div class='ocr_carea' id='block_1_6' title="bbox 210 3069 1255 3375">
    <p class='ocr_par' dir='ltr' id='par_1_18' title="bbox 212 3069 903 3118">
     <span class='ocr_line' id='line_1_53' title="bbox 212 3069 903 3118; baseline -0.003 -11"><span class='ocrx_word' id='word_1_342' title='bbox 212 3072 430 3118; x_wconf 77' lang='lat' dir='ltr'>Recognoscas</span> <span class='ocrx_word' id='word_1_343' title='bbox 452 3070 620 3107; x_wconf 77' lang='lat' dir='ltr'>Francos.</span> <span class='ocrx_word' id='word_1_344' title='bbox 641 3080 706 3116; x_wconf 86' lang='lat' dir='ltr'>pro</span> <span class='ocrx_word' id='word_1_345' title='bbox 729 3081 800 3106; x_wconf 69' lang='lat' dir='ltr'>var.</span> <span class='ocrx_word' id='word_1_346' title='bbox 820 3069 903 3105; x_wconf 72' lang='lat' dir='ltr'>lect.</span> 
     </span>
    </p>

    <p class='ocr_par' dir='ltr' id='par_1_19' title="bbox 210 3118 1255 3375">
     <span class='ocr_line' id='line_1_54' title="bbox 267 3118 1255 3168; baseline -0.001 -10"><span class='ocrx_word' id='word_1_347' title='bbox 267 3133 300 3166; x_wconf 89' lang='lat'>7.</span> <span class='ocrx_word' id='word_1_348' title='bbox 330 3120 530 3157; x_wconf 61' lang='lat' dir='ltr'>Annalibus</span> <span class='ocrx_word' id='word_1_349' title='bbox 563 3131 660 3156; x_wconf 79' lang='lat' dir='ltr'>eruta</span> <span class='ocrx_word' id='word_1_350' title='bbox 686 3118 842 3168; x_wconf 59' lang='lat' dir='ltr'>priscis]</span> <span class='ocrx_word' id='word_1_351' title='bbox 872 3118 951 3156; x_wconf 79' lang='lat' dir='ltr'>Hic</span> <span class='ocrx_word' id='word_1_352' title='bbox 968 3119 1111 3156; x_wconf 81' lang='lat' dir='ltr'>mentio</span> <span class='ocrx_word' id='word_1_353' title='bbox 1131 3118 1170 3157; x_wconf 88' lang='lat' dir='ltr'>fit</span> <span class='ocrx_word' id='word_1_354' title='bbox 1192 3132 1255 3157; x_wconf 74' lang='lat' dir='ltr'>an·</span> 
     </span>
     <span class='ocr_line' id='line_1_55' title="bbox 212 3169 1255 3219; baseline -0.003 -10"><span class='ocrx_word' id='word_1_355' title='bbox 212 3171 352 3209; x_wconf 74' lang='lat' dir='ltr'>nahum</span> <span class='ocrx_word' id='word_1_356' title='bbox 376 3183 504 3208; x_wconf 86' lang='lat' dir='ltr'>corum</span> <span class='ocrx_word' id='word_1_357' title='bbox 522 3198 531 3213; x_wconf 92' lang='lat'>,</span> <span class='ocrx_word' id='word_1_358' title='bbox 560 3172 620 3219; x_wconf 88' lang='lat' dir='ltr'>qui</span> <span class='ocrx_word' id='word_1_359' title='bbox 644 3170 853 3206; x_wconf 72' lang='lat' dir='ltr'>dicebantur</span> <span class='ocrx_word' id='word_1_360' title='bbox 876 3170 912 3206; x_wconf 67' lang='grc' dir='ltr'>ὃ(</span> <span class='ocrx_word' id='word_1_361' title='bbox 936 3169 1192 3216; x_wconf 82' lang='lat' dir='ltr'>Pontificalium</span> <span class='ocrx_word' id='word_1_362' title='bbox 1213 3171 1255 3208; x_wconf 89' lang='lat' dir='ltr'>li—</span> 
     </span>
     <span class='ocr_line' id='line_1_56' title="bbox 216 3219 1252 3270; baseline -0.002 -12"><span class='ocrx_word' id='word_1_363' title='bbox 216 3222 265 3259; x_wconf 86' lang='lat' dir='ltr'>bri</span> <span class='ocrx_word' id='word_1_364' title='bbox 283 3249 292 3266; x_wconf 92' lang='lat'>,</span> <span class='ocrx_word' id='word_1_365' title='bbox 323 3225 358 3259; x_wconf 73' lang='grc' dir='ltr'>ὅ(</span> <span class='ocrx_word' id='word_1_366' title='bbox 378 3222 648 3270; x_wconf 77' lang='lat' dir='ltr'>indigitamenta</span> <span class='ocrx_word' id='word_1_367' title='bbox 662 3249 670 3263; x_wconf 93' lang='lat'>,</span> <span class='ocrx_word' id='word_1_368' title='bbox 701 3222 737 3258; x_wconf 61' lang='grc' dir='ltr'>ὃς</span> <span class='ocrx_word' id='word_1_369' title='bbox 760 3221 998 3256; x_wconf 74' lang='lat' dir='ltr'>commentarii</span> <span class='ocrx_word' id='word_1_370' title='bbox 1021 3219 1226 3267; x_wconf 82' lang='lat' dir='ltr'>Pontificum</span> <span class='ocrx_word' id='word_1_371' title='bbox 1241 3239 1252 3259; x_wconf 80' lang='lat'>.-</span> 
     </span>
     <span class='ocr_line' id='line_1_57' title="bbox 213 3270 1254 3320; baseline 0 -11"><span class='ocrx_word' id='word_1_372' title='bbox 213 3273 266 3309; x_wconf 85' lang='lat' dir='ltr'>his</span> <span class='ocrx_word' id='word_1_373' title='bbox 289 3274 386 3310; x_wconf 90' lang='lat' dir='ltr'>enim</span> <span class='ocrx_word' id='word_1_374' title='bbox 410 3270 577 3320; x_wconf 77' lang='lat' dir='ltr'>imposita</span> <span class='ocrx_word' id='word_1_375' title='bbox 599 3281 673 3308; x_wconf 74' lang='lat' dir='ltr'>erat</span> <span class='ocrx_word' id='word_1_376' title='bbox 693 3282 734 3307; x_wconf 85' lang='lat' dir='ltr'>ea</span> <span class='ocrx_word' id='word_1_377' title='bbox 754 3282 835 3307; x_wconf 83' lang='lat' dir='ltr'>cura</span> <span class='ocrx_word' id='word_1_378' title='bbox 849 3298 858 3313; x_wconf 88' lang='lat'>,</span> <span class='ocrx_word' id='word_1_379' title='bbox 889 3280 926 3308; x_wconf 86' lang='lat' dir='ltr'>ut</span> <span class='ocrx_word' id='word_1_380' title='bbox 946 3282 1000 3308; x_wconf 88' lang='lat' dir='ltr'>res</span> <span class='ocrx_word' id='word_1_381' title='bbox 1021 3270 1134 3319; x_wconf 83' lang='lat' dir='ltr'>gestas</span> <span class='ocrx_word' id='word_1_382' title='bbox 1152 3272 1254 3309; x_wconf 88' lang='lat' dir='ltr'>inta-</span> 
     </span>
     <span class='ocr_line' id='line_1_58' title="bbox 210 3320 1254 3375; baseline -0.001 -14"><span class='ocrx_word' id='word_1_383' title='bbox 210 3321 514 3375; x_wconf 73' lang='lat' dir='ltr'>bulasrefcrrent.</span> <span class='ocrx_word' id='word_1_384' title='bbox 546 3321 689 3362; x_wconf 84' lang='lat' dir='ltr'>Flavius</span> <span class='ocrx_word' id='word_1_385' title='bbox 710 3321 890 3370; x_wconf 78' lang='lat' dir='ltr'>Vopiscus</span> <span class='ocrx_word' id='word_1_386' title='bbox 908 3322 946 3360; x_wconf 86' lang='lat' dir='ltr'>in</span> <span class='ocrx_word' id='word_1_387' title='bbox 966 3320 1103 3362; x_wconf 84' lang='lat' dir='ltr'>Tacito</span> <span class='ocrx_word' id='word_1_388' title='bbox 1125 3333 1202 3371; x_wconf 83' lang='lat' dir='ltr'>cap.</span> <span class='ocrx_word' id='word_1_389' title='bbox 1225 3335 1254 3364; x_wconf 76' lang='grc' dir='ltr'>ι.</span> 
     </span>
    </p>
   </div>
   <div class='ocr_carea' id='block_1_7' title="bbox 2134 599 2353 660">
    <p class='ocr_par' dir='ltr' id='par_1_20' title="bbox 2134 599 2353 660">
     <span class='ocr_line' id='line_1_59' title="bbox 2134 599 2353 660; baseline -0.009 0"><span class='ocrx_word' id='word_1_390' title='bbox 2134 656 2138 660; x_wconf 78' lang='grc'>,</span> <span class='ocrx_word' id='word_1_391' title='bbox 2200 599 2353 658; x_wconf 87' lang='lat' dir='ltr'>Inve-</span> 
     </span>
    </p>
   </div>
   <div class='ocr_carea' id='block_1_8' title="bbox 1273 734 2362 3429">
    <p class='ocr_par' dir='ltr' id='par_1_21' title="bbox 1273 734 2362 3429">
     <span class='ocr_line' id='line_1_60' title="bbox 1304 734 2354 784; baseline 0.011 -15"><span class='ocrx_word' id='word_1_392' title='bbox 1304 734 1410 783; x_wconf 74' lang='lat' dir='ltr'>Qod</span> <span class='ocrx_word' id='word_1_393' title='bbox 1423 734 1491 783; x_wconf 83' lang='lat' dir='ltr'>post</span> <span class='ocrx_word' id='word_1_394' title='bbox 1510 734 1674 784; x_wconf 85' lang='lat' dir='ltr'>excessum</span> <span class='ocrx_word' id='word_1_395' title='bbox 1695 734 1855 783; x_wconf 85' lang='lat' dir='ltr'>Romuli,</span> <span class='ocrx_word' id='word_1_396' title='bbox 1883 736 2018 776; x_wconf 81' lang='lat' dir='ltr'>novello</span> <span class='ocrx_word' id='word_1_397' title='bbox 2037 738 2153 778; x_wconf 83' lang='lat' dir='ltr'>adhuc</span> <span class='ocrx_word' id='word_1_398' title='bbox 2175 745 2354 781; x_wconf 85' lang='lat' dir='ltr'>Romanae</span> 
     </span>
     <span class='ocr_line' id='line_1_61' title="bbox 1303 785 2354 840; baseline 0.009 -19"><span class='ocrx_word' id='word_1_399' title='bbox 1303 785 1402 823; x_wconf 86' lang='lat' dir='ltr'>Urbis</span> <span class='ocrx_word' id='word_1_400' title='bbox 1419 786 1559 834; x_wconf 82' lang='lat' dir='ltr'>imperio</span> <span class='ocrx_word' id='word_1_401' title='bbox 1571 814 1582 831; x_wconf 90' lang='lat'>‚</span> <span class='ocrx_word' id='word_1_402' title='bbox 1601 788 1746 832; x_wconf 59' lang='lat' dir='ltr'>facium</span> <span class='ocrx_word' id='word_1_403' title='bbox 1762 786 1942 836; x_wconf 84' lang='lat' dir='ltr'>Pontifices</span> <span class='ocrx_word' id='word_1_404' title='bbox 1955 817 1965 834; x_wconf 90' lang='lat'>‚</span> <span class='ocrx_word' id='word_1_405' title='bbox 1989 799 2089 839; x_wconf 84' lang='lat' dir='ltr'>penes</span> <span class='ocrx_word' id='word_1_406' title='bbox 2106 805 2187 840; x_wconf 86' lang='lat' dir='ltr'>quos</span> <span class='ocrx_word' id='word_1_407' title='bbox 2206 793 2354 838; x_wconf 83' lang='lat' dir='ltr'>scriben-</span> 
     </span>
     <span class='ocr_line' id='line_1_62' title="bbox 1303 836 2356 887; baseline 0.011 -15"><span class='ocrx_word' id='word_1_408' title='bbox 1303 836 1368 873; x_wconf 86' lang='lat' dir='ltr'>dae</span> <span class='ocrx_word' id='word_1_409' title='bbox 1398 836 1564 883; x_wconf 77' lang='lat' dir='ltr'>Htstoriae</span> <span class='ocrx_word' id='word_1_410' title='bbox 1589 837 1734 887; x_wconf 86' lang='lat' dir='ltr'>potestas</span> <span class='ocrx_word' id='word_1_411' title='bbox 1762 838 1837 885; x_wconf 89' lang='lat' dir='ltr'>fuit</span> <span class='ocrx_word' id='word_1_412' title='bbox 1858 867 1869 883; x_wconf 89' lang='lat'>,</span> <span class='ocrx_word' id='word_1_413' title='bbox 1914 840 1952 877; x_wconf 84' lang='lat' dir='ltr'>in</span> <span class='ocrx_word' id='word_1_414' title='bbox 1981 840 2116 879; x_wconf 82' lang='lat' dir='ltr'>litteras</span> <span class='ocrx_word' id='word_1_415' title='bbox 2150 843 2356 884; x_wconf 82' lang='lat' dir='ltr'>retulerunt.</span> 
     </span>
     <span class='ocr_line' id='line_1_63' title="bbox 1303 886 2355 943; baseline 0.01 -19"><span class='ocrx_word' id='word_1_416' title='bbox 1303 886 1504 925; x_wconf 79' lang='lat' dir='ltr'>Uberrime</span> <span class='ocrx_word' id='word_1_417' title='bbox 1521 889 1557 926; x_wconf 91' lang='lat'>&amp;</span> <span class='ocrx_word' id='word_1_418' title='bbox 1578 888 1673 926; x_wconf 78' lang='lat' dir='ltr'>clare</span> <span class='ocrx_word' id='word_1_419' title='bbox 1694 889 1829 927; x_wconf 89' lang='lat' dir='ltr'>Cicero</span> <span class='ocrx_word' id='word_1_420' title='bbox 1843 890 1888 928; x_wconf 89' lang='lat' dir='ltr'>de</span> <span class='ocrx_word' id='word_1_421' title='bbox 1899 892 2059 930; x_wconf 87' lang='lat' dir='ltr'>Oratore</span> <span class='ocrx_word' id='word_1_422' title='bbox 2069 894 2130 932; x_wconf 82' lang='lat' dir='ltr'>lib.</span> <span class='ocrx_word' id='word_1_423' title='bbox 2143 907 2190 932; x_wconf 86' lang='lat'>11.</span> <span class='ocrx_word' id='word_1_424' title='bbox 2203 906 2282 943; x_wconf 86' lang='lat' dir='ltr'>cap.</span> <span class='ocrx_word' id='word_1_425' title='bbox 2300 906 2355 934; x_wconf 73' lang='lat'>12.</span> 
     </span>
     <span class='ocr_line' id='line_1_64' title="bbox 1303 939 2354 992; baseline 0.008 -18"><span class='ocrx_word' id='word_1_426' title='bbox 1303 942 1392 975; x_wconf 87' lang='lat' dir='ltr'>Erat</span> <span class='ocrx_word' id='word_1_427' title='bbox 1420 939 1521 976; x_wconf 86' lang='lat' dir='ltr'>initio</span> <span class='ocrx_word' id='word_1_428' title='bbox 1542 939 1692 986; x_wconf 75' lang='lat' dir='ltr'>Historia</span> <span class='ocrx_word' id='word_1_429' title='bbox 1716 940 1809 977; x_wconf 80' lang='lat' dir='ltr'>nihil</span> <span class='ocrx_word' id='word_1_430' title='bbox 1826 941 1926 978; x_wconf 82' lang='lat' dir='ltr'>aliud</span> <span class='ocrx_word' id='word_1_431' title='bbox 1946 940 2011 991; x_wconf 78' lang='lat' dir='ltr'>nisi</span> <span class='ocrx_word' id='word_1_432' title='bbox 2030 944 2221 982; x_wconf 71' lang='lat' dir='ltr'>annalium</span> <span class='ocrx_word' id='word_1_433' title='bbox 2243 947 2354 992; x_wconf 85' lang='lat' dir='ltr'>confe-</span> 
     </span>
     <span class='ocr_line' id='line_1_65' title="bbox 1304 989 2356 1045; baseline 0.008 -20"><span class='ocrx_word' id='word_1_434' title='bbox 1304 989 1370 1026; x_wconf 71' lang='grc' dir='ltr'>ἑῖἱο</span> <span class='ocrx_word' id='word_1_435' title='bbox 1389 1005 1402 1026; x_wconf 87' lang='grc'>.·</span> <span class='ocrx_word' id='word_1_436' title='bbox 1431 991 1527 1039; x_wconf 80' lang='lat' dir='ltr'>cujus</span> <span class='ocrx_word' id='word_1_437' title='bbox 1549 991 1598 1028; x_wconf 88' lang='lat' dir='ltr'>rei</span> <span class='ocrx_word' id='word_1_438' title='bbox 1619 992 1871 1042; x_wconf 86' lang='lat' dir='ltr'>memoriaeque</span> <span class='ocrx_word' id='word_1_439' title='bbox 1884 993 2041 1042; x_wconf 85' lang='lat' dir='ltr'>publicae</span> <span class='ocrx_word' id='word_1_440' title='bbox 2051 996 2250 1033; x_wconf 80' lang='lat' dir='ltr'>retinendae</span> <span class='ocrx_word' id='word_1_441' title='bbox 2259 997 2356 1045; x_wconf 83' lang='lat' dir='ltr'>caus-&#39;-</span> 
     </span>
     <span class='ocr_line' id='line_1_66' title="bbox 1297 1039 2357 1097; baseline 0.008 -21"><span class='ocrx_word' id='word_1_442' title='bbox 1297 1039 1367 1088; x_wconf 65' lang='lat' dir='ltr'>sti,</span> <span class='ocrx_word' id='word_1_443' title='bbox 1403 1040 1448 1077; x_wconf 86' lang='lat' dir='ltr'>ab</span> <span class='ocrx_word' id='word_1_444' title='bbox 1478 1042 1579 1079; x_wconf 84' lang='lat' dir='ltr'>initio</span> <span class='ocrx_word' id='word_1_445' title='bbox 1611 1055 1728 1080; x_wconf 84' lang='lat' dir='ltr'>rerum</span> <span class='ocrx_word' id='word_1_446' title='bbox 1748 1049 1990 1082; x_wconf 83' lang='lat' dir='ltr'>Romanarum</span> <span class='ocrx_word' id='word_1_447' title='bbox 2009 1060 2113 1097; x_wconf 78' lang='lat' dir='ltr'>usque</span> <span class='ocrx_word' id='word_1_448' title='bbox 2133 1047 2180 1084; x_wconf 85' lang='lat' dir='ltr'>ad</span> <span class='ocrx_word' id='word_1_449' title='bbox 2205 1054 2243 1084; x_wconf 83' lang='grc' dir='ltr'>Ρ.</span> <span class='ocrx_word' id='word_1_450' title='bbox 2268 1053 2357 1084; x_wconf 83' lang='lat' dir='ltr'>Mu·</span> 
     </span>
     <span class='ocr_line' id='line_1_67' title="bbox 1306 1091 2358 1147; baseline 0.008 -20"><span class='ocrx_word' id='word_1_451' title='bbox 1306 1091 1397 1129; x_wconf 78' lang='lat' dir='ltr'>cium</span> <span class='ocrx_word' id='word_1_452' title='bbox 1429 1092 1633 1142; x_wconf 85' lang='lat' dir='ltr'>Pontificem</span> <span class='ocrx_word' id='word_1_453' title='bbox 1663 1094 1896 1140; x_wconf 85' lang='lat' dir='ltr'>Maximum,</span> <span class='ocrx_word' id='word_1_454' title='bbox 1934 1109 1985 1133; x_wconf 85' lang='lat' dir='ltr'>res</span> <span class='ocrx_word' id='word_1_455' title='bbox 2005 1110 2120 1134; x_wconf 89' lang='lat' dir='ltr'>omnes</span> <span class='ocrx_word' id='word_1_456' title='bbox 2141 1096 2358 1147; x_wconf 80' lang='lat' dir='ltr'>singulorum</span> 
     </span>
     <span class='ocr_line' id='line_1_68' title="bbox 1307 1144 2360 1193; baseline 0.008 -15"><span class='ocrx_word' id='word_1_457' title='bbox 1307 1155 1482 1180; x_wconf 88' lang='lat' dir='ltr'>annorum</span> <span class='ocrx_word' id='word_1_458' title='bbox 1512 1144 1710 1182; x_wconf 85' lang='lat' dir='ltr'>mandabat</span> <span class='ocrx_word' id='word_1_459' title='bbox 1737 1145 1863 1182; x_wconf 83' lang='lat' dir='ltr'>litteris</span> <span class='ocrx_word' id='word_1_460' title='bbox 1882 1147 2045 1193; x_wconf 73' lang='lat' dir='ltr'>Pontifex</span> <span class='ocrx_word' id='word_1_461' title='bbox 2069 1149 2277 1193; x_wconf 80' lang='lat' dir='ltr'>Maximus,</span> <span class='ocrx_word' id='word_1_462' title='bbox 2305 1163 2360 1187; x_wconf 91' lang='lat' dir='ltr'>re-</span> 
     </span>
     <span class='ocr_line' id='line_1_69' title="bbox 1296 1193 2358 1246; baseline 0.008 -17"><span class='ocrx_word' id='word_1_463' title='bbox 1296 1193 1504 1245; x_wconf 78' lang='lat' dir='ltr'>ferebatque</span> <span class='ocrx_word' id='word_1_464' title='bbox 1530 1196 1569 1232; x_wconf 85' lang='lat' dir='ltr'>in</span> <span class='ocrx_word' id='word_1_465' title='bbox 1588 1194 1710 1232; x_wconf 68' lang='lat' dir='ltr'>album</span> <span class='ocrx_word' id='word_1_466' title='bbox 1724 1223 1734 1240; x_wconf 93' lang='lat'>,</span> <span class='ocrx_word' id='word_1_467' title='bbox 1763 1207 1806 1235; x_wconf 61' lang='grc' dir='ltr'>(θ’</span> <span class='ocrx_word' id='word_1_468' title='bbox 1833 1197 2036 1246; x_wconf 86' lang='lat' dir='ltr'>proponebat</span> <span class='ocrx_word' id='word_1_469' title='bbox 2056 1198 2218 1236; x_wconf 86' lang='lat' dir='ltr'>tabulam</span> <span class='ocrx_word' id='word_1_470' title='bbox 2240 1199 2358 1245; x_wconf 84' lang='lat' dir='ltr'>domi,</span> 
     </span>
     <span class='ocr_line' id='line_1_70' title="bbox 1300 1245 2359 1298; baseline 0.008 -18"><span class='ocrx_word' id='word_1_471' title='bbox 1300 1245 1445 1291; x_wconf 87' lang='lat' dir='ltr'>potestas</span> <span class='ocrx_word' id='word_1_472' title='bbox 1463 1255 1504 1282; x_wconf 87' lang='lat' dir='ltr'>ut</span> <span class='ocrx_word' id='word_1_473' title='bbox 1522 1245 1595 1293; x_wconf 79' lang='lat' dir='ltr'>esset</span> <span class='ocrx_word' id='word_1_474' title='bbox 1611 1247 1730 1296; x_wconf 86' lang='lat' dir='ltr'>populo</span> <span class='ocrx_word' id='word_1_475' title='bbox 1749 1248 1962 1295; x_wconf 83' lang='lat' dir='ltr'>cognoscendi</span> <span class='ocrx_word' id='word_1_476' title='bbox 1976 1264 1987 1293; x_wconf 86' lang='lat'>;</span> <span class='ocrx_word' id='word_1_477' title='bbox 2025 1249 2117 1298; x_wconf 86' lang='lat' dir='ltr'>iique</span> <span class='ocrx_word' id='word_1_478' title='bbox 2136 1251 2243 1287; x_wconf 88' lang='lat' dir='ltr'>etiam</span> <span class='ocrx_word' id='word_1_479' title='bbox 2266 1263 2359 1288; x_wconf 83' lang='lat' dir='ltr'>nunc</span> 
     </span>
     <span class='ocr_line' id='line_1_71' title="bbox 1307 1294 2355 1340; baseline 0.011 -12"><span class='ocrx_word' id='word_1_480' title='bbox 1307 1294 1474 1330; x_wconf 79' lang='lat' dir='ltr'>Annales</span> <span class='ocrx_word' id='word_1_481' title='bbox 1504 1296 1656 1333; x_wconf 85' lang='lat' dir='ltr'>maximi</span> <span class='ocrx_word' id='word_1_482' title='bbox 1687 1298 1933 1338; x_wconf 81' lang='lat' dir='ltr'>nominantur.</span> <span class='ocrx_word' id='word_1_483' title='bbox 1981 1300 2058 1338; x_wconf 88' lang='lat' dir='ltr'>Cur</span> <span class='ocrx_word' id='word_1_484' title='bbox 2090 1301 2241 1338; x_wconf 83' lang='lat' dir='ltr'>maximi</span> <span class='ocrx_word' id='word_1_485' title='bbox 2267 1301 2355 1340; x_wconf 74' lang='grc' dir='ltr'><strong>(116ὶί</strong></span> 
     </span>
     <span class='ocr_line' id='line_1_72' title="bbox 1306 1343 2358 1401; baseline 0.009 -21"><span class='ocrx_word' id='word_1_486' title='bbox 1306 1343 1375 1381; x_wconf 86' lang='lat' dir='ltr'>fint</span> <span class='ocrx_word' id='word_1_487' title='bbox 1403 1344 1561 1383; x_wconf 86' lang='lat' dir='ltr'>ostendit</span> <span class='ocrx_word' id='word_1_488' title='bbox 1592 1345 1685 1384; x_wconf 85' lang='lat' dir='ltr'>Festi</span> <span class='ocrx_word' id='word_1_489' title='bbox 1715 1349 1989 1388; x_wconf 80' lang='lat' dir='ltr'>Abbreviator:</span> <span class='ocrx_word' id='word_1_490' title='bbox 2028 1357 2110 1388; x_wconf 89' lang='lat' dir='ltr'>Non</span> <span class='ocrx_word' id='word_1_491' title='bbox 2136 1352 2358 1401; x_wconf 84' lang='lat' dir='ltr'>magnitudi-</span> 
     </span>
     <span class='ocr_line' id='line_1_73' title="bbox 1307 1396 2358 1451; baseline 0.01 -21"><span class='ocrx_word' id='word_1_492' title='bbox 1307 1406 1372 1438; x_wconf 84' lang='lat' dir='ltr'>ne,</span> <span class='ocrx_word' id='word_1_493' title='bbox 1400 1396 1541 1444; x_wconf 84' lang='lat' dir='ltr'>inquit,</span> <span class='ocrx_word' id='word_1_494' title='bbox 1563 1398 1626 1444; x_wconf 85' lang='lat' dir='ltr'>sed</span> <span class='ocrx_word' id='word_1_495' title='bbox 1656 1397 1749 1448; x_wconf 73' lang='lat' dir='ltr'>quod</span> <span class='ocrx_word' id='word_1_496' title='bbox 1775 1412 1825 1435; x_wconf 83' lang='lat' dir='ltr'>eos</span> <span class='ocrx_word' id='word_1_497' title='bbox 1851 1401 2018 1451; x_wconf 85' lang='lat' dir='ltr'>exaraffet</span> <span class='ocrx_word' id='word_1_498' title='bbox 2046 1402 2208 1449; x_wconf 81' lang='lat' dir='ltr'>Pontifex</span> <span class='ocrx_word' id='word_1_499' title='bbox 2231 1403 2358 1440; x_wconf 89' lang='lat' dir='ltr'>Maxi-</span> 
     </span>
     <span class='ocr_line' id='line_1_74' title="bbox 1307 1446 2360 1501; baseline 0.011 -20"><span class='ocrx_word' id='word_1_500' title='bbox 1307 1458 1396 1482; x_wconf 87' lang='lat' dir='ltr'>mus.</span> <span class='ocrx_word' id='word_1_501' title='bbox 1423 1446 1470 1483; x_wconf 88' lang='lat' dir='ltr'>Et</span> <span class='ocrx_word' id='word_1_502' title='bbox 1486 1446 1569 1484; x_wconf 78' lang='lat' dir='ltr'>sane</span> <span class='ocrx_word' id='word_1_503' title='bbox 1588 1448 1742 1486; x_wconf 86' lang='lat' dir='ltr'>alterum</span> <span class='ocrx_word' id='word_1_504' title='bbox 1764 1450 1873 1488; x_wconf 83' lang='lat' dir='ltr'>etiam</span> <span class='ocrx_word' id='word_1_505' title='bbox 1888 1451 1929 1489; x_wconf 88' lang='lat' dir='ltr'>iis</span> <span class='ocrx_word' id='word_1_506' title='bbox 1951 1461 2110 1501; x_wconf 86' lang='lat' dir='ltr'>etymon</span> <span class='ocrx_word' id='word_1_507' title='bbox 2128 1455 2360 1492; x_wconf 79' lang='lat' dir='ltr'>conveniret:</span> 
     </span>
     <span class='ocr_line' id='line_1_75' title="bbox 1305 1498 2358 1549; baseline 0.011 -17"><span class='ocrx_word' id='word_1_508' title='bbox 1305 1507 1393 1534; x_wconf 85' lang='lat' dir='ltr'>nam</span> <span class='ocrx_word' id='word_1_509' title='bbox 1422 1506 1592 1536; x_wconf 87' lang='lat' dir='ltr'>veterum</span> <span class='ocrx_word' id='word_1_510' title='bbox 1622 1498 1811 1547; x_wconf 79' lang='lat' dir='ltr'>diligentia</span> <span class='ocrx_word' id='word_1_511' title='bbox 1834 1501 1871 1539; x_wconf 89' lang='lat' dir='ltr'>in</span> <span class='ocrx_word' id='word_1_512' title='bbox 1891 1513 2001 1540; x_wconf 72' lang='lat' dir='ltr'><strong>Lxxx.</strong></span> <span class='ocrx_word' id='word_1_513' title='bbox 2029 1504 2138 1542; x_wconf 88' lang='lat' dir='ltr'>libros</span> <span class='ocrx_word' id='word_1_514' title='bbox 2157 1505 2300 1549; x_wconf 88' lang='lat' dir='ltr'>retulit;</span> <span class='ocrx_word' id='word_1_515' title='bbox 2331 1504 2358 1543; x_wconf 85' lang='lat' dir='ltr'><strong>fi</strong></span> 
     </span>
     <span class='ocr_line' id='line_1_76' title="bbox 1306 1546 2362 1602; baseline 0.01 -18"><span class='ocrx_word' id='word_1_516' title='bbox 1306 1546 1394 1585; x_wconf 85' lang='lat' dir='ltr'>fides</span> <span class='ocrx_word' id='word_1_517' title='bbox 1419 1547 1546 1586; x_wconf 90' lang='lat' dir='ltr'>Servio</span> <span class='ocrx_word' id='word_1_518' title='bbox 1572 1550 1609 1587; x_wconf 90' lang='lat' dir='ltr'>in</span> <span class='ocrx_word' id='word_1_519' title='bbox 1638 1549 1784 1588; x_wconf 85' lang='lat' dir='ltr'>Schedis</span> <span class='ocrx_word' id='word_1_520' title='bbox 1802 1563 1830 1588; x_wconf 89' lang='lat'><strong>1.</strong></span> <span class='ocrx_word' id='word_1_521' title='bbox 1850 1552 2010 1590; x_wconf 82' lang='lat' dir='ltr'>Aeneid.</span> <span class='ocrx_word' id='word_1_522' title='bbox 2030 1555 2114 1602; x_wconf 88' lang='lat'><strong>376.</strong></span> <span class='ocrx_word' id='word_1_523' title='bbox 2141 1567 2210 1594; x_wconf 89' lang='lat' dir='ltr'>nec</span> <span class='ocrx_word' id='word_1_524' title='bbox 2231 1554 2362 1595; x_wconf 73' lang='lat' dir='ltr'>diffuse</span> 
     </span>
     <span class='ocr_line' id='line_1_77' title="bbox 1307 1599 2361 1650; baseline 0.009 -15"><span class='ocrx_word' id='word_1_525' title='bbox 1307 1599 1437 1636; x_wconf 85' lang='lat' dir='ltr'>omnia</span> <span class='ocrx_word' id='word_1_526' title='bbox 1465 1600 1502 1637; x_wconf 88' lang='lat' dir='ltr'>in</span> <span class='ocrx_word' id='word_1_527' title='bbox 1532 1599 1600 1637; x_wconf 88' lang='lat' dir='ltr'>illis</span> <span class='ocrx_word' id='word_1_528' title='bbox 1621 1599 1771 1649; x_wconf 84' lang='lat' dir='ltr'>scripta,</span> <span class='ocrx_word' id='word_1_529' title='bbox 1799 1601 1859 1640; x_wconf 88' lang='lat' dir='ltr'>sed</span> <span class='ocrx_word' id='word_1_530' title='bbox 1878 1602 1993 1650; x_wconf 71' lang='lat' dir='ltr'>presse</span> <span class='ocrx_word' id='word_1_531' title='bbox 2018 1605 2055 1641; x_wconf 88' lang='lat'>&amp;</span> <span class='ocrx_word' id='word_1_532' title='bbox 2072 1605 2211 1650; x_wconf 63' lang='lat' dir='ltr'>stridie,</span> <span class='ocrx_word' id='word_1_533' title='bbox 2239 1607 2361 1645; x_wconf 91' lang='lat' dir='ltr'>brevi-</span> 
     </span>
     <span class='ocr_line' id='line_1_78' title="bbox 1289 1649 2360 1704; baseline 0.008 -18"><span class='ocrx_word' id='word_1_534' title='bbox 1289 1649 1371 1687; x_wconf 87' lang='lat' dir='ltr'>.bus</span> <span class='ocrx_word' id='word_1_535' title='bbox 1385 1678 1395 1695; x_wconf 96' lang='lat'>,</span> <span class='ocrx_word' id='word_1_536' title='bbox 1424 1661 1501 1687; x_wconf 86' lang='lat' dir='ltr'>non</span> <span class='ocrx_word' id='word_1_537' title='bbox 1521 1650 1669 1700; x_wconf 86' lang='lat' dir='ltr'>integris</span> <span class='ocrx_word' id='word_1_538' title='bbox 1689 1652 1798 1690; x_wconf 90' lang='lat' dir='ltr'>notis.</span> <span class='ocrx_word' id='word_1_539' title='bbox 1852 1652 1941 1691; x_wconf 90' lang='lat' dir='ltr'>Huc</span> <span class='ocrx_word' id='word_1_540' title='bbox 1964 1654 2121 1702; x_wconf 67' lang='lat' dir='ltr'>speetare</span> <span class='ocrx_word' id='word_1_541' title='bbox 2138 1656 2360 1704; x_wconf 84' lang='lat' dir='ltr'>suspicantur</span> 
     </span>
     <span class='ocr_line' id='line_1_79' title="bbox 1307 1700 2359 1745; baseline 0.007 -7"><span class='ocrx_word' id='word_1_542' title='bbox 1307 1700 1510 1739; x_wconf 80' lang='lat' dir='ltr'>Duumviri</span> <span class='ocrx_word' id='word_1_543' title='bbox 1530 1702 1663 1740; x_wconf 86' lang='lat' dir='ltr'>eruditi</span> <span class='ocrx_word' id='word_1_544' title='bbox 1683 1703 1742 1740; x_wconf 87' lang='lat' dir='ltr'>illa</span> <span class='ocrx_word' id='word_1_545' title='bbox 1766 1703 1865 1741; x_wconf 88' lang='lat' dir='ltr'>Livii</span> <span class='ocrx_word' id='word_1_546' title='bbox 1886 1704 1948 1742; x_wconf 91' lang='lat' dir='ltr'>sub</span> <span class='ocrx_word' id='word_1_547' title='bbox 1966 1705 2112 1744; x_wconf 89' lang='lat' dir='ltr'>initium</span> <span class='ocrx_word' id='word_1_548' title='bbox 2126 1706 2186 1744; x_wconf 88' lang='lat' dir='ltr'>lib.</span> <span class='ocrx_word' id='word_1_549' title='bbox 2200 1720 2251 1745; x_wconf 80' lang='lat' dir='ltr'>vs.</span> <span class='ocrx_word' id='word_1_550' title='bbox 2274 1714 2359 1745; x_wconf 84' lang='lat' dir='ltr'>Per-</span> 
     </span>
     <span class='ocr_line' id='line_1_80' title="bbox 1308 1753 2355 1807; baseline 0.009 -19"><span class='ocrx_word' id='word_1_551' title='bbox 1308 1764 1410 1790; x_wconf 87' lang='lat' dir='ltr'>rarae</span> <span class='ocrx_word' id='word_1_552' title='bbox 1432 1764 1474 1792; x_wconf 64' lang='grc' dir='ltr'>ω’</span> <span class='ocrx_word' id='word_1_553' title='bbox 1492 1761 1552 1802; x_wconf 89' lang='lat' dir='ltr'>per</span> <span class='ocrx_word' id='word_1_554' title='bbox 1573 1753 1693 1790; x_wconf 88' lang='lat' dir='ltr'>eadem</span> <span class='ocrx_word' id='word_1_555' title='bbox 1711 1764 1862 1802; x_wconf 82' lang='lat' dir='ltr'>tempora</span> <span class='ocrx_word' id='word_1_556' title='bbox 1882 1754 2018 1793; x_wconf 83' lang='lat' dir='ltr'>litterae</span> <span class='ocrx_word' id='word_1_557' title='bbox 2030 1758 2141 1804; x_wconf 85' lang='lat' dir='ltr'>fuere.</span> <span class='ocrx_word' id='word_1_558' title='bbox 2171 1770 2247 1796; x_wconf 88' lang='lat' dir='ltr'>non</span> <span class='ocrx_word' id='word_1_559' title='bbox 2261 1770 2355 1807; x_wconf 84' lang='lat' dir='ltr'>ego,</span> 
     </span>
     <span class='ocr_line' id='line_1_81' title="bbox 1306 1802 2356 1858; baseline 0.009 -19"><span class='ocrx_word' id='word_1_560' title='bbox 1306 1804 1370 1852; x_wconf 89' lang='lat' dir='ltr'>qui</span> <span class='ocrx_word' id='word_1_561' title='bbox 1392 1812 1554 1853; x_wconf 84' lang='lat' dir='ltr'>perraras</span> <span class='ocrx_word' id='word_1_562' title='bbox 1579 1802 1695 1842; x_wconf 66' lang='lat' dir='ltr'>stric‘la</span> <span class='ocrx_word' id='word_1_563' title='bbox 1722 1804 1985 1855; x_wconf 82' lang='lat' dir='ltr'>significatione</span> <span class='ocrx_word' id='word_1_564' title='bbox 2015 1809 2158 1856; x_wconf 87' lang='lat' dir='ltr'>accipio</span> <span class='ocrx_word' id='word_1_565' title='bbox 2188 1820 2321 1858; x_wconf 84' lang='lat' dir='ltr'>paucas</span> <span class='ocrx_word' id='word_1_566' title='bbox 2342 1837 2356 1855; x_wconf 91' lang='lat'>,</span> 
     </span>
     <span class='ocr_line' id='line_1_82' title="bbox 1307 1855 2356 1909; baseline 0.008 -18"><span class='ocrx_word' id='word_1_567' title='bbox 1307 1866 1384 1892; x_wconf 92' lang='lat' dir='ltr'>non</span> <span class='ocrx_word' id='word_1_568' title='bbox 1407 1855 1546 1893; x_wconf 88' lang='lat' dir='ltr'>breves.</span> <span class='ocrx_word' id='word_1_569' title='bbox 1579 1856 1656 1905; x_wconf 87' lang='lat' dir='ltr'>Ipse</span> <span class='ocrx_word' id='word_1_570' title='bbox 1666 1856 1781 1894; x_wconf 89' lang='lat' dir='ltr'>subdit</span> <span class='ocrx_word' id='word_1_571' title='bbox 1794 1856 1918 1905; x_wconf 79' lang='lat' dir='ltr'>paullo</span> <span class='ocrx_word' id='word_1_572' title='bbox 1932 1857 2009 1906; x_wconf 90' lang='lat' dir='ltr'>post</span> <span class='ocrx_word' id='word_1_573' title='bbox 2032 1860 2214 1898; x_wconf 87' lang='lat' dir='ltr'>rationem</span> <span class='ocrx_word' id='word_1_574' title='bbox 2237 1872 2356 1909; x_wconf 86' lang='lat' dir='ltr'>penu-</span> 
     </span>
     <span class='ocr_line' id='line_1_83' title="bbox 1308 1907 2356 1961; baseline 0.006 -19"><span class='ocrx_word' id='word_1_575' title='bbox 1308 1907 1403 1943; x_wconf 81' lang='lat' dir='ltr'>riae:</span> <span class='ocrx_word' id='word_1_576' title='bbox 1429 1907 1464 1943; x_wconf 86' lang='lat' dir='ltr'>Si</span> <span class='ocrx_word' id='word_1_577' title='bbox 1477 1919 1564 1957; x_wconf 85' lang='lat' dir='ltr'>quae</span> <span class='ocrx_word' id='word_1_578' title='bbox 1584 1908 1620 1944; x_wconf 84' lang='lat' dir='ltr'>in</span> <span class='ocrx_word' id='word_1_579' title='bbox 1632 1908 1889 1946; x_wconf 87' lang='lat' dir='ltr'>commentariis</span> <span class='ocrx_word' id='word_1_580' title='bbox 1908 1909 2116 1959; x_wconf 65' lang='lat' dir='ltr'>Pontificum</span> <span class='ocrx_word' id='word_1_581' title='bbox 2136 1910 2283 1960; x_wconf 85' lang='lat' dir='ltr'>aliisque</span> <span class='ocrx_word' id='word_1_582' title='bbox 2288 1920 2356 1961; x_wconf 86' lang='lat' dir='ltr'>pu·</span> 
     </span>
     <span class='ocr_line' id='line_1_84' title="bbox 1308 1955 2354 2010; baseline 0.006 -17"><span class='ocrx_word' id='word_1_583' title='bbox 1308 1955 1403 1993; x_wconf 82' lang='lat' dir='ltr'>blicis</span> <span class='ocrx_word' id='word_1_584' title='bbox 1412 1957 1634 2007; x_wconf 81' lang='lat' dir='ltr'>privatisque</span> <span class='ocrx_word' id='word_1_585' title='bbox 1643 1969 1744 1996; x_wconf 85' lang='lat' dir='ltr'>erant</span> <span class='ocrx_word' id='word_1_586' title='bbox 1756 1961 1992 1997; x_wconf 82' lang='lat' dir='ltr'>monumentis</span> <span class='ocrx_word' id='word_1_587' title='bbox 2003 1989 2013 2006; x_wconf 91' lang='lat'>‚</span> <span class='ocrx_word' id='word_1_588' title='bbox 2034 1961 2174 2010; x_wconf 74' lang='lat' dir='ltr'>incensd</span> <span class='ocrx_word' id='word_1_589' title='bbox 2185 1962 2267 1999; x_wconf 84' lang='lat' dir='ltr'>urbe</span> <span class='ocrx_word' id='word_1_590' title='bbox 2283 1962 2354 2009; x_wconf 82' lang='lat' dir='ltr'>ple—</span> 
     </span>
     <span class='ocr_line' id='line_1_85' title="bbox 1305 2009 2355 2060; baseline 0.005 -16"><span class='ocrx_word' id='word_1_591' title='bbox 1305 2009 1604 2057; x_wconf 81' lang='lat' dir='ltr'>raequeinreriere.</span> <span class='ocrx_word' id='word_1_592' title='bbox 1634 2009 1811 2048; x_wconf 74' lang='lat' dir='ltr'>NEAPoL.</span> <span class='ocrx_word' id='word_1_593' title='bbox 1843 2010 1883 2048; x_wconf 91' lang='lat' dir='ltr'>In</span> <span class='ocrx_word' id='word_1_594' title='bbox 1897 2020 2056 2060; x_wconf 85' lang='lat' dir='ltr'>excerpt.</span> <span class='ocrx_word' id='word_1_595' title='bbox 2067 2010 2169 2050; x_wconf 84' lang='lat' dir='ltr'>Voff.</span> <span class='ocrx_word' id='word_1_596' title='bbox 2183 2013 2230 2050; x_wconf 88' lang='lat' dir='ltr'>est</span> <span class='ocrx_word' id='word_1_597' title='bbox 2245 2013 2355 2058; x_wconf 85' lang='lat' dir='ltr'>edita,</span> 
     </span>
     <span class='ocr_line' id='line_1_86' title="bbox 1305 2061 2355 2110; baseline 0.005 -14"><span class='ocrx_word' id='word_1_598' title='bbox 1305 2071 1383 2108; x_wconf 89' lang='lat' dir='ltr'>quo</span> <span class='ocrx_word' id='word_1_599' title='bbox 1402 2061 1516 2098; x_wconf 87' lang='lat' dir='ltr'>verbo</span> <span class='ocrx_word' id='word_1_600' title='bbox 1544 2061 1649 2110; x_wconf 85' lang='lat' dir='ltr'>saepe</span> <span class='ocrx_word' id='word_1_601' title='bbox 1669 2062 1798 2100; x_wconf 83' lang='lat' dir='ltr'>Livius</span> <span class='ocrx_word' id='word_1_602' title='bbox 1820 2062 1857 2099; x_wconf 90' lang='lat' dir='ltr'>in</span> <span class='ocrx_word' id='word_1_603' title='bbox 1872 2061 1975 2100; x_wconf 86' lang='lat' dir='ltr'>sacris</span> <span class='ocrx_word' id='word_1_604' title='bbox 1996 2064 2121 2101; x_wconf 85' lang='lat' dir='ltr'>utitur.</span> <span class='ocrx_word' id='word_1_605' title='bbox 2141 2063 2215 2101; x_wconf 89' lang='lat' dir='ltr'>vid.</span> <span class='ocrx_word' id='word_1_606' title='bbox 2236 2064 2355 2101; x_wconf 86' lang='lat' dir='ltr'>Gron.</span> 
     </span>
     <span class='ocr_line' id='line_1_87' title="bbox 1304 2109 2356 2158; baseline 0.005 -11"><span class='ocrx_word' id='word_1_607' title='bbox 1304 2109 1348 2147; x_wconf 84' lang='lat' dir='ltr'>ad</span> <span class='ocrx_word' id='word_1_608' title='bbox 1376 2111 1461 2149; x_wconf 90' lang='lat' dir='ltr'>Liv.</span> <span class='ocrx_word' id='word_1_609' title='bbox 1491 2124 1577 2150; x_wconf 85' lang='lat' dir='ltr'><strong>xxv.</strong></span> <span class='ocrx_word' id='word_1_610' title='bbox 1611 2125 1667 2150; x_wconf 83' lang='lat'>12.</span> <span class='ocrx_word' id='word_1_611' title='bbox 1705 2113 1743 2150; x_wconf 64' lang='grc' dir='ltr'>ὃς</span> <span class='ocrx_word' id='word_1_612' title='bbox 1772 2125 1885 2150; x_wconf 66' lang='lat' dir='ltr'>mm.</span> <span class='ocrx_word' id='word_1_613' title='bbox 1922 2125 1975 2158; x_wconf 80' lang='lat'>¹4-</span> <span class='ocrx_word' id='word_1_614' title='bbox 2005 2115 2042 2150; x_wconf 74' lang='grc' dir='ltr'>δε</span> <span class='ocrx_word' id='word_1_615' title='bbox 2074 2125 2143 2152; x_wconf 85' lang='lat' dir='ltr'>nos</span> <span class='ocrx_word' id='word_1_616' title='bbox 2173 2113 2266 2152; x_wconf 85' lang='lat' dir='ltr'>alibi.</span> <span class='ocrx_word' id='word_1_617' title='bbox 2292 2114 2356 2153; x_wconf 88' lang='lat' dir='ltr'>sed</span> 
     </span>
     <span class='ocr_line' id='line_1_88' title="bbox 1303 2163 2356 2203; baseline 0.005 -6"><span class='ocrx_word' id='word_1_618' title='bbox 1303 2171 1403 2198; x_wconf 87' lang='lat' dir='ltr'>eruta</span> <span class='ocrx_word' id='word_1_619' title='bbox 1425 2163 1630 2201; x_wconf 84' lang='lat' dir='ltr'>vindicatur</span> <span class='ocrx_word' id='word_1_620' title='bbox 1661 2164 1748 2201; x_wconf 89' lang='lat' dir='ltr'>loco</span> <span class='ocrx_word' id='word_1_621' title='bbox 1770 2163 1879 2201; x_wconf 88' lang='lat' dir='ltr'>nostri</span> <span class='ocrx_word' id='word_1_622' title='bbox 1900 2163 2005 2201; x_wconf 82' lang='lat' dir='ltr'>simili</span> <span class='ocrx_word' id='word_1_623' title='bbox 2023 2164 2084 2202; x_wconf 89' lang='lat' dir='ltr'>lib.</span> <span class='ocrx_word' id='word_1_624' title='bbox 2103 2176 2156 2201; x_wconf 89' lang='lat' dir='ltr'><strong>1v.</strong></span> <span class='ocrx_word' id='word_1_625' title='bbox 2176 2177 2221 2203; x_wconf 87' lang='lat'>11.</span> <span class='ocrx_word' id='word_1_626' title='bbox 2248 2164 2356 2202; x_wconf 85' lang='lat' dir='ltr'>oblita</span> 
     </span>
     <span class='ocr_line' id='line_1_89' title="bbox 1303 2214 2357 2264; baseline 0.004 -15"><span class='ocrx_word' id='word_1_627' title='bbox 1303 2223 1397 2250; x_wconf 85' lang='lat' dir='ltr'>unus</span> <span class='ocrx_word' id='word_1_628' title='bbox 1420 2214 1562 2251; x_wconf 86' lang='lat' dir='ltr'>Moreti</span> <span class='ocrx_word' id='word_1_629' title='bbox 1583 2226 1650 2263; x_wconf 91' lang='lat' dir='ltr'>pro</span> <span class='ocrx_word' id='word_1_630' title='bbox 1672 2215 1770 2252; x_wconf 83' lang='lat' dir='ltr'>varia</span> <span class='ocrx_word' id='word_1_631' title='bbox 1787 2215 1961 2252; x_wconf 62' lang='lat' dir='ltr'>leftione.</span> <span class='ocrx_word' id='word_1_632' title='bbox 1981 2227 2047 2262; x_wconf 93' lang='lat' dir='ltr'>pro</span> <span class='ocrx_word' id='word_1_633' title='bbox 2065 2215 2183 2264; x_wconf 83' lang='lat' dir='ltr'>priscis</span> <span class='ocrx_word' id='word_1_634' title='bbox 2196 2215 2272 2254; x_wconf 89' lang='lat' dir='ltr'>duo</span> <span class='ocrx_word' id='word_1_635' title='bbox 2291 2227 2357 2253; x_wconf 88' lang='lat' dir='ltr'>co·</span> 
     </span>
     <span class='ocr_line' id='line_1_90' title="bbox 1307 2262 2358 2315; baseline 0.005 -15"><span class='ocrx_word' id='word_1_636' title='bbox 1307 2262 1421 2308; x_wconf 89' lang='lat' dir='ltr'>dices,</span> <span class='ocrx_word' id='word_1_637' title='bbox 1436 2264 1572 2312; x_wconf 81' lang='lat' dir='ltr'>primis.</span> <span class='ocrx_word' id='word_1_638' title='bbox 1589 2277 1685 2314; x_wconf 87' lang='lat' dir='ltr'>quae</span> <span class='ocrx_word' id='word_1_639' title='bbox 1706 2276 1818 2303; x_wconf 89' lang='lat' dir='ltr'>voces</span> <span class='ocrx_word' id='word_1_640' title='bbox 1843 2266 1881 2303; x_wconf 87' lang='lat'>&amp;</span> <span class='ocrx_word' id='word_1_641' title='bbox 1903 2266 1999 2312; x_wconf 86' lang='lat' dir='ltr'>apud</span> <span class='ocrx_word' id='word_1_642' title='bbox 2022 2266 2221 2314; x_wconf 87' lang='lat' dir='ltr'>Propert.1.</span> <span class='ocrx_word' id='word_1_643' title='bbox 2235 2278 2306 2305; x_wconf 84' lang='lat' dir='ltr'>vn.</span> <span class='ocrx_word' id='word_1_644' title='bbox 2322 2277 2358 2315; x_wconf 84' lang='lat'><strong>3.</strong></span> 
     </span>
     <span class='ocr_line' id='line_1_91' title="bbox 1308 2315 2360 2366; baseline 0.004 -15"><span class='ocrx_word' id='word_1_645' title='bbox 1308 2325 1602 2360; x_wconf 84' lang='lat' dir='ltr'>commutantur,</span> <span class='ocrx_word' id='word_1_646' title='bbox 1613 2316 1673 2354; x_wconf 91' lang='lat' dir='ltr'>ubi</span> <span class='ocrx_word' id='word_1_647' title='bbox 1687 2315 1849 2354; x_wconf 88' lang='lat' dir='ltr'>Broukh.</span> <span class='ocrx_word' id='word_1_648' title='bbox 1860 2315 1907 2354; x_wconf 90' lang='lat' dir='ltr'>fic</span> <span class='ocrx_word' id='word_1_649' title='bbox 1919 2318 1955 2354; x_wconf 68' lang='grc' dir='ltr'>ὅ(</span> <span class='ocrx_word' id='word_1_650' title='bbox 1968 2317 2064 2364; x_wconf 89' lang='lat' dir='ltr'>apud</span> <span class='ocrx_word' id='word_1_651' title='bbox 2077 2318 2218 2355; x_wconf 83' lang='lat' dir='ltr'>Lucan.</span> <span class='ocrx_word' id='word_1_652' title='bbox 2231 2330 2264 2355; x_wconf 86' lang='lat' dir='ltr'><strong>x.</strong></span> <span class='ocrx_word' id='word_1_653' title='bbox 2277 2330 2360 2366; x_wconf 78' lang='lat'><strong>151.</strong></span> 
     </span>
     <span class='ocr_line' id='line_1_92' title="bbox 1300 2366 2356 2417; baseline 0.005 -15"><span class='ocrx_word' id='word_1_654' title='bbox 1300 2376 1354 2402; x_wconf 54' lang='lat' dir='ltr'>‘ex</span> <span class='ocrx_word' id='word_1_655' title='bbox 1387 2366 1602 2414; x_wconf 75' lang='lat' dir='ltr'>quibusdam</span> <span class='ocrx_word' id='word_1_656' title='bbox 1634 2366 1842 2412; x_wconf 79' lang='lat' dir='ltr'>codicibus,</span> <span class='ocrx_word' id='word_1_657' title='bbox 1870 2373 1959 2404; x_wconf 85' lang='lat' dir='ltr'>Pone</span> <span class='ocrx_word' id='word_1_658' title='bbox 1990 2367 2088 2405; x_wconf 87' lang='lat' dir='ltr'>duces</span> <span class='ocrx_word' id='word_1_659' title='bbox 2113 2368 2264 2417; x_wconf 85' lang='lat' dir='ltr'>primos,</span> <span class='ocrx_word' id='word_1_660' title='bbox 2293 2369 2356 2407; x_wconf 86' lang='lat' dir='ltr'>ubi</span> 
     </span>
     <span class='ocr_line' id='line_1_93' title="bbox 1309 2416 2358 2466; baseline 0.007 -15"><span class='ocrx_word' id='word_1_661' title='bbox 1309 2416 1579 2466; x_wconf 84' lang='lat' dir='ltr'>vulgo,priscos.</span> <span class='ocrx_word' id='word_1_662' title='bbox 1591 2418 1676 2455; x_wconf 87' lang='lat' dir='ltr'>vide</span> <span class='ocrx_word' id='word_1_663' title='bbox 1689 2418 2099 2463; x_wconf 65' lang='lat' dir='ltr'>&amp;infr.lib.11.478.&amp;</span> <span class='ocrx_word' id='word_1_664' title='bbox 2113 2431 2146 2457; x_wconf 84' lang='lat' dir='ltr'><strong>v.</strong></span> <span class='ocrx_word' id='word_1_665' title='bbox 2163 2419 2255 2456; x_wconf 90' lang='lat' dir='ltr'>Met.</span> <span class='ocrx_word' id='word_1_666' title='bbox 2268 2420 2358 2465; x_wconf 81' lang='lat'><strong>677.</strong></span> 
     </span>
     <span class='ocr_line' id='line_1_94' title="bbox 1309 2466 2357 2519; baseline 0.003 -15"><span class='ocrx_word' id='word_1_667' title='bbox 1309 2466 1366 2504; x_wconf 90' lang='lat' dir='ltr'>sed</span> <span class='ocrx_word' id='word_1_668' title='bbox 1385 2468 1507 2517; x_wconf 81' lang='lat' dir='ltr'>priscos</span> <span class='ocrx_word' id='word_1_669' title='bbox 1528 2469 1673 2506; x_wconf 66' lang='lat' dir='ltr'>annales</span> <span class='ocrx_word' id='word_1_670' title='bbox 1693 2469 1803 2506; x_wconf 83' lang='lat' dir='ltr'>etiam</span> <span class='ocrx_word' id='word_1_671' title='bbox 1827 2470 1956 2507; x_wconf 87' lang='lat' dir='ltr'>Livius</span> <span class='ocrx_word' id='word_1_672' title='bbox 1975 2469 2066 2507; x_wconf 87' lang='lat' dir='ltr'>dixit</span> <span class='ocrx_word' id='word_1_673' title='bbox 2083 2469 2143 2507; x_wconf 86' lang='lat' dir='ltr'>lib.</span> <span class='ocrx_word' id='word_1_674' title='bbox 2157 2482 2210 2506; x_wconf 91' lang='lat' dir='ltr'><strong>1v.</strong></span> <span class='ocrx_word' id='word_1_675' title='bbox 2231 2480 2357 2519; x_wconf 81' lang='lat' dir='ltr'>cap.7.</span> 
     </span>
     <span class='ocr_line' id='line_1_95' title="bbox 1309 2517 2287 2564; baseline 0.004 -10"><span class='ocrx_word' id='word_1_676' title='bbox 1309 2518 1345 2554; x_wconf 89' lang='lat' dir='ltr'>in</span> <span class='ocrx_word' id='word_1_677' title='bbox 1370 2517 1542 2557; x_wconf 80' lang='lat' dir='ltr'>Beruensi</span> <span class='ocrx_word' id='word_1_678' title='bbox 1562 2529 1638 2557; x_wconf 85' lang='lat' dir='ltr'>erat</span> <span class='ocrx_word' id='word_1_679' title='bbox 1652 2547 1661 2564; x_wconf 90' lang='lat'>‚</span> <span class='ocrx_word' id='word_1_680' title='bbox 1689 2519 1878 2556; x_wconf 80' lang='lat' dir='ltr'>annalibus</span> <span class='ocrx_word' id='word_1_681' title='bbox 1897 2530 1997 2557; x_wconf 84' lang='lat' dir='ltr'>eruta</span> <span class='ocrx_word' id='word_1_682' title='bbox 2019 2519 2128 2556; x_wconf 84' lang='lat' dir='ltr'>libris.</span> <span class='ocrx_word' id='word_1_683' title='bbox 2154 2520 2287 2558; x_wconf 75' lang='lat' dir='ltr'>Bunm.</span> 
     </span>
     <span class='ocr_line' id='line_1_96' title="bbox 1362 2568 2354 2617; baseline 0.005 -13"><span class='ocrx_word' id='word_1_684' title='bbox 1362 2568 1396 2604; x_wconf 74' lang='lat'><strong>8.</strong></span> <span class='ocrx_word' id='word_1_685' title='bbox 1426 2575 1561 2604; x_wconf 83' lang='lat' dir='ltr'>Notata</span> <span class='ocrx_word' id='word_1_686' title='bbox 1588 2569 1697 2616; x_wconf 46' lang='lat' dir='ltr'>dira]</span> <span class='ocrx_word' id='word_1_687' title='bbox 1731 2569 1900 2605; x_wconf 79' lang='lat' dir='ltr'>Notanda</span> <span class='ocrx_word' id='word_1_688' title='bbox 1922 2570 2122 2617; x_wconf 78' lang='lat' dir='ltr'>Gottorph.</span> <span class='ocrx_word' id='word_1_689' title='bbox 2147 2571 2286 2608; x_wconf 77' lang='lat' dir='ltr'>Medic.</span> <span class='ocrx_word' id='word_1_690' title='bbox 2313 2571 2354 2609; x_wconf 73' lang='grc' dir='ltr'>δί</span> 
     </span>
     <span class='ocr_line' id='line_1_97' title="bbox 1309 2616 2318 2664; baseline 0.007 -13"><span class='ocrx_word' id='word_1_691' title='bbox 1309 2616 1431 2653; x_wconf 76' lang='lat' dir='ltr'>Varie.</span> <span class='ocrx_word' id='word_1_692' title='bbox 1442 2620 1587 2664; x_wconf 81' lang='lat' dir='ltr'>sacrata</span> <span class='ocrx_word' id='word_1_693' title='bbox 1608 2618 1759 2655; x_wconf 85' lang='lat' dir='ltr'>Thuan.</span> <span class='ocrx_word' id='word_1_694' title='bbox 1782 2620 1819 2655; x_wconf 69' lang='grc' dir='ltr'>ὃ(</span> <span class='ocrx_word' id='word_1_695' title='bbox 1841 2619 1940 2657; x_wconf 80' lang='lat' dir='ltr'>alius.</span> <span class='ocrx_word' id='word_1_696' title='bbox 1967 2629 2093 2655; x_wconf 79' lang='lat' dir='ltr'>vocata</span> <span class='ocrx_word' id='word_1_697' title='bbox 2115 2618 2318 2658; x_wconf 70' lang='lat' dir='ltr'>Farnesian.</span> 
     </span>
     <span class='ocr_line' id='line_1_98' title="bbox 1359 2667 2353 2718; baseline 0.008 -17"><span class='ocrx_word' id='word_1_698' title='bbox 1359 2677 1395 2710; x_wconf 83' lang='lat'><strong>9.</strong></span> <span class='ocrx_word' id='word_1_699' title='bbox 1423 2671 1470 2702; x_wconf 85' lang='lat' dir='ltr'>Et</span> <span class='ocrx_word' id='word_1_700' title='bbox 1493 2668 1580 2712; x_wconf 84' lang='lat' dir='ltr'>festa</span> <span class='ocrx_word' id='word_1_701' title='bbox 1607 2667 1822 2716; x_wconf 61' lang='lat' dir='ltr'>domestica]</span> <span class='ocrx_word' id='word_1_702' title='bbox 1864 2667 2019 2718; x_wconf 83' lang='lat' dir='ltr'>Etstgna</span> <span class='ocrx_word' id='word_1_703' title='bbox 2046 2669 2080 2706; x_wconf 83' lang='lat' dir='ltr'>d.</span> <span class='ocrx_word' id='word_1_704' title='bbox 2102 2669 2177 2707; x_wconf 88' lang='lat' dir='ltr'>duo</span> <span class='ocrx_word' id='word_1_705' title='bbox 2195 2670 2287 2708; x_wconf 88' lang='lat' dir='ltr'>libri.</span> <span class='ocrx_word' id='word_1_706' title='bbox 2307 2677 2353 2709; x_wconf 88' lang='lat' dir='ltr'>Ut</span> 
     </span>
     <span class='ocr_line' id='line_1_99' title="bbox 1273 2714 1552 2761; baseline 0.011 -11"><span class='ocrx_word' id='word_1_707' title='bbox 1273 2725 1276 2729; x_wconf 88' lang='lat'>·</span> <span class='ocrx_word' id='word_1_708' title='bbox 1298 2714 1388 2761; x_wconf 87' lang='lat' dir='ltr'>festa</span> <span class='ocrx_word' id='word_1_709' title='bbox 1407 2716 1552 2761; x_wconf 87' lang='lat' dir='ltr'>Junian.</span> 
     </span>
     <span class='ocr_line' id='line_1_100' title="bbox 1365 2766 2356 2821; baseline 0.011 -20"><span class='ocrx_word' id='word_1_710' title='bbox 1365 2777 1422 2802; x_wconf 82' lang='lat' dir='ltr'>so.</span> <span class='ocrx_word' id='word_1_711' title='bbox 1450 2772 1547 2815; x_wconf 80' lang='lat' dir='ltr'>Saepe</span> <span class='ocrx_word' id='word_1_712' title='bbox 1569 2766 1633 2803; x_wconf 85' lang='lat' dir='ltr'>tibi</span> <span class='ocrx_word' id='word_1_713' title='bbox 1648 2777 1747 2815; x_wconf 84' lang='lat' dir='ltr'>pater</span> <span class='ocrx_word' id='word_1_714' title='bbox 1764 2767 1828 2815; x_wconf 84' lang='lat' dir='ltr'>est,</span> <span class='ocrx_word' id='word_1_715' title='bbox 1845 2769 1944 2818; x_wconf 84' lang='lat' dir='ltr'>saepe</span> <span class='ocrx_word' id='word_1_716' title='bbox 1963 2769 2253 2821; x_wconf 62' lang='lat' dir='ltr'>legendusavus]</span> <span class='ocrx_word' id='word_1_717' title='bbox 2284 2772 2356 2811; x_wconf 81' lang='lat' dir='ltr'>Ti-</span> 
     </span>
     <span class='ocr_line' id='line_1_101' title="bbox 1309 2815 2356 2872; baseline 0.009 -20"><span class='ocrx_word' id='word_1_718' title='bbox 1309 2815 1426 2853; x_wconf 90' lang='lat' dir='ltr'>berius</span> <span class='ocrx_word' id='word_1_719' title='bbox 1448 2817 1713 2855; x_wconf 77' lang='lat' dir='ltr'>Germanicum</span> <span class='ocrx_word' id='word_1_720' title='bbox 1745 2819 1861 2857; x_wconf 83' lang='lat' dir='ltr'>filium</span> <span class='ocrx_word' id='word_1_721' title='bbox 1883 2821 2097 2868; x_wconf 80' lang='lat' dir='ltr'>adoptavit,</span> <span class='ocrx_word' id='word_1_722' title='bbox 2124 2821 2169 2859; x_wconf 87' lang='lat' dir='ltr'>ab</span> <span class='ocrx_word' id='word_1_723' title='bbox 2188 2823 2356 2872; x_wconf 76' lang='lat' dir='ltr'>Augusto</span> 
     </span>
     <span class='ocr_line' id='line_1_102' title="bbox 1308 2866 2355 2917; baseline 0.011 -15"><span class='ocrx_word' id='word_1_724' title='bbox 1308 2866 1430 2915; x_wconf 81' lang='lat' dir='ltr'>postea</span> <span class='ocrx_word' id='word_1_725' title='bbox 1460 2868 1532 2916; x_wconf 89' lang='lat' dir='ltr'>ipse</span> <span class='ocrx_word' id='word_1_726' title='bbox 1553 2868 1756 2917; x_wconf 87' lang='lat' dir='ltr'>adoptatus.</span> <span class='ocrx_word' id='word_1_727' title='bbox 1776 2869 1854 2908; x_wconf 91' lang='lat' dir='ltr'>Dio</span> <span class='ocrx_word' id='word_1_728' title='bbox 1874 2870 1935 2908; x_wconf 87' lang='lat' dir='ltr'>lib.</span> <span class='ocrx_word' id='word_1_729' title='bbox 1959 2882 2019 2907; x_wconf 88' lang='lat' dir='ltr'><strong>1.v.</strong></span> <span class='ocrx_word' id='word_1_730' title='bbox 2041 2871 2076 2908; x_wconf 72' lang='grc' dir='ltr'>δε</span> <span class='ocrx_word' id='word_1_731' title='bbox 2097 2871 2293 2912; x_wconf 86' lang='lat' dir='ltr'>Suetonius</span> <span class='ocrx_word' id='word_1_732' title='bbox 2316 2877 2355 2913; x_wconf 90' lang='lat' dir='ltr'>in</span> 
     </span>
     <span class='ocr_line' id='line_1_103' title="bbox 1309 2918 2357 2971; baseline 0.008 -17"><span class='ocrx_word' id='word_1_733' title='bbox 1309 2918 1473 2966; x_wconf 81' lang='lat' dir='ltr'>ejusdem</span> <span class='ocrx_word' id='word_1_734' title='bbox 1497 2918 1641 2957; x_wconf 85' lang='lat' dir='ltr'>Tiberii</span> <span class='ocrx_word' id='word_1_735' title='bbox 1663 2921 1734 2958; x_wconf 87' lang='lat' dir='ltr'>vita</span> <span class='ocrx_word' id='word_1_736' title='bbox 1749 2947 1759 2964; x_wconf 97' lang='lat'>,</span> <span class='ocrx_word' id='word_1_737' title='bbox 1788 2921 1849 2958; x_wconf 86' lang='lat' dir='ltr'>ubi</span> <span class='ocrx_word' id='word_1_738' title='bbox 1870 2921 1917 2958; x_wconf 86' lang='lat' dir='ltr'>ita</span> <span class='ocrx_word' id='word_1_739' title='bbox 1939 2920 2078 2959; x_wconf 86' lang='lat' dir='ltr'>scribit:</span> <span class='ocrx_word' id='word_1_740' title='bbox 2104 2923 2189 2971; x_wconf 83' lang='lat' dir='ltr'>Cajo</span> <span class='ocrx_word' id='word_1_741' title='bbox 2217 2936 2261 2963; x_wconf 59' lang='grc' dir='ltr'>εγ</span> <span class='ocrx_word' id='word_1_742' title='bbox 2284 2930 2357 2962; x_wconf 87' lang='lat' dir='ltr'>Lu-</span> 
     </span>
     <span class='ocr_line' id='line_1_104' title="bbox 1311 2969 2356 3019; baseline 0.008 -15"><span class='ocrx_word' id='word_1_743' title='bbox 1311 2970 1357 3004; x_wconf 88' lang='lat' dir='ltr'>cio</span> <span class='ocrx_word' id='word_1_744' title='bbox 1390 2969 1561 3017; x_wconf 84' lang='lat' dir='ltr'>(Augusti</span> <span class='ocrx_word' id='word_1_745' title='bbox 1587 2970 1682 3018; x_wconf 82' lang='lat' dir='ltr'>filiis)</span> <span class='ocrx_word' id='word_1_746' title='bbox 1709 2970 1808 3007; x_wconf 84' lang='lat' dir='ltr'>intra</span> <span class='ocrx_word' id='word_1_747' title='bbox 1831 2971 2022 3008; x_wconf 84' lang='lat' dir='ltr'>triennium</span> <span class='ocrx_word' id='word_1_748' title='bbox 2052 2972 2244 3019; x_wconf 65' lang='lat' dir='ltr'>desunffls,</span> <span class='ocrx_word' id='word_1_749' title='bbox 2272 2976 2356 3012; x_wconf 87' lang='lat' dir='ltr'>ado-</span> 
     </span>
     <span class='ocr_line' id='line_1_105' title="bbox 1306 3019 2357 3074; baseline 0.008 -19"><span class='ocrx_word' id='word_1_750' title='bbox 1306 3028 1432 3068; x_wconf 82' lang='lat' dir='ltr'>ptatur</span> <span class='ocrx_word' id='word_1_751' title='bbox 1451 3019 1495 3056; x_wconf 85' lang='lat' dir='ltr'>ab</span> <span class='ocrx_word' id='word_1_752' title='bbox 1514 3021 1667 3068; x_wconf 75' lang='lat' dir='ltr'>Augusto</span> <span class='ocrx_word' id='word_1_753' title='bbox 1683 3019 1792 3068; x_wconf 85' lang='lat' dir='ltr'>simul</span> <span class='ocrx_word' id='word_1_754' title='bbox 1814 3034 1890 3059; x_wconf 86' lang='lat' dir='ltr'>cum</span> <span class='ocrx_word' id='word_1_755' title='bbox 1902 3025 2019 3069; x_wconf 85' lang='lat' dir='ltr'>fratre</span> <span class='ocrx_word' id='word_1_756' title='bbox 2031 3036 2145 3060; x_wconf 88' lang='lat' dir='ltr'>eorum</span> <span class='ocrx_word' id='word_1_757' title='bbox 2159 3030 2213 3061; x_wconf 88' lang='lat' dir='ltr'><strong>M.</strong></span> <span class='ocrx_word' id='word_1_758' title='bbox 2227 3027 2357 3074; x_wconf 74' lang='lat' dir='ltr'>Agrip-</span> 
     </span>
     <span class='ocr_line' id='line_1_106' title="bbox 1307 3072 2356 3122; baseline 0.007 -16"><span class='ocrx_word' id='word_1_759' title='bbox 1307 3079 1369 3119; x_wconf 83' lang='lat' dir='ltr'>pa.-</span> <span class='ocrx_word' id='word_1_760' title='bbox 1392 3073 1524 3107; x_wconf 64' lang='lat' dir='ltr'>coabius</span> <span class='ocrx_word' id='word_1_761' title='bbox 1538 3072 1632 3119; x_wconf 83' lang='lat' dir='ltr'>prius</span> <span class='ocrx_word' id='word_1_762' title='bbox 1651 3072 1899 3109; x_wconf 87' lang='lat' dir='ltr'>Germanicum</span> <span class='ocrx_word' id='word_1_763' title='bbox 1914 3074 2044 3119; x_wconf 87' lang='lat' dir='ltr'>fratris</span> <span class='ocrx_word' id='word_1_764' title='bbox 2056 3074 2117 3122; x_wconf 82' lang='lat' dir='ltr'>sui</span> <span class='ocrx_word' id='word_1_765' title='bbox 2131 3074 2252 3122; x_wconf 84' lang='lat' dir='ltr'>filium</span> <span class='ocrx_word' id='word_1_766' title='bbox 2271 3078 2356 3113; x_wconf 77' lang='lat' dir='ltr'>ado-</span> 
     </span>
     <span class='ocr_line' id='line_1_107' title="bbox 1304 3122 2355 3170; baseline 0.008 -13"><span class='ocrx_word' id='word_1_767' title='bbox 1304 3131 1417 3170; x_wconf 85' lang='lat' dir='ltr'>ptare.</span> <span class='ocrx_word' id='word_1_768' title='bbox 1446 3122 1663 3169; x_wconf 78' lang='lat' dir='ltr'>Juslininnus</span> <span class='ocrx_word' id='word_1_769' title='bbox 1685 3123 1746 3161; x_wconf 90' lang='lat' dir='ltr'>lib.</span> <span class='ocrx_word' id='word_1_770' title='bbox 1764 3135 1794 3161; x_wconf 84' lang='lat'><strong>1.</strong></span> <span class='ocrx_word' id='word_1_771' title='bbox 1821 3124 2094 3161; x_wconf 77' lang='lat' dir='ltr'>institutionum</span> <span class='ocrx_word' id='word_1_772' title='bbox 2110 3153 2120 3168; x_wconf 94' lang='lat'>,</span> <span class='ocrx_word' id='word_1_773' title='bbox 2159 3126 2276 3164; x_wconf 76' lang='lat' dir='ltr'>Titui.</span> <span class='ocrx_word' id='word_1_774' title='bbox 2300 3141 2355 3167; x_wconf 82' lang='lat' dir='ltr'><strong>xx.</strong></span> 
     </span>
     <span class='ocr_line' id='line_1_108' title="bbox 1311 3171 2354 3221; baseline 0.008 -13"><span class='ocrx_word' id='word_1_775' title='bbox 1311 3171 1394 3220; x_wconf 75' lang='lat' dir='ltr'>cium</span> <span class='ocrx_word' id='word_1_776' title='bbox 1437 3173 1482 3209; x_wconf 91' lang='lat' dir='ltr'>de</span> <span class='ocrx_word' id='word_1_777' title='bbox 1513 3172 1712 3221; x_wconf 81' lang='lat' dir='ltr'>adoptandi</span> <span class='ocrx_word' id='word_1_778' title='bbox 1745 3186 1850 3212; x_wconf 90' lang='lat' dir='ltr'>more</span> <span class='ocrx_word' id='word_1_779' title='bbox 1884 3173 2064 3212; x_wconf 78' lang='lat' dir='ltr'>dissereret</span> <span class='ocrx_word' id='word_1_780' title='bbox 2086 3203 2097 3220; x_wconf 94' lang='lat'>,</span> <span class='ocrx_word' id='word_1_781' title='bbox 2140 3176 2214 3213; x_wconf 90' lang='lat' dir='ltr'>hoc</span> <span class='ocrx_word' id='word_1_782' title='bbox 2242 3179 2354 3217; x_wconf 84' lang='lat' dir='ltr'>utitur</span> 
     </span>
     <span class='ocr_line' id='line_1_109' title="bbox 1311 3223 2354 3273; baseline 0.008 -15"><span class='ocrx_word' id='word_1_783' title='bbox 1311 3223 1499 3271; x_wconf 82' lang='lat' dir='ltr'>exemplo:</span> <span class='ocrx_word' id='word_1_784' title='bbox 1523 3223 1575 3259; x_wconf 83' lang='lat' dir='ltr'>Sic</span> <span class='ocrx_word' id='word_1_785' title='bbox 1594 3225 1720 3260; x_wconf 85' lang='lat' dir='ltr'>etenim</span> <span class='ocrx_word' id='word_1_786' title='bbox 1741 3230 1787 3262; x_wconf 93' lang='lat' dir='ltr'><strong>D.</strong></span> <span class='ocrx_word' id='word_1_787' title='bbox 1809 3225 1986 3273; x_wconf 85' lang='lat' dir='ltr'>Augustus</span> <span class='ocrx_word' id='word_1_788' title='bbox 2008 3239 2073 3262; x_wconf 87' lang='lat' dir='ltr'>non</span> <span class='ocrx_word' id='word_1_789' title='bbox 2084 3238 2166 3263; x_wconf 79' lang='lat' dir='ltr'>ante</span> <span class='ocrx_word' id='word_1_790' title='bbox 2178 3227 2354 3266; x_wconf 84' lang='lat' dir='ltr'>Tiberium</span> 
     </span>
     <span class='ocr_line' id='line_1_110' title="bbox 1310 3273 2356 3329; baseline 0.008 -21"><span class='ocrx_word' id='word_1_791' title='bbox 1310 3273 1492 3322; x_wconf 73' lang='lat' dir='ltr'>adoptavit</span> <span class='ocrx_word' id='word_1_792' title='bbox 1521 3274 1631 3322; x_wconf 69' lang='lat' dir='ltr'>quam</span> <span class='ocrx_word' id='word_1_793' title='bbox 1659 3274 1687 3311; x_wconf 83' lang='lat' dir='ltr'>is</span> <span class='ocrx_word' id='word_1_794' title='bbox 1715 3275 1965 3312; x_wconf 81' lang='lat' dir='ltr'>Germanicum</span> <span class='ocrx_word' id='word_1_795' title='bbox 1995 3276 2193 3326; x_wconf 74' lang='lat' dir='ltr'>adoptasset:</span> <span class='ocrx_word' id='word_1_796' title='bbox 2221 3289 2260 3315; x_wconf 81' lang='lat' dir='ltr'>ut</span> <span class='ocrx_word' id='word_1_797' title='bbox 2275 3289 2356 3329; x_wconf 86' lang='lat' dir='ltr'>pro-</span> 
     </span>
     <span class='ocr_line' id='line_1_111' title="bbox 1307 3325 2358 3380; baseline 0.006 -18"><span class='ocrx_word' id='word_1_798' title='bbox 1307 3325 1405 3363; x_wconf 82' lang='lat' dir='ltr'>tinus</span> <span class='ocrx_word' id='word_1_799' title='bbox 1425 3325 1602 3375; x_wconf 80' lang='lat' dir='ltr'>adoptione</span> <span class='ocrx_word' id='word_1_800' title='bbox 1623 3326 1726 3373; x_wconf 64' lang='lat' dir='ltr'>fabia</span> <span class='ocrx_word' id='word_1_801' title='bbox 1738 3353 1750 3373; x_wconf 86' lang='lat'>,</span> <span class='ocrx_word' id='word_1_802' title='bbox 1777 3326 1935 3380; x_wconf 67' lang='lat' dir='ltr'>inciperet</span> <span class='ocrx_word' id='word_1_803' title='bbox 1957 3329 2184 3379; x_wconf 81' lang='lat' dir='ltr'>Germanicus</span> <span class='ocrx_word' id='word_1_804' title='bbox 2205 3330 2358 3379; x_wconf 78' lang='lat' dir='ltr'>Augusti</span> 
     </span>
     <span class='ocr_line' id='line_1_112' title="bbox 2294 3393 2357 3429; baseline 0.032 -11"><span class='ocrx_word' id='word_1_805' title='bbox 2294 3393 2357 3429; x_wconf 67' lang='lat' dir='ltr'>ne:</span> 
     </span>
    </p>
   </div>
  </div>
 </body>
</html>
