2495 3675
536 143 1487 229 FAST'ORUM
1597 165 1898 225 mei.

2226 188 2290 240 15

428 286 502 343 Et
530 288 684 352 mihi,
724 306 791 343 ne
817 285 965 340 flexu
991 279 1214 334 cervicis
1237 289 1481 351 tempora
1505 279 1729 351 perdam
1746 319 1762 345 ‚

499 361 738 416 Cernere
766 375 874 412 non
899 368 1051 408 moto
1079 369 1306 422 corpore
1334 351 1453 406 bina
1481 353 1621 408 licet.

287 451 383 505 145
423 433 648 488 Dixerat
677 450 688 484 :
732 430 786 484 &
817 429 992 488 vultu,
1034 426 1068 478 fi
1093 426 1235 496 plura
1265 426 1539 496 requirere
1565 427 1788 492 vellem,

500 506 567 560 Se
591 501 719 558 mihi
747 498 1025 555 difficilem
1053 516 1159 552 non
1186 499 1332 560 fore,
1369 498 1520 553 fallus
1546 514 1676 553 erat.

423 574 589 634 Sumfi
613 576 874 637 animum,
910 587 1193 645 gratesque
1222 571 1342 623 Deo
1368 590 1475 624 non
1507 573 1722 626 territus
1751 573 1868 644 egi:

503 646 790 718 Verbaque
814 646 924 700 sum
955 643 1186 716 spectans
1218 662 1381 716 pauca
1409 644 1617 698 locutus
1642 645 1882 700 humum.

429 720 564 783 Die,
601 737 726 791 age.
764 719 1048 791 frigoribus
1075 735 1237 787 qnare
1266 735 1435 770 novus
1463 719 1647 787 incipit
1673 736 1869 782 annuS,

288 810 385 867 150
495 792 608 865 Qui
636 793 823 846 melius
849 810 946 861 per
974 810 1064 845 ver
1089 790 1424 862 incipiendus
1450 790 1596 843 erat?

429 865 627 921 Omnia
659 879 787 918 tunc
813 863 1012 918 florent
1039 882 1050 917 ε

1092 876 1221 916 tunc
1245 862 1320 916 est
1344 880 1480 916 nova
1507 864 1763 932 temporis
1790 876 1953 917 aetas:

499 938 570 993 Et
596 956 734 991 nova
760 938 829 990 de
855 936 1077 1008 gravido
1102 935 1320 1007 palmite
1349 953 1560 1005 gemma
1586 948 1775 991 tumet.

425 1009 498 1065 Et
524 1010 693 1065 modo
718 1010 956 1064 formatis
983 1009 1227 1063 amicitur
1252 1009 1444 1062 vitibus
1470 1008 1652 1069 a1·bos;

496 1082 685 1137 Prodit
715 1083 766 1136 δι’
797 1084 850 1136 in
875 1084 1138 1136 summum
1163 1081 1372 1135 seminis
1400 1080 1560 1134 herba
1586 1080 1784 1134 solum:

283 1174 379 1226 155
417 1155 490 1212 Et
515 1156 756 1228 tepidum
781 1157 1027 1209 volucres
1052 1154 1404 1208 concentibus
1429 1159 1549 1207 aera
1584 1155 1849 1217 mulcent,

498 1228 670 1284 Ludit
702 1228 755 1283 δε
784 1229 837 1283 in
866 1229 1027 1300 pratis
1052 1228 1390 1299 luxuriatque
1417 1244 1596 1298 pecus.

133 1440 318 1492 vulgatam
341 1441 461 1480 servo:
487 1438 623 1479 duabus
644 1440 743 1478 enim
762 1438 941 1477 frontibus
965 1437 1071 1476 simul
1092 1437 1179 1476 duas

134 1502 254 1542 partes
272 1493 455 1542 prospicit.

193 1555 275 1588 1141.
300 1548 373 1580 Ora
394 1542 490 1580 vides
520 1543 662 1577 Hecates
680 1540 718 1576 in
737 1550 803 1576 tres
825 1540 1001 1577 vertentia
1019 1538 1177 1590 partes.]

136 1593 355 1632 Felicissime
373 1593 473 1631 hunc
490 1591 616 1629 locum
637 1591 792 1640 explicat
804 1592 1002 1629 Parrhasius
1018 1594 1052 1628 in
1068 1591 1177 1629 Clau-

135 1643 283 1682 dianum
297 1671 308 1688 ,
336 1644 374 1681 &
394 1655 462 1681 nos
484 1644 521 1680 in
534 1641 854 1690 Metamorphosin
865 1642 1180 1680 observationibus

136 1703 356 1743 repetemus.
383 1694 551 1733 Cios-AN.
581 1694 681 1731 Hinc
711 1694 854 1731 Hecate
885 1691 997 1742 vulgo
1031 1693 1179 1731 Graecis

138 1745 375 1790 τριπρόσωπος
395 1773 406 1789 ,
452 1743 643 1789 τρίμορφος
662 1772 674 1788 ,
727 1744 932 1789 τρισδέτκς,
981 1746 1181 1789 τρίγληνος.

137 1794 359 1833 Chariclides
387 1795 424 1832 ἐν
454 1795 613 1832 Α’λνσει·
650 1793 812 1831 Δέσποιν’
842 1794 982 1835 Ηκοὶτκ
1003 1795 1178 1840 τριοδῖτι,

138 1846 332 1891 τρίμορφε,
363 1847 602 1890 τριπρόσωπε,
631 1847 786 1892 τρίγλας
808 1849 1018 1890 κηλευμένη.
1074 1846 1178 1895 Quid

137 1897 296 1942 τρίγλη,
332 1896 367 1934 in
390 1896 579 1945 Hesycliio
597 1897 693 1945 legas
712 1910 720 1934 ε
755 1897 900 1942 Τρίγλα
920 1896 1020 1944 ἰχθῦς
1042 1897 1178 1934 Θαλάσ-

133 1959 226 1991 σιος,
256 1948 318 1983 καὶ
340 1947 447 1989 τόπος
469 1948 536 1988 τίς.
567 1947 710 1984 Dianae
730 1957 853 1986 autem
874 1949 970 1986 sacer
984 1976 994 1992 ‚
1025 1957 1063 1986 ut
1082 1948 1174 1987 vidi-

138 1997 200 2041 sti;
237 1996 355 2035 caufffi
381 2010 458 2036 non
490 1996 580 2042 alia,
611 1998 723 2046 quam
751 1998 854 2048 quod
880 2000 917 2036 in
950 2000 1178 2048 cognomine

134 2048 199 2086 illo
231 2048 441 2094 τρίγληνος,
469 2049 571 2099 quod
600 2050 649 2086 illi
680 2050 808 2094 datur,
849 2052 984 2096 τρίγλη
1017 2051 1178 2100 aliquam

62 2103 65 2106 ’
134 2098 243 2137 habet
261 2098 552 2138 similitudinem.
579 2098 638 2137 sed
661 2100 858 2138 audaculus
870 2101 1006 2139 videar:
1020 2113 1065 2139 en
1079 2113 1182 2139 eam-

739 2148 908 2165 ..rx‘t

137 2199 157 2242 ἡ
181 2199 340 2246 τρίγλη,
367 2201 427 2238 διὰ
449 2206 511 2241 τῆν
535 2204 599 2243 τῆς
617 2202 807 2245 ὀνομασίας
827 2203 1028 2242 κοινότητα.
1058 2202 1181 2248 τριοδί-

136 2263 203 2295 της
231 2254 302 2296 γὰρ
331 2253 392 2287 καὶ
424 2254 625 2297 τρίγληνος.
655 2253 796 2292 Ibidem
818 2255 886 2291 hac
907 2254 1001 2292 dere
1019 2254 1182 2292 diversae

135 2301 180 2340 ab
216 2303 291 2340 aliis
320 2301 458 2341 cauffae
485 2304 721 2352 proferuntur
740 2333 751 2349 ,
790 2316 878 2353 quas
905 2304 1058 2354 fingulas
1082 2306 1180 2343 vide.

135 2352 189 2389 At
217 2353 305 2402 quid
333 2354 421 2392 illud
444 2355 481 2391 in
511 2355 699 2403 Hesychio
731 2356 776 2393 de
797 2354 947 2405 Trigla‚
981 2357 1045 2393 καὶ
1073 2357 1182 2399 τόπος

138 2404 222 2447 τίς,
245 2403 344 2442 haud
373 2404 484 2443 dubie
506 2407 608 2443 locus
628 2416 702 2443 erat
729 2407 883 2444 Athenis·
903 2407 1049 2445 celebris
1069 2406 1183 2445 statua

139 2454 298 2492 numinis
316 2455 422 2503 hujus
441 2466 698 2505 cognomento
711 2456 950 2505 Triglachini.
978 2458 1183 2496 Eustathius

140 2501 304 2539 observat
329 2507 374 2540 ad
395 2505 494 2542 Iliad.
508 2510 550 2542 T.
578 2504 665 2541 O‘fln
686 2506 726 2540 δὲ
749 2511 809 2543 καὶ
830 2509 938 2549 τόπος
955 2509 1014 2547 τὶς
1033 2508 1183 2552 Α’θῆνῃσι

143 2551 278 2595 τρίγλη
303 2551 496 2596 ἐκαλεῖτο,
527 2556 586 2586 καὶ
606 2555 648 2595 ὡς
672 2554 832 2597 &commea
855 2554 891 2593 ἦν
909 2556 989 2590 ἐκεῖ
999 2559 1183 2597 Τριγλαν-

142 2601 210 2641 &ivn
240 2599 385 2640 iss‘udrn.
421 2602 561 2641 δηλοῦσι
593 2605 654 2638 καὶ
688 2605 780 2639 auro
798 2604 829 2639 οἱ
844 2604 1005 2640 παλαιοί.
1040 2605 1183 2642 Eadem

139 2650 248 2689 habet
274 2652 488 2689 Athenaeus
515 2654 676 2700 praefato
706 2653 808 2690 libro.
837 2654 1013 2691 Ninum.
1042 2660 1185 2702 Vergen-

144 2701 196 2738 tia
218 2702 297 2740 libri
309 2702 477 2739 meliores
491 2714 629 2751 praeter
643 2704 903 2748 Petavianuim
932 2703 1064 2753 dequo
1074 2705 1182 2742 Pont.

146 2764 174 2790 1.
195 2752 250 2790 El.
277 2765 330 2791 xx.
359 2752 414 2794 ills.
444 2766 500 2800 54.
539 2753 651 2800 potest
675 2761 800 2791 tamen
829 2754 1003 2792 vertentia
1030 2768 1088 2792 ora
1116 2767 1182 2804 pro

143 2801 247 2852 versis
269 2801 404 2840 dixisse.
432 2803 479 2841 fic
500 2804 695 2842 Priscianus
718 2804 915 2853 l'eriegeli:

195 2854 440 2890 Marmaridae
451 2854 520 2904 post
540 2854 755 2904 hosAEgypti
773 2856 820 2890 ad
834 2855 984 2904 flumina
1007 2858 1184 2894 variants

146 2902 194 2942 sic
215 2915 352 2942 mutare
371 2917 436 2953 pro
459 2906 606 2950 mutari,
619 2906 759 2942 vibrare
769 2918 834 2954 pro
847 2906 1004 2950 vibrari,
1033 2909 1070 2945 ὅ(
1086 2907 1182 2944 simi-

143 2954 190 2992 lia
205 2982 214 2998 ,
237 2955 282 2993 de
302 2956 426 3002 quibus
439 2955 778 2994 Grammaticorum
795 2956 859 2995 filii
880 2958 1039 3007 copiose.
1067 2959 1186 2996 Avie-

146 3016 213 3042 nus
230 3005 513 3044 Phaenomenis.

197 3053 366 3104 Κακίας-[ἰ
382 3057 497 3104 visum
516 3057 643 3094 declivi
664 3058 807 3094 tramite
823 3072 954 3108 vergas.

147 3104 325 3154 Apulejus
360 3107 450 3144 Met.
473 3120 524 3145 ix.
553 3114 607 3153 Ae
629 3121 683 3156 ego
696 3108 770 3156 fine
787 3109 861 3150 ulla
888 3122 988 3146 mora
1005 3109 1184 3160 progressus

148 3157 252 3192 etiam
273 3155 372 3193 obvio
386 3158 499 3205 gradu
511 3158 601 3206 salis
618 3159 769 3203 sitienter
782 3188 790 3202 ,
812 3169 937 3208 pronus
951 3172 1113 3201 &totum
1127 3174 1182 3196 ca-

149 3214 208 3259 put
227 3207 404 3255 invergens
413 3208 586 3256 salutares
604 3222 681 3245 vere
699 3211 853 3260 equidem
872 3211 952 3248 illas
973 3225 1082 3261 aquas
1094 3211 1184 3247 hau-

152 3253 290 3293 riebam.
315 3266 409 3307 quae
429 3270 511 3296 vera
534 3260 603 3298 illie
623 3259 695 3297 loci
716 3261 885 3309 scriptura
897 3263 958 3300 cst.
986 3262 1184 3312 quomodo

154 3304 192 3341 ὃ(
219 3305 339 3352 postea
363 3308 590 3350 scribendum
616 3312 770 3359 opinor,
799 3312 916 3363 quales
936 3312 990 3353 illi
1019 3312 1107 3363 mulas
1127 3312 1186 3363 svel

2134 1298 2282 1354 Tum

1235 1435 1406 1473 cantherii
1426 1436 1572 1482 debiles,
1609 1437 1670 1488 qui
1689 1436 1782 1475 circa
1796 1436 2007 1487 praesepium
2027 1438 2139 1487 capita
2155 1437 2286 1487 deversi

1234 1488 1512 1526 contruncabant
1532 1488 1659 1526 culmos
1674 1488 1866 1537 palearum.
1889 1490 1951 1537 qui
1975 1489 2078 1527 locus
2099 1491 2137 1527 in
2161 1489 2289 1537 vulga-

1234 1538 1278 1575 tis
1305 1538 1402 1576 libris
1431 1552 1509 1577 non
1539 1552 1617 1578 uno
1643 1551 1766 1577 naevo
1797 1540 1950 1587 aspersus
1972 1540 2030 1578 est.
2067 1540 2212 1577 Heius.
2243 1546 2286 1577 In

1236 1599 1344 1624 terras
1365 1590 1461 1637 ignea
1476 1600 1594 1640 partes
1623 1599 1782 1639 excerpt.
1805 1589 1909 1628 Voff.
1928 1591 1966 1627 in
1987 1601 2054 1627 tres
2074 1590 2232 1639 urgentia
2252 1600 2286 1639 p.

1234 1652 1340 1677 unus.
1359 1642 1539 1689 versantia
1561 1642 1660 1680 alius.
1687 1641 1724 1677 in
1747 1651 1814 1678 tres
1830 1650 1946 1690 portas
1959 1650 2128 1690 excerpta
2147 1641 2288 1678 Kloek-

1235 1691 1503 1738 hovii.sormas
1522 1704 1615 1729 unus
1638 1692 1791 1729 Moreti.
1806 1704 1896 1729 mox
1912 1721 1921 1735 ‚
1942 1692 2059 1740 servet
2078 1691 2289 1729 ubiMazar.

1295 1754 1375 1788 144.
1404 1742 1584 1793 Corpore]
1615 1742 1770 1780 Cardine
1789 1743 1960 1780 Vatican.
1982 1742 2088 1793 plura
2118 1741 2195 1779 licet
2218 1742 2288 1780 Pe-

1234 1793 1323 1830 tavii
1348 1794 1385 1830 δε
1409 1793 1547 1832 Sarrav.

1290 1845 1369 1890 146.
1401 1847 1526 1882 Paetus
1554 1844 1670 1893 erats}
1702 1844 1816 1894 Faffus
1847 1844 2016 1893 praefero
2041 1855 2126 1881 cum
2151 1842 2286 1880 melio-

1234 1894 1342 1933 ribus.
1377 1894 1424 1933 fic
1443 1896 1465 1933 l.
1495 1909 1540 1933 11.
1571 1895 1681 1933 Trist.
1704 1908 1787 1943 525.
1817 1895 1922 1932 Vultu
1934 1894 2044 1944 saffus
2067 1893 2286 1932 Telamonius

1233 1944 1339 1984 iram.
1359 1954 1469 1996 atque
1489 1948 1538 1984 ita
1557 1946 1660 1995 saepe
1684 1946 1816 1984 Noster
1839 1946 1862 1984 l.
1885 1957 1911 1982 1.
1932 1946 2015 1983 Art.
2036 1946 2126 1982 Am.
2150 1955 2234 1993 573.

1290 2002 1410 2046 Atque
1429 1997 1537 2034 oculos
1556 1997 1661 2034 oeulis
1670 1999 1820 2047 speelare
1835 1996 2036 2043 fatentibus
2056 1996 2183 2046 ignem.

1236 2047 1267 2084 E
1298 2076 1304 2083 .
1332 2060 1385 2085 xx.
1457 2078 1465 2086 .
1657 2085 1661 2088 .

1270 2059 1450 2143 ΡΕνιιὲιιΞῗ
1468 2099 1662 2149 gremioque
1676 2098 1788 2147 pudor
1807 2098 1926 2146 dejecit
1948 2096 2064 2134 ocellos
2085 2113 2097 2133 .-

1339 2156 1432 2186 Haec
1443 2151 1533 2197 satis
1555 2151 1592 2187 in
1612 2148 1726 2186 tacitti'
1738 2147 1839 2198 signa
1853 2148 2007 2196 fatentis
2022 2158 2136 2186 erant.

1238 2200 1383 2238 Hms.
1414 2201 1465 2238 Ita
1491 2204 1528 2238 ὃς
1549 2201 1698 2238 Douza.

1293 2251 1372 2297 148.
1401 2254 1556 2301 Spec‘lans
1571 2249 1762 2300 humum.]
1790 2250 1963 2289 Demiffis
1977 2249 2091 2289 oculis
2107 2278 2117 2294 ‚
2146 2250 2286 2286 Tua-fi-

1237 2299 1454 2348 νοΦρονῆσεος
1474 2303 1668 2340 indicium.
1700 2302 1877 2339 Nesimi..
1907 2301 2286 2352 Verbaquesuspecflans

1236 2353 1419 2403 Excerpta
1437 2354 1571 2398 Voffii,
1595 2352 1783 2392 Bernenfis
1807 2355 1844 2391 δε
1869 2352 1998 2391 decem
2011 2351 2080 2390 alii.
2097 2352 2287 2401 deperiens

1237 2415 1343 2442 unus.

1291 2467 1372 2503 152.
1402 2454 1562 2504 Tumet.]
1594 2456 1719 2501 O'WJ..
1746 2453 1843 2491 Tale
1871 2453 2058 2502 quippiam
2088 2451 2123 2486 in
2148 2449 2286 2487 eodem

1238 2517 1352 2552 opere
1370 2507 1594 2541 notavimus.
1623 2508 1792 2541 CxorAN.

1295 2564 1374 2600 153.
1402 2555 1563 2600 Operitur
1575 2552 1762 2598 frondibus
1784 2550 1924 2599 arbon]
1955 2550 2139 2587 Amicitur
2151 2548 2286 2586 vitibus

1240 2601 1364 2639 Urlini
1382 2629 1392 2644 ,
1437 2601 1705 2639 Mazarinianus
1742 2605 1780 2638 &
1816 2601 1955 2647 septem
1987 2601 2059 2637 alii.
2094 2609 2253 2649 quatuor
2272 2627 2284 2644 ,

1239 2652 1407 2688 amicitur
1432 2651 1630 2697 frondibus.
1669 2652 1780 2689 etiarn
1821 2662 1898 2688 non
1929 2652 2036 2689 male.
2080 2651 2190 2688 Pont.
2221 2663 2285 2689 111.

1238 2701 1294 2738 El.
1323 2713 1413 2739 vm.

1291 2757 1372 2789 Non
1392 2751 1448 2788 hic
1463 2752 1654 2801 pampineis
1676 2753 1842 2789 amicitur
1860 2750 1994 2788 vitibus
2013 2751 2140 2788 ulmus.

1239 2804 1335 2840 Met.
1356 2816 1389 2840 x.
1423 2815 1505 2840 1C0.
1535 2809 1580 2839 Et
1607 2805 1754 2841 amir-lae
1775 2802 1908 2840 vitibus
1929 2803 2030 2839 ulmi.
2058 2804 2105 2840 iza
2127 2804 2161 2839 in
2185 2814 2221 2838 re
2241 2801 2285 2838 si-

1239 2855 1315 2891 mili
1332 2855 1555 2902 pampineum
1576 2866 1728 2904 quoque
1750 2855 1919 2891 amictum
1939 2853 2113 2902 Virgilius
2136 2852 2228 2890 dixit
2246 2865 2283 2890 in

1239 2905 1379 2942 Culice.
1400 2905 1494 2942 Hor.
1514 2906 1537 2941 l.
1557 2917 1584 2941 i.
1607 2907 1679 2942 Sat.
1698 2917 1776 2942 xvi.

1289 2955 1472 3004 Pomisque
1491 2967 1533 2994 <9¹
1546 2956 1658 3004 pratis
1678 2967 1720 2995 (9¹
1742 2953 1875 2992 amithi
1893 2953 2029 2991 vitibus
2049 2953 2155 2991 ulmo.

1240 3005 1422 3054 Corippus
1444 3006 1639 3044 Africanus
1660 3007 1752 3044 libro
1775 3018 1828 3043 ιν.

1737 3057 1878 3093 cecidere
1894 3055 2008 3104 securi

1290 3107 1474 3159 Antiquae
1493 3120 1633 3156 quercus
1653 3120 1695 3147 (τ’
1714 3108 1862 3144 eminae
1883 3105 2016 3143 vitibus
2035 3104 2136 3142 ulmi.

1237 3158 1446 3207 Propertius
1465 3159 1525 3195 lib.
1549 3171 1613 3195 111.
1634 3160 1736 3208 Eleg.
1756 3171 1845 3196 xiii.

1289 3215 1335 3246 Et
1356 3218 1491 3258 portare
1502 3209 1578 3258 suis
1598 3209 1735 3256 vestitas
1755 3207 1936 3252 frondibus
1957 3220 2059 3243 uvas.

1240 3259 1368 3298 Florus
1386 3261 1478 3298 libro
1502 3261 1622 3309 primo
1642 3273 1718 3309 cap.
1743 3261 1796 3298 16.
1825 3259 1888 3295 Hic
1909 3255 2279 3295 aniie'livitibusmm-

1240 3321 1312 3359 tes,
1349 3316 1512 3357 Gaurus,
1540 3310 1728 3358 falernus,
1757 3307 1929 3359 Massicus.
1959 3309 2018 3344 ubi
2040 3306 2133 3343 male
2153 3304 2282 3350 jorda-

2195 3365 2258 3392 nes
2275 3380 2284 3398 ‚
