<?xml version="1.0" encoding="UTF-8"?>
<!DOCTYPE html PUBLIC "-//W3C//DTD XHTML 1.0 Transitional//EN"
    "http://www.w3.org/TR/xhtml1/DTD/xhtml1-transitional.dtd">
<html xmlns="http://www.w3.org/1999/xhtml" xml:lang="en" lang="en">
 <head>
  <title>
</title>
<meta http-equiv="Content-Type" content="text/html;charset=utf-8" />
  <meta name='ocr-system' content='tesseract 3.04.00' />
  <meta name='ocr-capabilities' content='ocr_page ocr_carea ocr_par ocr_line ocrx_word'/>
</head>
<body>
  <div class='ocr_page' id='page_1' title='image "./publiiovidiinaso03ovid_0224.png"; bbox 0 0 2495 3675; ppageno 0'>
   <div class='ocr_carea' id='block_1_1' title="bbox 761 187 1318 253">
    <p class='ocr_par' dir='ltr' id='par_1_1' title="bbox 761 187 1318 253">
     <span class='ocr_line' id='line_1_1' title="bbox 761 187 1318 253; baseline -0.014 0"><span class='ocrx_word' id='word_1_1' title='bbox 761 195 823 253; x_wconf 91' lang='lat' dir='ltr'><em>P.</em></span> <span class='ocrx_word' id='word_1_2' title='bbox 897 187 1318 253; x_wconf 83' lang='lat' dir='ltr'>0V1D11</span> 
     </span>
    </p>
   </div>
   <div class='ocr_carea' id='block_1_2' title="bbox 257 216 357 254">
    <p class='ocr_par' dir='ltr' id='par_1_2' title="bbox 257 216 357 254">
     <span class='ocr_line' id='line_1_2' title="bbox 257 216 357 254; baseline 0 -1"><span class='ocrx_word' id='word_1_3' title='bbox 257 216 357 254; x_wconf 73' lang='lat'><em>210</em></span> 
     </span>
    </p>
   </div>
   <div class='ocr_carea' id='block_1_3' title="bbox 1392 189 1942 257">
    <p class='ocr_par' dir='ltr' id='par_1_3' title="bbox 1392 189 1942 257">
     <span class='ocr_line' id='line_1_3' title="bbox 1392 189 1942 257; baseline 0.015 -12"><span class='ocrx_word' id='word_1_4' title='bbox 1392 189 1942 257; x_wconf 56' lang='lat' dir='ltr'><strong>NASONIS,</strong></span> 
     </span>
    </p>
   </div>
   <div class='ocr_carea' id='block_1_4' title="bbox 413 306 1923 811">
    <p class='ocr_par' dir='ltr' id='par_1_4' title="bbox 413 306 1923 811">
     <span class='ocr_line' id='line_1_4' title="bbox 551 306 1898 369; baseline -0.004 0"><span class='ocrx_word' id='word_1_5' title='bbox 551 312 723 369; x_wconf 86' lang='lat' dir='ltr'><em>Ridet</em></span> <span class='ocrx_word' id='word_1_6' title='bbox 747 325 1041 368; x_wconf 83' lang='lat' dir='ltr'>amatorem</span> <span class='ocrx_word' id='word_1_7' title='bbox 1075 328 1225 366; x_wconf 83' lang='lat' dir='ltr'><em>carae</em></span> <span class='ocrx_word' id='word_1_8' title='bbox 1253 325 1390 364; x_wconf 84' lang='lat' dir='ltr'><em>nova</em></span> <span class='ocrx_word' id='word_1_9' title='bbox 1414 306 1550 361; x_wconf 86' lang='lat' dir='ltr'><em>Diva</em></span> <span class='ocrx_word' id='word_1_10' title='bbox 1579 307 1898 366; x_wconf 64' lang='lat' dir='ltr'><em>Minervae:</em></span> 
     </span>
     <span class='ocr_line' id='line_1_5' title="bbox 636 382 1722 455; baseline -0.006 -12"><span class='ocrx_word' id='word_1_11' title='bbox 636 388 753 443; x_wconf 91' lang='lat' dir='ltr'><em>Nec</em></span> <span class='ocrx_word' id='word_1_12' title='bbox 780 405 865 442; x_wconf 88' lang='lat' dir='ltr'><em>res</em></span> <span class='ocrx_word' id='word_1_13' title='bbox 891 386 987 440; x_wconf 83' lang='lat' dir='ltr'><em>hac</em></span> <span class='ocrx_word' id='word_1_14' title='bbox 1016 385 1215 440; x_wconf 87' lang='lat' dir='ltr'><em>Veneri</em></span> <span class='ocrx_word' id='word_1_15' title='bbox 1248 383 1449 455; x_wconf 83' lang='lat' dir='ltr'>gratior</span> <span class='ocrx_word' id='word_1_16' title='bbox 1478 383 1578 435; x_wconf 85' lang='lat' dir='ltr'><em>ulla</em></span> <span class='ocrx_word' id='word_1_17' title='bbox 1605 382 1722 437; x_wconf 85' lang='lat' dir='ltr'><strong>fuit.</strong></span> 
     </span>
     <span class='ocr_line' id='line_1_6' title="bbox 413 453 1905 534; baseline -0.005 -17"><span class='ocrx_word' id='word_1_18' title='bbox 413 465 506 534; x_wconf 81' lang='lat'><em>695</em></span> <span class='ocrx_word' id='word_1_19' title='bbox 551 461 680 517; x_wconf 86' lang='lat' dir='ltr'><em>Inde</em></span> <span class='ocrx_word' id='word_1_20' title='bbox 700 461 807 532; x_wconf 91' lang='lat' dir='ltr'><strong>joci</strong></span> <span class='ocrx_word' id='word_1_21' title='bbox 838 474 1045 513; x_wconf 82' lang='lat' dir='ltr'><em>veteres</em></span> <span class='ocrx_word' id='word_1_22' title='bbox 1060 457 1423 529; x_wconf 73' lang='lat' dir='ltr'><em>obscaenaque</em></span> <span class='ocrx_word' id='word_1_23' title='bbox 1440 453 1578 508; x_wconf 50' lang='lat' dir='ltr'><em>dieta</em></span> <span class='ocrx_word' id='word_1_24' title='bbox 1603 467 1905 511; x_wconf 70' lang='lat' dir='ltr'><em>canuntur:</em></span> 
     </span>
     <span class='ocr_line' id='line_1_7' title="bbox 627 527 1829 605; baseline -0.006 -16"><span class='ocrx_word' id='word_1_25' title='bbox 627 534 698 589; x_wconf 86' lang='lat' dir='ltr'><em>Et</em></span> <span class='ocrx_word' id='word_1_26' title='bbox 722 534 867 605; x_wconf 82' lang='lat' dir='ltr'><em>juvat</em></span> <span class='ocrx_word' id='word_1_27' title='bbox 892 532 1026 585; x_wconf 80' lang='lat' dir='ltr'><em>hano</em></span> <span class='ocrx_word' id='word_1_28' title='bbox 1051 547 1246 601; x_wconf 86' lang='lat' dir='ltr'><em>magno</em></span> <span class='ocrx_word' id='word_1_29' title='bbox 1273 529 1431 584; x_wconf 79' lang='lat' dir='ltr'><em>verba</em></span> <span class='ocrx_word' id='word_1_30' title='bbox 1457 527 1659 584; x_wconf 81' lang='lat' dir='ltr'><em>dediffe</em></span> <span class='ocrx_word' id='word_1_31' title='bbox 1691 529 1829 583; x_wconf 79' lang='lat' dir='ltr'><em>Deo,</em></span> 
     </span>
     <span class='ocr_line' id='line_1_8' title="bbox 554 601 1895 679; baseline -0.005 -16"><span class='ocrx_word' id='word_1_32' title='bbox 554 608 946 664; x_wconf 83' lang='lat' dir='ltr'><em>Praeteriturus</em></span> <span class='ocrx_word' id='word_1_33' title='bbox 973 622 1114 658; x_wconf 82' lang='lat' dir='ltr'><em>eram</em></span> <span class='ocrx_word' id='word_1_34' title='bbox 1143 602 1344 673; x_wconf 79' lang='lat' dir='ltr'>gladios</span> <span class='ocrx_word' id='word_1_35' title='bbox 1371 603 1426 656; x_wconf 87' lang='lat' dir='ltr'><em>in</em></span> <span class='ocrx_word' id='word_1_36' title='bbox 1455 601 1702 679; x_wconf 55' lang='lat' dir='ltr'><em>Principe</em></span> <span class='ocrx_word' id='word_1_37' title='bbox 1730 604 1895 668; x_wconf 82' lang='lat' dir='ltr'>fixos;</span> 
     </span>
     <span class='ocr_line' id='line_1_9' title="bbox 634 675 1685 736; baseline -0.006 -1"><span class='ocrx_word' id='word_1_38' title='bbox 634 682 777 736; x_wconf 87' lang='lat' dir='ltr'><em>Cum</em></span> <span class='ocrx_word' id='word_1_39' title='bbox 808 678 874 732; x_wconf 83' lang='lat' dir='ltr'><em>fic</em></span> <span class='ocrx_word' id='word_1_40' title='bbox 902 680 930 732; x_wconf 60' lang='grc' dir='ltr'><strong>ἡ</strong></span> <span class='ocrx_word' id='word_1_41' title='bbox 957 677 1103 731; x_wconf 82' lang='lat' dir='ltr'><em>castis</em></span> <span class='ocrx_word' id='word_1_42' title='bbox 1132 675 1293 730; x_wconf 81' lang='lat' dir='ltr'><em>Vesta</em></span> <span class='ocrx_word' id='word_1_43' title='bbox 1320 676 1496 730; x_wconf 85' lang='lat' dir='ltr'><em>locuta</em></span> <span class='ocrx_word' id='word_1_44' title='bbox 1526 675 1685 729; x_wconf 83' lang='lat' dir='ltr'><strong>focis:</strong></span> 
     </span>
     <span class='ocr_line' id='line_1_10' title="bbox 553 747 1923 811; baseline -0.003 -2"><span class='ocrx_word' id='word_1_45' title='bbox 553 756 638 811; x_wconf 91' lang='lat' dir='ltr'><em>Ne</em></span> <span class='ocrx_word' id='word_1_46' title='bbox 663 752 847 807; x_wconf 85' lang='lat' dir='ltr'><em>dubita</em></span> <span class='ocrx_word' id='word_1_47' title='bbox 873 749 1193 805; x_wconf 77' lang='lat' dir='ltr'><em>meminisse:</em></span> <span class='ocrx_word' id='word_1_48' title='bbox 1234 765 1384 802; x_wconf 86' lang='lat' dir='ltr'><em>meus</em></span> <span class='ocrx_word' id='word_1_49' title='bbox 1410 747 1511 801; x_wconf 83' lang='lat' dir='ltr'><strong>fuit</strong></span> <span class='ocrx_word' id='word_1_50' title='bbox 1536 747 1620 801; x_wconf 86' lang='lat' dir='ltr'><em>ille</em></span> <span class='ocrx_word' id='word_1_51' title='bbox 1648 748 1923 805; x_wconf 80' lang='lat' dir='ltr'>Sacerdos,</span> 
     </span>
    </p>
   </div>
   <div class='ocr_carea' id='block_1_5' title="bbox 418 846 518 895">
    <p class='ocr_par' dir='ltr' id='par_1_5' title="bbox 418 846 518 895">
     <span class='ocr_line' id='line_1_11' title="bbox 418 846 518 895; baseline 0.01 -15"><span class='ocrx_word' id='word_1_52' title='bbox 418 846 518 895; x_wconf 82' lang='lat'><em>700</em></span> 
     </span>
    </p>
   </div>
   <div class='ocr_carea' id='block_1_6' title="bbox 266 1087 1320 1293">
    <p class='ocr_par' dir='ltr' id='par_1_6' title="bbox 266 1087 1320 1293">
     <span class='ocr_line' id='line_1_12' title="bbox 266 1087 1320 1139; baseline -0.003 -10"><span class='ocrx_word' id='word_1_53' title='bbox 266 1088 447 1129; x_wconf 83' lang='lat' dir='ltr'><em>Arondel.</em></span> <span class='ocrx_word' id='word_1_54' title='bbox 467 1090 573 1139; x_wconf 86' lang='lat' dir='ltr'><strong>prim.</strong></span> <span class='ocrx_word' id='word_1_55' title='bbox 602 1087 732 1127; x_wconf 85' lang='lat' dir='ltr'><em>Ambr.</em></span> <span class='ocrx_word' id='word_1_56' title='bbox 754 1088 793 1126; x_wconf 65' lang='grc' dir='ltr'><em>δε</em></span> <span class='ocrx_word' id='word_1_57' title='bbox 822 1087 898 1127; x_wconf 90' lang='lat' dir='ltr'><em>duo</em></span> <span class='ocrx_word' id='word_1_58' title='bbox 931 1087 1002 1127; x_wconf 86' lang='lat' dir='ltr'><strong>alii.</strong></span> <span class='ocrx_word' id='word_1_59' title='bbox 1030 1094 1232 1137; x_wconf 82' lang='lat' dir='ltr'><em>utrumque</em></span> <span class='ocrx_word' id='word_1_60' title='bbox 1254 1088 1320 1127; x_wconf 89' lang='lat' dir='ltr'><em>be-</em></span> 
     </span>
     <span class='ocr_line' id='line_1_13' title="bbox 268 1139 1319 1187; baseline -0.003 -7"><span class='ocrx_word' id='word_1_61' title='bbox 268 1154 328 1181; x_wconf 88' lang='lat' dir='ltr'><em>ne.</em></span> <span class='ocrx_word' id='word_1_62' title='bbox 356 1141 501 1179; x_wconf 58' lang='lat' dir='ltr'><em>Hiems.</em></span> <span class='ocrx_word' id='word_1_63' title='bbox 557 1140 627 1179; x_wconf 87' lang='lat' dir='ltr'><em>Sed</em></span> <span class='ocrx_word' id='word_1_64' title='bbox 645 1139 733 1178; x_wconf 80' lang='lat' dir='ltr'><strong>illud</strong></span> <span class='ocrx_word' id='word_1_65' title='bbox 763 1139 869 1177; x_wconf 79' lang='lat' dir='ltr'><em>credit</em></span> <span class='ocrx_word' id='word_1_66' title='bbox 892 1151 935 1177; x_wconf 86' lang='lat' dir='ltr'><em>ex</em></span> <span class='ocrx_word' id='word_1_67' title='bbox 956 1139 1015 1177; x_wconf 89' lang='lat' dir='ltr'><strong>lib.</strong></span> <span class='ocrx_word' id='word_1_68' title='bbox 1039 1151 1090 1177; x_wconf 79' lang='lat' dir='ltr'><em>xx.</em></span> <span class='ocrx_word' id='word_1_69' title='bbox 1120 1140 1215 1176; x_wconf 78' lang='lat' dir='ltr'><em>Met.</em></span> <span class='ocrx_word' id='word_1_70' title='bbox 1239 1153 1319 1187; x_wconf 77' lang='lat'>141.</span> 
     </span>
     <span class='ocr_line' id='line_1_14' title="bbox 266 1188 1320 1241; baseline -0.003 -11"><span class='ocrx_word' id='word_1_71' title='bbox 266 1192 340 1230; x_wconf 91' lang='lat' dir='ltr'><em>huc</em></span> <span class='ocrx_word' id='word_1_72' title='bbox 357 1192 506 1241; x_wconf 80' lang='lat' dir='ltr'><em>irrepsit.</em></span> <span class='ocrx_word' id='word_1_73' title='bbox 533 1192 590 1230; x_wconf 78' lang='lat' dir='ltr'><em>vel</em></span> <span class='ocrx_word' id='word_1_74' title='bbox 607 1190 734 1240; x_wconf 80' lang='lat' dir='ltr'><em>gaudet</em></span> <span class='ocrx_word' id='word_1_75' title='bbox 753 1190 925 1227; x_wconf 84' lang='lat' dir='ltr'><em>exlib.11.</em></span> <span class='ocrx_word' id='word_1_76' title='bbox 948 1190 1139 1227; x_wconf 84' lang='lat' dir='ltr'><em>Met.862.</em></span> <span class='ocrx_word' id='word_1_77' title='bbox 1167 1188 1320 1227; x_wconf 86' lang='lat' dir='ltr'><strong>&amp;lib.1.</strong></span> 
     </span>
     <span class='ocr_line' id='line_1_15' title="bbox 267 1240 1319 1293; baseline -0.004 -11"><span class='ocrx_word' id='word_1_78' title='bbox 267 1242 361 1282; x_wconf 87' lang='lat' dir='ltr'><em>Fast.</em></span> <span class='ocrx_word' id='word_1_79' title='bbox 379 1254 464 1293; x_wconf 83' lang='lat'>431.</span> <span class='ocrx_word' id='word_1_80' title='bbox 491 1245 614 1293; x_wconf 82' lang='lat' dir='ltr'><em>itaque</em></span> <span class='ocrx_word' id='word_1_81' title='bbox 627 1243 760 1280; x_wconf 77' lang='lat' dir='ltr'><em>haereo</em></span> <span class='ocrx_word' id='word_1_82' title='bbox 777 1268 786 1285; x_wconf 89' lang='lat'><strong><em>‚</em></strong></span> <span class='ocrx_word' id='word_1_83' title='bbox 814 1250 933 1278; x_wconf 82' lang='lat' dir='ltr'><em>utrum</em></span> <span class='ocrx_word' id='word_1_84' title='bbox 950 1240 1167 1288; x_wconf 80' lang='lat' dir='ltr'><em>praeferam.</em></span> <span class='ocrx_word' id='word_1_85' title='bbox 1190 1240 1319 1278; x_wconf 59' lang='lat' dir='ltr'><em>Euam.</em></span> 
     </span>
    </p>
   </div>
   <div class='ocr_carea' id='block_1_7' title="bbox 267 1306 1321 1561">
    <p class='ocr_par' dir='ltr' id='par_1_7' title="bbox 267 1306 1321 1461">
     <span class='ocr_line' id='line_1_16' title="bbox 320 1306 1319 1358; baseline 0.001 -13"><span class='ocrx_word' id='word_1_86' title='bbox 320 1308 404 1358; x_wconf 78' lang='lat'>689.</span> <span class='ocrx_word' id='word_1_87' title='bbox 435 1309 630 1347; x_wconf 83' lang='lat' dir='ltr'><em>Deducitur</em></span> <span class='ocrx_word' id='word_1_88' title='bbox 650 1306 769 1357; x_wconf 60' lang='lat' dir='ltr'><em>illua]</em></span> <span class='ocrx_word' id='word_1_89' title='bbox 803 1307 907 1345; x_wconf 81' lang='lat' dir='ltr'><em>Aliae</em></span> <span class='ocrx_word' id='word_1_90' title='bbox 930 1306 1167 1344; x_wconf 84' lang='lat' dir='ltr'>membranae</span> <span class='ocrx_word' id='word_1_91' title='bbox 1188 1307 1233 1346; x_wconf 88' lang='lat' dir='ltr'><em>ad</em></span> <span class='ocrx_word' id='word_1_92' title='bbox 1254 1320 1319 1346; x_wconf 89' lang='lat' dir='ltr'><em>ve-</em></span> 
     </span>
     <span class='ocr_line' id='line_1_17' title="bbox 267 1358 1321 1405; baseline -0.001 -6"><span class='ocrx_word' id='word_1_93' title='bbox 267 1370 349 1399; x_wconf 85' lang='lat' dir='ltr'><em>rum</em></span> <span class='ocrx_word' id='word_1_94' title='bbox 364 1388 375 1405; x_wconf 91' lang='lat'><strong>,</strong></span> <span class='ocrx_word' id='word_1_95' title='bbox 401 1360 496 1399; x_wconf 84' lang='lat' dir='ltr'><em>illuc.</em></span> <span class='ocrx_word' id='word_1_96' title='bbox 519 1360 612 1398; x_wconf 88' lang='lat' dir='ltr'><strong>Usus</strong></span> <span class='ocrx_word' id='word_1_97' title='bbox 633 1358 747 1397; x_wconf 89' lang='lat' dir='ltr'><em>verbo</em></span> <span class='ocrx_word' id='word_1_98' title='bbox 767 1358 920 1396; x_wconf 85' lang='lat' dir='ltr'><strong>solemni</strong></span> <span class='ocrx_word' id='word_1_99' title='bbox 933 1358 1093 1395; x_wconf 80' lang='lat' dir='ltr'><em>deducere</em></span> <span class='ocrx_word' id='word_1_100' title='bbox 1109 1358 1242 1398; x_wconf 85' lang='lat' dir='ltr'><em>Statius</em></span> <span class='ocrx_word' id='word_1_101' title='bbox 1253 1358 1321 1398; x_wconf 86' lang='lat' dir='ltr'><em>Pa-</em></span> 
     </span>
     <span class='ocr_line' id='line_1_18' title="bbox 268 1410 873 1461; baseline -0.005 -12"><span class='ocrx_word' id='word_1_102' title='bbox 268 1411 387 1461; x_wconf 89' lang='lat' dir='ltr'><strong>pinius</strong></span> <span class='ocrx_word' id='word_1_103' title='bbox 409 1423 501 1452; x_wconf 80' lang='lat' dir='ltr'><em>vm.</em></span> <span class='ocrx_word' id='word_1_104' title='bbox 526 1410 767 1454; x_wconf 59' lang='lat' dir='ltr'><em>Thebaidos,</em></span> <span class='ocrx_word' id='word_1_105' title='bbox 788 1421 873 1458; x_wconf 85' lang='lat'>234.</span> 
     </span>
    </p>

    <p class='ocr_par' dir='ltr' id='par_1_8' title="bbox 597 1459 1320 1561">
     <span class='ocr_line' id='line_1_19' title="bbox 766 1459 1193 1508; baseline -0.002 -11"><span class='ocrx_word' id='word_1_106' title='bbox 766 1460 820 1498; x_wconf 84' lang='lat' dir='ltr'><em>illi</em></span> <span class='ocrx_word' id='word_1_107' title='bbox 836 1459 1020 1508; x_wconf 63' lang='lat' dir='ltr'><em>Cythereia</em></span> <span class='ocrx_word' id='word_1_108' title='bbox 1039 1459 1193 1496; x_wconf 86' lang='lat' dir='ltr'><em>laudant</em></span> 
     </span>
     <span class='ocr_line' id='line_1_20' title="bbox 597 1511 1320 1561; baseline -0.001 -11"><span class='ocrx_word' id='word_1_109' title='bbox 597 1524 641 1554; x_wconf 75' lang='grc'><em>(9·</em></span> <span class='ocrx_word' id='word_1_110' title='bbox 679 1511 794 1550; x_wconf 79' lang='lat' dir='ltr'><em>multa</em></span> <span class='ocrx_word' id='word_1_111' title='bbox 833 1512 1018 1549; x_wconf 68' lang='lat' dir='ltr'><em>dedufftam</em></span> <span class='ocrx_word' id='word_1_112' title='bbox 1057 1511 1216 1561; x_wconf 84' lang='lat' dir='ltr'><em>lampade</em></span> <span class='ocrx_word' id='word_1_113' title='bbox 1236 1513 1320 1560; x_wconf 83' lang='lat' dir='ltr'><em>fra-</em></span> 
     </span>
    </p>
   </div>
   <div class='ocr_carea' id='block_1_8' title="bbox 596 1474 744 1483">
    <p class='ocr_par' dir='ltr' id='par_1_9' title="bbox 596 1474 744 1483">
     <span class='ocr_line' id='line_1_21' title="bbox 596 1474 744 1483; baseline 0 2192"><span class='ocrx_word' id='word_1_114' title='bbox 596 1474 744 1483; x_wconf 95' lang='lat' dir='ltr'><em> </em></span> 
     </span>
    </p>
   </div>
   <div class='ocr_carea' id='block_1_9' title="bbox 270 1512 1320 1807">
    <p class='ocr_par' dir='ltr' id='par_1_10' title="bbox 270 1512 1320 1807">
     <span class='ocr_line' id='line_1_22' title="bbox 320 1512 540 1559; baseline 0.005 -9"><span class='ocrx_word' id='word_1_115' title='bbox 320 1512 508 1551; x_wconf 85' lang='lat' dir='ltr'><em>Connubia</em></span> <span class='ocrx_word' id='word_1_116' title='bbox 530 1541 540 1559; x_wconf 88' lang='lat'><strong>‚</strong></span> 
     </span>
     <span class='ocr_line' id='line_1_23' title="bbox 452 1575 551 1602; baseline 0 -1"><span class='ocrx_word' id='word_1_117' title='bbox 452 1575 551 1602; x_wconf 68' lang='lat' dir='ltr'><em>trum</em></span> 
     </span>
     <span class='ocr_line' id='line_1_24' title="bbox 321 1616 728 1654; baseline 0.01 -3"><span class='ocrx_word' id='word_1_118' title='bbox 321 1616 549 1654; x_wconf 81' lang='lat' dir='ltr'><em>Harmonien.</em></span> <span class='ocrx_word' id='word_1_119' title='bbox 577 1632 728 1644; x_wconf 83' lang='lat'><em>-—</em></span> 
     </span>
     <span class='ocr_line' id='line_1_25' title="bbox 271 1666 450 1705; baseline -0.011 0"><span class='ocrx_word' id='word_1_120' title='bbox 271 1666 450 1705; x_wconf 73' lang='lat' dir='ltr'>NEAPOL.</span> 
     </span>
     <span class='ocr_line' id='line_1_26' title="bbox 322 1714 1320 1768; baseline 0.003 -15"><span class='ocrx_word' id='word_1_121' title='bbox 322 1719 369 1766; x_wconf 89' lang='lat'><em>69</em></span> <span class='ocrx_word' id='word_1_122' title='bbox 379 1730 409 1756; x_wconf 83' lang='lat'><em>1.</em></span> <span class='ocrx_word' id='word_1_123' title='bbox 436 1716 636 1768; x_wconf 52' lang='lat' dir='ltr'><em>Adspicia]</em></span> <span class='ocrx_word' id='word_1_124' title='bbox 693 1714 831 1766; x_wconf 79' lang='lat' dir='ltr'><em>Inspicit</em></span> <span class='ocrx_word' id='word_1_125' title='bbox 854 1714 1002 1755; x_wconf 85' lang='lat' dir='ltr'>Bonon.</span> <span class='ocrx_word' id='word_1_126' title='bbox 1023 1724 1066 1755; x_wconf 92' lang='lat' dir='ltr'><em>ut</em></span> <span class='ocrx_word' id='word_1_127' title='bbox 1086 1716 1192 1766; x_wconf 82' lang='lat' dir='ltr'>saepe</span> <span class='ocrx_word' id='word_1_128' title='bbox 1213 1716 1252 1755; x_wconf 90' lang='lat' dir='ltr'><em>in</em></span> <span class='ocrx_word' id='word_1_129' title='bbox 1262 1717 1320 1756; x_wconf 86' lang='lat' dir='ltr'><em>his</em></span> 
     </span>
     <span class='ocr_line' id='line_1_27' title="bbox 270 1766 394 1807; baseline 0.008 -1"><span class='ocrx_word' id='word_1_130' title='bbox 270 1766 394 1807; x_wconf 89' lang='lat' dir='ltr'><strong>libris..</strong></span> 
     </span>
    </p>
   </div>
   <div class='ocr_carea' id='block_1_10' title="bbox 268 1830 1322 1984">
    <p class='ocr_par' dir='ltr' id='par_1_11' title="bbox 268 1830 1322 1984">
     <span class='ocr_line' id='line_1_28' title="bbox 323 1830 1321 1882; baseline -0.001 -12"><span class='ocrx_word' id='word_1_131' title='bbox 323 1832 408 1882; x_wconf 86' lang='lat'>693.</span> <span class='ocrx_word' id='word_1_132' title='bbox 440 1832 547 1870; x_wconf 79' lang='lat' dir='ltr'><em>Ludis</em></span> <span class='ocrx_word' id='word_1_133' title='bbox 559 1830 784 1881; x_wconf 72' lang='lat' dir='ltr'><em>amatorem]</em></span> <span class='ocrx_word' id='word_1_134' title='bbox 801 1831 901 1869; x_wconf 80' lang='lat' dir='ltr'><em>Ridet</em></span> <span class='ocrx_word' id='word_1_135' title='bbox 911 1832 1018 1880; x_wconf 87' lang='lat' dir='ltr'><em>prim.</em></span> <span class='ocrx_word' id='word_1_136' title='bbox 1032 1831 1201 1870; x_wconf 81' lang='lat' dir='ltr'><strong>Ambros.</strong></span> <span class='ocrx_word' id='word_1_137' title='bbox 1215 1830 1321 1870; x_wconf 82' lang='lat' dir='ltr'>Voff.</span> 
     </span>
     <span class='ocr_line' id='line_1_29' title="bbox 275 1882 1322 1922; baseline -0.001 -1"><span class='ocrx_word' id='word_1_138' title='bbox 275 1883 451 1921; x_wconf 81' lang='lat' dir='ltr'><em>Arondel.</em></span> <span class='ocrx_word' id='word_1_139' title='bbox 475 1885 613 1922; x_wconf 83' lang='lat' dir='ltr'><em>Mazar.</em></span> <span class='ocrx_word' id='word_1_140' title='bbox 631 1884 774 1921; x_wconf 83' lang='lat' dir='ltr'><strong>Zulich.</strong></span> <span class='ocrx_word' id='word_1_141' title='bbox 797 1884 834 1920; x_wconf 90' lang='lat'>&amp;</span> <span class='ocrx_word' id='word_1_142' title='bbox 856 1883 916 1921; x_wconf 86' lang='lat' dir='ltr'><em>sex</em></span> <span class='ocrx_word' id='word_1_143' title='bbox 936 1882 1322 1922; x_wconf 73' lang='lat' dir='ltr'><em>alii.bene,.namelu-</em></span> 
     </span>
     <span class='ocr_line' id='line_1_30' title="bbox 268 1934 1082 1984; baseline 0.002 -13"><span class='ocrx_word' id='word_1_144' title='bbox 268 1935 349 1983; x_wconf 85' lang='lat' dir='ltr'><em>sum</em></span> <span class='ocrx_word' id='word_1_145' title='bbox 363 1935 464 1971; x_wconf 84' lang='lat' dir='ltr'><em>deum</em></span> <span class='ocrx_word' id='word_1_146' title='bbox 478 1934 723 1984; x_wconf 72' lang='lat' dir='ltr'><em>praecefferat.</em></span> <span class='ocrx_word' id='word_1_147' title='bbox 748 1934 795 1971; x_wconf 79' lang='lat' dir='ltr'><em>sic</em></span> <span class='ocrx_word' id='word_1_148' title='bbox 815 1934 905 1972; x_wconf 80' lang='lat' dir='ltr'><em>Fast.</em></span> <span class='ocrx_word' id='word_1_149' title='bbox 924 1946 970 1972; x_wconf 87' lang='lat'><em>11.</em></span> <span class='ocrx_word' id='word_1_150' title='bbox 997 1935 1082 1984; x_wconf 81' lang='lat'>356.</span> 
     </span>
    </p>
   </div>
   <div class='ocr_carea' id='block_1_11' title="bbox 274 1997 1325 2239">
    <p class='ocr_par' dir='ltr' id='par_1_12' title="bbox 274 1997 1325 2239">
     <span class='ocr_line' id='line_1_31' title="bbox 324 1997 1022 2049; baseline 0 -13"><span class='ocrx_word' id='word_1_151' title='bbox 324 1999 426 2036; x_wconf 83' lang='lat' dir='ltr'><em>Ridet</em></span> <span class='ocrx_word' id='word_1_152' title='bbox 444 2007 637 2036; x_wconf 85' lang='lat' dir='ltr'><em>amatorem</em></span> <span class='ocrx_word' id='word_1_153' title='bbox 661 1998 758 2049; x_wconf 68' lang='lat' dir='ltr'><em>Lyda</em></span> <span class='ocrx_word' id='word_1_154' title='bbox 771 1997 888 2048; x_wconf 86' lang='lat' dir='ltr'><em>puella</em></span> <span class='ocrx_word' id='word_1_155' title='bbox 901 1998 1022 2046; x_wconf 85' lang='lat' dir='ltr'><em>suum.</em></span> 
     </span>
     <span class='ocr_line' id='line_1_32' title="bbox 274 2047 1322 2150; baseline 0.002 -13"><span class='ocrx_word' id='word_1_156' title='bbox 274 2047 424 2149; x_wconf 50' lang='grc' dir='ltr'><strong>Ηῗὸῐρὲς.</strong></span> <span class='ocrx_word' id='word_1_157' title='bbox 440 2099 591 2150; x_wconf 58' lang='lat' dir='ltr'><em>Carae]</em></span> <span class='ocrx_word' id='word_1_158' title='bbox 623 2106 744 2138; x_wconf 88' lang='lat' dir='ltr'><em>Canae</em></span> <span class='ocrx_word' id='word_1_159' title='bbox 767 2111 859 2138; x_wconf 89' lang='lat' dir='ltr'><em>unus</em></span> <span class='ocrx_word' id='word_1_160' title='bbox 884 2099 1041 2138; x_wconf 85' lang='lat' dir='ltr'><em>Heinfii.</em></span> <span class='ocrx_word' id='word_1_161' title='bbox 1062 2110 1107 2138; x_wconf 83' lang='lat' dir='ltr'><em>an</em></span> <span class='ocrx_word' id='word_1_162' title='bbox 1130 2098 1238 2148; x_wconf 86' lang='lat' dir='ltr'><em>castae</em></span> <span class='ocrx_word' id='word_1_163' title='bbox 1254 2107 1322 2139; x_wconf 85' lang='lat' dir='ltr'><em>?ut</em></span> 
     </span>
     <span class='ocr_line' id='line_1_33' title="bbox 275 2150 1325 2201; baseline 0.001 -13"><span class='ocrx_word' id='word_1_164' title='bbox 275 2151 424 2189; x_wconf 77' lang='lat' dir='ltr'><em>volebat</em></span> <span class='ocrx_word' id='word_1_165' title='bbox 444 2151 628 2190; x_wconf 82' lang='lat' dir='ltr'><strong>Francius.</strong></span> <span class='ocrx_word' id='word_1_166' title='bbox 649 2151 724 2189; x_wconf 85' lang='lat' dir='ltr'><em>vid.</em></span> <span class='ocrx_word' id='word_1_167' title='bbox 751 2150 854 2199; x_wconf 78' lang='lat' dir='ltr'><em>supra</em></span> <span class='ocrx_word' id='word_1_168' title='bbox 879 2162 965 2198; x_wconf 75' lang='lat'><em>417.</em></span> <span class='ocrx_word' id='word_1_169' title='bbox 999 2150 1091 2189; x_wconf 83' lang='lat' dir='ltr'><em>ludis</em></span> <span class='ocrx_word' id='word_1_170' title='bbox 1123 2164 1196 2189; x_wconf 84' lang='lat' dir='ltr'><em>am.</em></span> <span class='ocrx_word' id='word_1_171' title='bbox 1217 2164 1325 2201; x_wconf 84' lang='lat' dir='ltr'><em>quare</em></span> 
     </span>
     <span class='ocr_line' id='line_1_34' title="bbox 277 2201 559 2239; baseline 0.004 -1"><span class='ocrx_word' id='word_1_172' title='bbox 277 2212 372 2238; x_wconf 81' lang='lat' dir='ltr'><em>nova</em></span> <span class='ocrx_word' id='word_1_173' title='bbox 391 2201 559 2239; x_wconf 87' lang='lat' dir='ltr'><em>Bernens.</em></span> 
     </span>
    </p>
   </div>
   <div class='ocr_carea' id='block_1_12' title="bbox 268 2263 1328 2670">
    <p class='ocr_par' dir='ltr' id='par_1_13' title="bbox 274 2263 1326 2354">
     <span class='ocr_line' id='line_1_35' title="bbox 274 2263 1326 2354; baseline 0.002 -52"><span class='ocrx_word' id='word_1_174' title='bbox 274 2313 286 2354; x_wconf 71' lang='grc'><strong>1</strong></span> <span class='ocrx_word' id='word_1_175' title='bbox 328 2264 414 2314; x_wconf 77' lang='lat'><strong>694.</strong></span> <span class='ocrx_word' id='word_1_176' title='bbox 443 2271 514 2303; x_wconf 86' lang='lat' dir='ltr'><em>Nec</em></span> <span class='ocrx_word' id='word_1_177' title='bbox 535 2263 624 2314; x_wconf 81' lang='lat' dir='ltr'><em>res.]</em></span> <span class='ocrx_word' id='word_1_178' title='bbox 656 2270 727 2302; x_wconf 90' lang='lat' dir='ltr'><em>Nec</em></span> <span class='ocrx_word' id='word_1_179' title='bbox 738 2264 857 2303; x_wconf 83' lang='lat' dir='ltr'><em>Veneri</em></span> <span class='ocrx_word' id='word_1_180' title='bbox 876 2278 927 2303; x_wconf 77' lang='lat' dir='ltr'><em>res</em></span> <span class='ocrx_word' id='word_1_181' title='bbox 946 2264 1013 2302; x_wconf 84' lang='lat' dir='ltr'><em>hac</em></span> <span class='ocrx_word' id='word_1_182' title='bbox 1033 2264 1204 2304; x_wconf 74' lang='lat' dir='ltr'><em>Bernenl‘.</em></span> <span class='ocrx_word' id='word_1_183' title='bbox 1225 2264 1326 2304; x_wconf 89' lang='lat' dir='ltr'><em>mol-</em></span> 
     </span>
     <span class='ocr_line' id='line_1_36' title="bbox 289 2326 359 2354; baseline 0.029 -2"><span class='ocrx_word' id='word_1_184' title='bbox 289 2326 359 2354; x_wconf 84' lang='lat' dir='ltr'><strong>ius.</strong></span> 
     </span>
    </p>

    <p class='ocr_par' dir='ltr' id='par_1_14' title="bbox 268 2365 1328 2670">
     <span class='ocr_line' id='line_1_37' title="bbox 328 2365 1328 2418; baseline 0.002 -16"><span class='ocrx_word' id='word_1_185' title='bbox 328 2366 413 2415; x_wconf 80' lang='lat'><em>695.</em></span> <span class='ocrx_word' id='word_1_186' title='bbox 443 2365 681 2415; x_wconf 80' lang='lat' dir='ltr'><em>obscaenaque</em></span> <span class='ocrx_word' id='word_1_187' title='bbox 700 2366 809 2404; x_wconf 84' lang='lat' dir='ltr'><em>verba</em></span> <span class='ocrx_word' id='word_1_188' title='bbox 831 2366 1048 2417; x_wconf 65' lang='lat' dir='ltr'><em>conantum]</em></span> <span class='ocrx_word' id='word_1_189' title='bbox 1088 2366 1328 2418; x_wconf 80' lang='lat' dir='ltr'><em>obscaenaque</em></span> 
     </span>
     <span class='ocr_line' id='line_1_38' title="bbox 277 2416 1324 2467; baseline 0.003 -14"><span class='ocrx_word' id='word_1_190' title='bbox 277 2416 373 2453; x_wconf 65' lang='lat' dir='ltr'><em>dieta</em></span> <span class='ocrx_word' id='word_1_191' title='bbox 393 2416 473 2455; x_wconf 89' lang='lat' dir='ltr'><strong>libri</strong></span> <span class='ocrx_word' id='word_1_192' title='bbox 495 2418 666 2456; x_wconf 86' lang='lat' dir='ltr'><em>meliores</em></span> <span class='ocrx_word' id='word_1_193' title='bbox 697 2429 835 2467; x_wconf 86' lang='lat' dir='ltr'><em>magno</em></span> <span class='ocrx_word' id='word_1_194' title='bbox 866 2430 1037 2456; x_wconf 88' lang='lat' dir='ltr'><em>numero.</em></span> <span class='ocrx_word' id='word_1_195' title='bbox 1073 2417 1185 2467; x_wconf 90' lang='lat' dir='ltr'><em>idque</em></span> <span class='ocrx_word' id='word_1_196' title='bbox 1213 2419 1324 2456; x_wconf 66' lang='lat' dir='ltr'><em>recte.</em></span> 
     </span>
     <span class='ocr_line' id='line_1_39' title="bbox 277 2467 1326 2517; baseline 0.004 -14"><span class='ocrx_word' id='word_1_197' title='bbox 277 2467 371 2504; x_wconf 70' lang='lat' dir='ltr'><em>dic-&#39;ia</em></span> <span class='ocrx_word' id='word_1_198' title='bbox 401 2479 467 2517; x_wconf 77' lang='lat' dir='ltr'><em>pro</em></span> <span class='ocrx_word' id='word_1_199' title='bbox 499 2467 669 2506; x_wconf 65' lang='lat' dir='ltr'><em>disteriis.</em></span> <span class='ocrx_word' id='word_1_200' title='bbox 696 2468 792 2516; x_wconf 84' lang='lat' dir='ltr'><em>apud</em></span> <span class='ocrx_word' id='word_1_201' title='bbox 821 2469 1027 2507; x_wconf 87' lang='lat' dir='ltr'><em>Phaedrum</em></span> <span class='ocrx_word' id='word_1_202' title='bbox 1057 2469 1176 2507; x_wconf 87' lang='lat' dir='ltr'><em>fabula</em></span> <span class='ocrx_word' id='word_1_203' title='bbox 1204 2469 1249 2507; x_wconf 90' lang='lat' dir='ltr'><em>L.</em></span> <span class='ocrx_word' id='word_1_204' title='bbox 1268 2469 1326 2506; x_wconf 86' lang='lat' dir='ltr'><em>ob-</em></span> 
     </span>
     <span class='ocr_line' id='line_1_40' title="bbox 268 2518 1326 2568; baseline 0.002 -13"><span class='ocrx_word' id='word_1_205' title='bbox 268 2519 398 2568; x_wconf 86' lang='lat' dir='ltr'><em>scaena</em></span> <span class='ocrx_word' id='word_1_206' title='bbox 418 2519 511 2555; x_wconf 64' lang='lat' dir='ltr'><em>diota</em></span> <span class='ocrx_word' id='word_1_207' title='bbox 525 2530 569 2558; x_wconf 73' lang='lat'><em>&lt;9⁴</em></span> <span class='ocrx_word' id='word_1_208' title='bbox 582 2518 744 2568; x_wconf 78' lang='lat' dir='ltr'><em>petulans</em></span> <span class='ocrx_word' id='word_1_209' title='bbox 752 2519 911 2568; x_wconf 81' lang='lat' dir='ltr'><em>jurgium</em></span> <span class='ocrx_word' id='word_1_210' title='bbox 933 2520 1221 2568; x_wconf 77' lang='lat' dir='ltr'><em>conjunguntur.</em></span> <span class='ocrx_word' id='word_1_211' title='bbox 1248 2520 1326 2557; x_wconf 86' lang='lat' dir='ltr'><em>Ac-</em></span> 
     </span>
     <span class='ocr_line' id='line_1_41' title="bbox 279 2570 1326 2619; baseline 0 -12"><span class='ocrx_word' id='word_1_212' title='bbox 279 2570 355 2607; x_wconf 86' lang='lat' dir='ltr'><strong>cius</strong></span> <span class='ocrx_word' id='word_1_213' title='bbox 375 2570 579 2608; x_wconf 81' lang='lat' dir='ltr'>Oenomao</span> <span class='ocrx_word' id='word_1_214' title='bbox 601 2570 698 2619; x_wconf 87' lang='lat' dir='ltr'><em>apud</em></span> <span class='ocrx_word' id='word_1_215' title='bbox 720 2570 889 2608; x_wconf 87' lang='lat' dir='ltr'><em>Nonium</em></span> <span class='ocrx_word' id='word_1_216' title='bbox 916 2570 1136 2608; x_wconf 88' lang='lat' dir='ltr'><em>Marcellum</em></span> <span class='ocrx_word' id='word_1_217' title='bbox 1158 2597 1169 2615; x_wconf 91' lang='lat'>,</span> <span class='ocrx_word' id='word_1_218' title='bbox 1194 2583 1250 2607; x_wconf 83' lang='lat' dir='ltr'><em>ore</em></span> <span class='ocrx_word' id='word_1_219' title='bbox 1268 2570 1326 2607; x_wconf 86' lang='lat' dir='ltr'><em>ob-</em></span> 
     </span>
     <span class='ocr_line' id='line_1_42' title="bbox 272 2620 1269 2670; baseline 0.004 -14"><span class='ocrx_word' id='word_1_220' title='bbox 272 2620 400 2668; x_wconf 84' lang='lat' dir='ltr'><em>scaena</em></span> <span class='ocrx_word' id='word_1_221' title='bbox 424 2620 518 2657; x_wconf 67' lang='lat' dir='ltr'><em>diota</em></span> <span class='ocrx_word' id='word_1_222' title='bbox 532 2623 714 2670; x_wconf 75' lang='lat' dir='ltr'><em>segregent.</em></span> <span class='ocrx_word' id='word_1_223' title='bbox 740 2620 924 2659; x_wconf 77' lang='lat' dir='ltr'><em>Paullinus</em></span> <span class='ocrx_word' id='word_1_224' title='bbox 948 2621 1111 2659; x_wconf 82' lang='lat' dir='ltr'>carmine</span> <span class='ocrx_word' id='word_1_225' title='bbox 1133 2622 1269 2660; x_wconf 86' lang='lat' dir='ltr'><em>tertio:</em></span> 
     </span>
    </p>
   </div>
   <div class='ocr_carea' id='block_1_13' title="bbox 333 2685 1171 2774">
    <p class='ocr_par' dir='ltr' id='par_1_15' title="bbox 333 2685 1171 2774">
     <span class='ocr_line' id='line_1_43' title="bbox 333 2685 1171 2769; baseline 0.004 -48"><span class='ocrx_word' id='word_1_226' title='bbox 333 2685 509 2769; x_wconf 51' lang='grc' dir='ltr'><em>ἕξεεᾷναε</em></span> <span class='ocrx_word' id='word_1_227' title='bbox 532 2695 709 2737; x_wconf 80' lang='lat' dir='ltr'><em>turpesque</em></span> <span class='ocrx_word' id='word_1_228' title='bbox 718 2686 807 2735; x_wconf 84' lang='lat' dir='ltr'><em>jocos</em></span> <span class='ocrx_word' id='word_1_229' title='bbox 826 2686 1055 2736; x_wconf 83' lang='lat' dir='ltr'><em>obscaenaque</em></span> <span class='ocrx_word' id='word_1_230' title='bbox 1075 2686 1171 2724; x_wconf 66' lang='lat' dir='ltr'><em>diota</em></span> 
     </span>
     <span class='ocr_line' id='line_1_44' title="bbox 391 2747 482 2774; baseline 0.044 -4"><span class='ocrx_word' id='word_1_231' title='bbox 391 2747 482 2774; x_wconf 76' lang='lat' dir='ltr'><em>ertt..</em></span> 
     </span>
    </p>
   </div>
   <div class='ocr_carea' id='block_1_14' title="bbox 284 2785 1148 2904">
    <p class='ocr_par' dir='ltr' id='par_1_16' title="bbox 284 2785 1148 2904">
     <span class='ocr_line' id='line_1_45' title="bbox 284 2785 889 2836; baseline 0.002 -13"><span class='ocrx_word' id='word_1_232' title='bbox 284 2785 417 2823; x_wconf 86' lang='lat' dir='ltr'><em>Noster</em></span> <span class='ocrx_word' id='word_1_233' title='bbox 436 2786 509 2834; x_wconf 83' lang='lat' dir='ltr'><em>ipse</em></span> <span class='ocrx_word' id='word_1_234' title='bbox 530 2788 687 2826; x_wconf 79' lang='lat' dir='ltr'><em>Metam.</em></span> <span class='ocrx_word' id='word_1_235' title='bbox 708 2799 787 2826; x_wconf 82' lang='lat' dir='ltr'>x1V.</span> <span class='ocrx_word' id='word_1_236' title='bbox 808 2799 889 2836; x_wconf 80' lang='lat'><em>522.</em></span> 
     </span>
     <span class='ocr_line' id='line_1_46' title="bbox 310 2852 1148 2904; baseline 0.005 -16"><span class='ocrx_word' id='word_1_237' title='bbox 310 2895 315 2899; x_wconf 38' lang='grc'><strong>,</strong></span> <span class='ocrx_word' id='word_1_238' title='bbox 338 2853 496 2891; x_wconf 80' lang='lat' dir='ltr'><em>Addidit</em></span> <span class='ocrx_word' id='word_1_239' title='bbox 516 2856 685 2904; x_wconf 80' lang='lat' dir='ltr'><em>obscaenis</em></span> <span class='ocrx_word' id='word_1_240' title='bbox 703 2856 859 2893; x_wconf 81' lang='lat' dir='ltr'><em>convitia</em></span> <span class='ocrx_word' id='word_1_241' title='bbox 880 2854 1005 2903; x_wconf 87' lang='lat' dir='ltr'><em>rustica</em></span> <span class='ocrx_word' id='word_1_242' title='bbox 1035 2852 1148 2892; x_wconf 60' lang='lat' dir='ltr'><em>dietis.</em></span> 
     </span>
    </p>
   </div>
   <div class='ocr_carea' id='block_1_15' title="bbox 281 2920 1330 3225">
    <p class='ocr_par' dir='ltr' id='par_1_17' title="bbox 281 2920 1330 3225">
     <span class='ocr_line' id='line_1_47' title="bbox 282 2920 1329 2972; baseline -0.001 -13"><span class='ocrx_word' id='word_1_243' title='bbox 282 2920 488 2961; x_wconf 73' lang='lat' dir='ltr'><strong>Audiamus</strong></span> <span class='ocrx_word' id='word_1_244' title='bbox 507 2925 741 2964; x_wconf 82' lang='lat' dir='ltr'><strong>Macrobium</strong></span> <span class='ocrx_word' id='word_1_245' title='bbox 756 2923 930 2962; x_wconf 84' lang='lat' dir='ltr'><em>Saturnal.</em></span> <span class='ocrx_word' id='word_1_246' title='bbox 949 2923 1010 2961; x_wconf 91' lang='lat' dir='ltr'><strong>lib.</strong></span> <span class='ocrx_word' id='word_1_247' title='bbox 1027 2935 1073 2960; x_wconf 73' lang='grc' dir='ltr'><em>ιι.</em></span> <span class='ocrx_word' id='word_1_248' title='bbox 1088 2934 1165 2970; x_wconf 86' lang='lat' dir='ltr'><em>cap.</em></span> <span class='ocrx_word' id='word_1_249' title='bbox 1182 2933 1211 2959; x_wconf 79' lang='lat'><em>1.</em></span> <span class='ocrx_word' id='word_1_250' title='bbox 1241 2927 1272 2959; x_wconf 83' lang='lat' dir='ltr'><em>Is</em></span> <span class='ocrx_word' id='word_1_251' title='bbox 1273 2923 1329 2972; x_wconf 86' lang='lat' dir='ltr'><em>jo—</em></span> 
     </span>
     <span class='ocr_line' id='line_1_48' title="bbox 286 2972 1330 3022; baseline 0.001 -13"><span class='ocrx_word' id='word_1_252' title='bbox 286 2974 400 3009; x_wconf 80' lang='lat' dir='ltr'><em>cusin</em></span> <span class='ocrx_word' id='word_1_253' title='bbox 423 2976 573 3011; x_wconf 81' lang='lat' dir='ltr'><em>oratione</em></span> <span class='ocrx_word' id='word_1_254' title='bbox 601 2977 672 3022; x_wconf 71' lang='lat' dir='ltr'><em>ejus</em></span> <span class='ocrx_word' id='word_1_255' title='bbox 702 2989 770 3012; x_wconf 82' lang='lat' dir='ltr'><em>non</em></span> <span class='ocrx_word' id='word_1_256' title='bbox 796 2974 916 3019; x_wconf 80' lang='lat' dir='ltr'><em>exstat.</em></span> <span class='ocrx_word' id='word_1_257' title='bbox 946 2974 1034 3011; x_wconf 75' lang='lat' dir='ltr'><em>mihi</em></span> <span class='ocrx_word' id='word_1_258' title='bbox 1054 2987 1095 3009; x_wconf 84' lang='lat' dir='ltr'><em>ex</em></span> <span class='ocrx_word' id='word_1_259' title='bbox 1127 2972 1211 3009; x_wconf 79' lang='lat' dir='ltr'><em>libro</em></span> <span class='ocrx_word' id='word_1_260' title='bbox 1233 2973 1330 3010; x_wconf 82' lang='lat' dir='ltr'><em>Furii</em></span> 
     </span>
     <span class='ocr_line' id='line_1_49' title="bbox 287 3022 1328 3073; baseline 0.002 -14"><span class='ocrx_word' id='word_1_261' title='bbox 287 3022 445 3059; x_wconf 77' lang='lat' dir='ltr'><em>Bibaculi</em></span> <span class='ocrx_word' id='word_1_262' title='bbox 476 3035 574 3061; x_wconf 81' lang='lat' dir='ltr'><em>notus</em></span> <span class='ocrx_word' id='word_1_263' title='bbox 602 3025 667 3073; x_wconf 78' lang='lat' dir='ltr'><em>est,</em></span> <span class='ocrx_word' id='word_1_264' title='bbox 695 3026 785 3062; x_wconf 87' lang='lat' dir='ltr'><em>inter</em></span> <span class='ocrx_word' id='word_1_265' title='bbox 805 3025 877 3063; x_wconf 77' lang='lat' dir='ltr'><em>alia</em></span> <span class='ocrx_word' id='word_1_266' title='bbox 907 3026 977 3072; x_wconf 77' lang='lat' dir='ltr'><em>ejus</em></span> <span class='ocrx_word' id='word_1_267' title='bbox 1006 3024 1100 3060; x_wconf 62' lang='lat' dir='ltr'><em>dicta</em></span> <span class='ocrx_word' id='word_1_268' title='bbox 1127 3023 1328 3062; x_wconf 70' lang='lat' dir='ltr'><em>celebratur.</em></span> 
     </span>
     <span class='ocr_line' id='line_1_50' title="bbox 281 3073 1328 3123; baseline 0 -13"><span class='ocrx_word' id='word_1_269' title='bbox 281 3074 341 3123; x_wconf 83' lang='lat' dir='ltr'><em>sed</em></span> <span class='ocrx_word' id='word_1_270' title='bbox 364 3073 402 3111; x_wconf 76' lang='lat' dir='ltr'><em>in</em></span> <span class='ocrx_word' id='word_1_271' title='bbox 421 3073 479 3110; x_wconf 86' lang='lat' dir='ltr'><em>hoc</em></span> <span class='ocrx_word' id='word_1_272' title='bbox 501 3074 648 3111; x_wconf 85' lang='lat' dir='ltr'><em>verbum</em></span> <span class='ocrx_word' id='word_1_273' title='bbox 669 3088 736 3111; x_wconf 80' lang='lat' dir='ltr'><em>non</em></span> <span class='ocrx_word' id='word_1_274' title='bbox 755 3075 833 3122; x_wconf 80' lang='lat' dir='ltr'><em>casu</em></span> <span class='ocrx_word' id='word_1_275' title='bbox 851 3075 980 3111; x_wconf 75' lang='lat' dir='ltr'><em>incidi:</em></span> <span class='ocrx_word' id='word_1_276' title='bbox 1007 3076 1124 3111; x_wconf 79' lang='lat' dir='ltr'><em>volens</em></span> <span class='ocrx_word' id='word_1_277' title='bbox 1133 3075 1216 3120; x_wconf 84' lang='lat' dir='ltr'><em>feci.</em></span> <span class='ocrx_word' id='word_1_278' title='bbox 1260 3075 1328 3120; x_wconf 79' lang='lat' dir='ltr'><em>Jo-</em></span> 
     </span>
     <span class='ocr_line' id='line_1_51' title="bbox 288 3124 1329 3173; baseline 0 -11"><span class='ocrx_word' id='word_1_279' title='bbox 288 3138 338 3162; x_wconf 79' lang='lat' dir='ltr'><em>cos</em></span> <span class='ocrx_word' id='word_1_280' title='bbox 361 3124 454 3162; x_wconf 80' lang='lat' dir='ltr'><em>enim</em></span> <span class='ocrx_word' id='word_1_281' title='bbox 479 3124 537 3161; x_wconf 78' lang='lat' dir='ltr'><em>hoc</em></span> <span class='ocrx_word' id='word_1_282' title='bbox 551 3138 655 3173; x_wconf 82' lang='lat' dir='ltr'><em>genus</em></span> <span class='ocrx_word' id='word_1_283' title='bbox 676 3135 804 3162; x_wconf 77' lang='lat' dir='ltr'><em>veteres</em></span> <span class='ocrx_word' id='word_1_284' title='bbox 825 3125 928 3165; x_wconf 78' lang='lat' dir='ltr'><em>nostri</em></span> <span class='ocrx_word' id='word_1_285' title='bbox 947 3125 1040 3161; x_wconf 66' lang='lat' dir='ltr'><em>dieta</em></span> <span class='ocrx_word' id='word_1_286' title='bbox 1058 3125 1227 3161; x_wconf 83' lang='lat' dir='ltr'><em>dicebant.</em></span> <span class='ocrx_word' id='word_1_287' title='bbox 1240 3126 1329 3172; x_wconf 85' lang='lat' dir='ltr'><em>testis</em></span> 
     </span>
     <span class='ocr_line' id='line_1_52' title="bbox 287 3174 1328 3225; baseline 0 -12"><span class='ocrx_word' id='word_1_288' title='bbox 287 3176 380 3213; x_wconf 75' lang='lat' dir='ltr'><em>idem</em></span> <span class='ocrx_word' id='word_1_289' title='bbox 400 3176 536 3220; x_wconf 76' lang='lat' dir='ltr'><em>Cicero,</em></span> <span class='ocrx_word' id='word_1_290' title='bbox 565 3176 677 3225; x_wconf 77' lang='lat' dir='ltr'><em>quiin</em></span> <span class='ocrx_word' id='word_1_291' title='bbox 699 3174 782 3211; x_wconf 82' lang='lat' dir='ltr'><em>libro</em></span> <span class='ocrx_word' id='word_1_292' title='bbox 810 3175 1036 3224; x_wconf 78' lang='lat' dir='ltr'><em>Epistolarum</em></span> <span class='ocrx_word' id='word_1_293' title='bbox 1063 3176 1111 3211; x_wconf 89' lang='lat' dir='ltr'><em>ad</em></span> <span class='ocrx_word' id='word_1_294' title='bbox 1129 3176 1328 3213; x_wconf 79' lang='lat' dir='ltr'><em>Cornelmm</em></span> 
     </span>
    </p>
   </div>
   <div class='ocr_carea' id='block_1_16' title="bbox 288 3224 1339 3277">
    <p class='ocr_par' dir='ltr' id='par_1_18' title="bbox 288 3224 1339 3277">
     <span class='ocr_line' id='line_1_53' title="bbox 288 3224 1339 3277; baseline 0 -14"><span class='ocrx_word' id='word_1_295' title='bbox 288 3233 452 3275; x_wconf 85' lang='lat' dir='ltr'><em>Nepotem</em></span> <span class='ocrx_word' id='word_1_296' title='bbox 470 3226 614 3274; x_wconf 81' lang='lat' dir='ltr'><em>secundo</em></span> <span class='ocrx_word' id='word_1_297' title='bbox 633 3224 675 3272; x_wconf 76' lang='lat' dir='ltr'><em>fic</em></span> <span class='ocrx_word' id='word_1_298' title='bbox 692 3226 756 3264; x_wconf 87' lang='lat' dir='ltr'><em>ait.</em></span> <span class='ocrx_word' id='word_1_299' title='bbox 788 3232 905 3277; x_wconf 78' lang='lat' dir='ltr'><em>Itaque</em></span> <span class='ocrx_word' id='word_1_300' title='bbox 915 3225 1116 3274; x_wconf 81' lang='lat' dir='ltr'><em>nostriquae</em></span> <span class='ocrx_word' id='word_1_301' title='bbox 1128 3228 1263 3273; x_wconf 87' lang='lat' dir='ltr'><em>facete,</em></span> <span class='ocrx_word' id='word_1_302' title='bbox 1283 3238 1339 3267; x_wconf 40' lang='grc' dir='ltr'><em>ων</em></span> 
     </span>
    </p>
   </div>
   <div class='ocr_carea' id='block_1_17' title="bbox 288 3275 1327 3378">
    <p class='ocr_par' dir='ltr' id='par_1_19' title="bbox 288 3275 1327 3378">
     <span class='ocr_line' id='line_1_54' title="bbox 289 3275 1327 3326; baseline 0.003 -13"><span class='ocrx_word' id='word_1_303' title='bbox 289 3277 439 3313; x_wconf 84' lang='lat' dir='ltr'><em>breviter</em></span> <span class='ocrx_word' id='word_1_304' title='bbox 454 3305 463 3322; x_wconf 94' lang='lat'>,</span> <span class='ocrx_word' id='word_1_305' title='bbox 492 3288 534 3316; x_wconf 63' lang='grc'><em>6·</em></span> <span class='ocrx_word' id='word_1_306' title='bbox 553 3287 650 3313; x_wconf 80' lang='lat' dir='ltr'><em>acute</em></span> <span class='ocrx_word' id='word_1_307' title='bbox 669 3275 772 3314; x_wconf 78' lang='lat' dir='ltr'><em>locuti</em></span> <span class='ocrx_word' id='word_1_308' title='bbox 793 3277 947 3325; x_wconf 76' lang='lat' dir='ltr'><em>essemus,</em></span> <span class='ocrx_word' id='word_1_309' title='bbox 975 3289 1014 3313; x_wconf 85' lang='lat' dir='ltr'><em>ea</em></span> <span class='ocrx_word' id='word_1_310' title='bbox 1041 3277 1170 3326; x_wconf 85' lang='lat' dir='ltr'><em>proprio</em></span> <span class='ocrx_word' id='word_1_311' title='bbox 1190 3278 1327 3316; x_wconf 78' lang='lat' dir='ltr'><em>nomine</em></span> 
     </span>
     <span class='ocr_line' id='line_1_55' title="bbox 288 3327 1326 3378; baseline 0.004 -15"><span class='ocrx_word' id='word_1_312' title='bbox 288 3327 453 3378; x_wconf 73' lang='lat' dir='ltr'><em>appellari</em></span> <span class='ocrx_word' id='word_1_313' title='bbox 473 3328 565 3368; x_wconf 64' lang='lat' dir='ltr'><em>dieta</em></span> <span class='ocrx_word' id='word_1_314' title='bbox 587 3327 783 3368; x_wconf 82' lang='lat' dir='ltr'><em>voluerunt.</em></span> <span class='ocrx_word' id='word_1_315' title='bbox 810 3334 901 3367; x_wconf 83' lang='lat' dir='ltr'><em>Haec</em></span> <span class='ocrx_word' id='word_1_316' title='bbox 919 3329 1046 3369; x_wconf 79' lang='lat' dir='ltr'><em>Cicero.</em></span> <span class='ocrx_word' id='word_1_317' title='bbox 1091 3328 1228 3367; x_wconf 82' lang='lat' dir='ltr'><em>Novius</em></span> <span class='ocrx_word' id='word_1_318' title='bbox 1247 3343 1326 3371; x_wconf 79' lang='lat' dir='ltr'><em>vcro</em></span> 
     </span>
    </p>
   </div>
   <div class='ocr_carea' id='block_1_18' title="bbox 632 821 1640 898">
    <p class='ocr_par' dir='ltr' id='par_1_20' title="bbox 632 821 1640 898">
     <span class='ocr_line' id='line_1_56' title="bbox 632 821 1640 898; baseline -0.006 -17"><span class='ocrx_word' id='word_1_319' title='bbox 632 826 928 898; x_wconf 83' lang='lat' dir='ltr'><em>Sacrilegae</em></span> <span class='ocrx_word' id='word_1_320' title='bbox 954 824 1070 879; x_wconf 88' lang='lat' dir='ltr'><strong>telis</strong></span> <span class='ocrx_word' id='word_1_321' title='bbox 1098 839 1185 879; x_wconf 87' lang='lat' dir='ltr'><em>me</em></span> <span class='ocrx_word' id='word_1_322' title='bbox 1209 821 1415 895; x_wconf 63' lang='lat' dir='ltr'><em>petiere</em></span> <span class='ocrx_word' id='word_1_323' title='bbox 1439 835 1640 875; x_wconf 80' lang='lat' dir='ltr'><em>manus,</em></span> 
     </span>
    </p>
   </div>
   <div class='ocr_carea' id='block_1_19' title="bbox 2316 950 2437 1025">
    <p class='ocr_par' dir='ltr' id='par_1_21' title="bbox 2316 950 2437 1025">
     <span class='ocr_line' id='line_1_57' title="bbox 2316 950 2437 1025; baseline -0.025 -19"><span class='ocrx_word' id='word_1_324' title='bbox 2316 950 2437 1025; x_wconf 66' lang='lat' dir='ltr'><em>Ipsa·</em></span> 
     </span>
    </p>
   </div>
   <div class='ocr_carea' id='block_1_20' title="bbox 1371 1085 2466 1646">
    <p class='ocr_par' dir='ltr' id='par_1_22' title="bbox 1371 1085 2466 1646">
     <span class='ocr_line' id='line_1_58' title="bbox 1375 1085 2427 1136; baseline 0.006 -14"><span class='ocrx_word' id='word_1_325' title='bbox 1375 1085 1647 1136; x_wconf 82' lang='lat' dir='ltr'><em>Pomponiusque</em></span> <span class='ocrx_word' id='word_1_326' title='bbox 1672 1085 1762 1136; x_wconf 83' lang='lat' dir='ltr'><em>jocos</em></span> <span class='ocrx_word' id='word_1_327' title='bbox 1787 1098 1856 1124; x_wconf 83' lang='lat' dir='ltr'><em>non</em></span> <span class='ocrx_word' id='word_1_328' title='bbox 1877 1100 1957 1125; x_wconf 87' lang='lat' dir='ltr'><em>raro</em></span> <span class='ocrx_word' id='word_1_329' title='bbox 1978 1087 2072 1126; x_wconf 67' lang='lat' dir='ltr'><em>dieta</em></span> <span class='ocrx_word' id='word_1_330' title='bbox 2093 1087 2289 1127; x_wconf 79' lang='lat' dir='ltr'><em>nominant.</em></span> <span class='ocrx_word' id='word_1_331' title='bbox 2318 1089 2354 1127; x_wconf 84' lang='lat' dir='ltr'><em>Si</em></span> <span class='ocrx_word' id='word_1_332' title='bbox 2372 1095 2427 1128; x_wconf 54' lang='lat' dir='ltr'><em>era</em></span> 
     </span>
     <span class='ocr_line' id='line_1_59' title="bbox 1371 1137 2441 1190; baseline 0.007 -18"><span class='ocrx_word' id='word_1_333' title='bbox 1371 1150 1412 1185; x_wconf 83' lang='lat' dir='ltr'><em>go</em></span> <span class='ocrx_word' id='word_1_334' title='bbox 1431 1137 1582 1186; x_wconf 82' lang='lat' dir='ltr'><em>probatis</em></span> <span class='ocrx_word' id='word_1_335' title='bbox 1614 1138 1829 1182; x_wconf 82' lang='lat' dir='ltr'><em>inventum,</em></span> <span class='ocrx_word' id='word_1_336' title='bbox 1856 1138 1968 1188; x_wconf 79' lang='lat' dir='ltr'><em>agite,</em></span> <span class='ocrx_word' id='word_1_337' title='bbox 1997 1140 2086 1189; x_wconf 87' lang='lat' dir='ltr'><em>quod</em></span> <span class='ocrx_word' id='word_1_338' title='bbox 2113 1142 2234 1190; x_wconf 82' lang='lat' dir='ltr'><em>cuique</em></span> <span class='ocrx_word' id='word_1_339' title='bbox 2256 1141 2296 1178; x_wconf 81' lang='lat' dir='ltr'><em>de</em></span> <span class='ocrx_word' id='word_1_340' title='bbox 2325 1141 2441 1181; x_wconf 60' lang='lat' dir='ltr'><em>diffis-</em></span> 
     </span>
     <span class='ocr_line' id='line_1_60' title="bbox 1377 1187 2426 1238; baseline 0.008 -16"><span class='ocrx_word' id='word_1_341' title='bbox 1377 1187 1508 1224; x_wconf 83' lang='lat' dir='ltr'><em>talibus</em></span> <span class='ocrx_word' id='word_1_342' title='bbox 1526 1189 1564 1226; x_wconf 85' lang='lat' dir='ltr'><em>in</em></span> <span class='ocrx_word' id='word_1_343' title='bbox 1575 1199 1726 1226; x_wconf 83' lang='lat' dir='ltr'><em>mentem</em></span> <span class='ocrx_word' id='word_1_344' title='bbox 1740 1189 1840 1227; x_wconf 83' lang='lat' dir='ltr'><em>venit</em></span> <span class='ocrx_word' id='word_1_345' title='bbox 1853 1216 1865 1233; x_wconf 89' lang='lat'>,</span> <span class='ocrx_word' id='word_1_346' title='bbox 1894 1188 2038 1238; x_wconf 77' lang='lat' dir='ltr'><em>vicissim</em></span> <span class='ocrx_word' id='word_1_347' title='bbox 2051 1192 2254 1228; x_wconf 80' lang='lat' dir='ltr'><em>memoriam</em></span> <span class='ocrx_word' id='word_1_348' title='bbox 2275 1192 2426 1238; x_wconf 86' lang='lat' dir='ltr'><em>nostram</em></span> 
     </span>
     <span class='ocr_line' id='line_1_61' title="bbox 1376 1238 2466 1292; baseline 0.007 -19"><span class='ocrx_word' id='word_1_349' title='bbox 1376 1238 1560 1276; x_wconf 82' lang='lat' dir='ltr'><em>excitando</em></span> <span class='ocrx_word' id='word_1_350' title='bbox 1581 1241 1784 1286; x_wconf 80' lang='lat' dir='ltr'><em>referamus.</em></span> <span class='ocrx_word' id='word_1_351' title='bbox 1816 1240 1965 1279; x_wconf 89' lang='lat' dir='ltr'>Deinde</span> <span class='ocrx_word' id='word_1_352' title='bbox 1987 1241 2212 1292; x_wconf 78' lang='lat' dir='ltr'><em>subjungitur</em></span> <span class='ocrx_word' id='word_1_353' title='bbox 2234 1251 2365 1292; x_wconf 87' lang='lat' dir='ltr'><strong>caput,</strong></span> <span class='ocrx_word' id='word_1_354' title='bbox 2387 1243 2466 1281; x_wconf 41' lang='lat' dir='ltr'><em>dev</em></span> 
     </span>
     <span class='ocr_line' id='line_1_62' title="bbox 1376 1287 2430 1342; baseline 0.009 -18"><span class='ocrx_word' id='word_1_355' title='bbox 1376 1287 1591 1337; x_wconf 82' lang='lat' dir='ltr'><em>diversorum</em></span> <span class='ocrx_word' id='word_1_356' title='bbox 1619 1291 1700 1338; x_wconf 79' lang='lat' dir='ltr'><em>jocis</em></span> <span class='ocrx_word' id='word_1_357' title='bbox 1729 1301 1835 1340; x_wconf 88' lang='lat' dir='ltr'><em>atque</em></span> <span class='ocrx_word' id='word_1_358' title='bbox 1853 1291 2014 1330; x_wconf 61' lang='lat' dir='ltr'><em>dicteriis.</em></span> <span class='ocrx_word' id='word_1_359' title='bbox 2057 1294 2106 1332; x_wconf 85' lang='lat' dir='ltr'><em>ita</em></span> <span class='ocrx_word' id='word_1_360' title='bbox 2132 1294 2252 1342; x_wconf 83' lang='lat' dir='ltr'><em>scripti</em></span> <span class='ocrx_word' id='word_1_361' title='bbox 2283 1294 2430 1333; x_wconf 83' lang='lat' dir='ltr'><em>codices</em></span> 
     </span>
     <span class='ocr_line' id='line_1_63' title="bbox 1377 1339 2428 1393; baseline 0.008 -17"><span class='ocrx_word' id='word_1_362' title='bbox 1377 1339 1613 1378; x_wconf 85' lang='lat' dir='ltr'><em>constanter:</em></span> <span class='ocrx_word' id='word_1_363' title='bbox 1653 1352 1737 1378; x_wconf 86' lang='lat' dir='ltr'><em>cum</em></span> <span class='ocrx_word' id='word_1_364' title='bbox 1770 1343 1807 1379; x_wconf 86' lang='lat' dir='ltr'><em>in</em></span> <span class='ocrx_word' id='word_1_365' title='bbox 1838 1342 2062 1382; x_wconf 83' lang='lat' dir='ltr'><em>editionibus</em></span> <span class='ocrx_word' id='word_1_366' title='bbox 2084 1344 2260 1393; x_wconf 85' lang='lat' dir='ltr'><strong>superiori</strong></span> <span class='ocrx_word' id='word_1_367' title='bbox 2284 1345 2428 1385; x_wconf 86' lang='lat' dir='ltr'><em>saeculo</em></span> 
     </span>
     <span class='ocr_line' id='line_1_64' title="bbox 1375 1389 2444 1446; baseline 0.007 -19"><span class='ocrx_word' id='word_1_368' title='bbox 1375 1389 1539 1439; x_wconf 83' lang='lat' dir='ltr'><em>procufis</em></span> <span class='ocrx_word' id='word_1_369' title='bbox 1566 1390 1712 1428; x_wconf 65' lang='lat' dir='ltr'><em>dieteria</em></span> <span class='ocrx_word' id='word_1_370' title='bbox 1731 1403 1798 1440; x_wconf 89' lang='lat' dir='ltr'><em>pro</em></span> <span class='ocrx_word' id='word_1_371' title='bbox 1820 1392 1920 1430; x_wconf 66' lang='lat' dir='ltr'><em>dinis</em></span> <span class='ocrx_word' id='word_1_372' title='bbox 1942 1395 2016 1432; x_wconf 90' lang='lat' dir='ltr'><em>hoc</em></span> <span class='ocrx_word' id='word_1_373' title='bbox 2038 1396 2221 1433; x_wconf 85' lang='lat' dir='ltr'><strong>Macrobii</strong></span> <span class='ocrx_word' id='word_1_374' title='bbox 2240 1395 2328 1434; x_wconf 88' lang='lat' dir='ltr'><strong>loco</strong></span> <span class='ocrx_word' id='word_1_375' title='bbox 2348 1396 2444 1446; x_wconf 70' lang='lat' dir='ltr'><strong>plus-</strong></span> 
     </span>
     <span class='ocr_line' id='line_1_65' title="bbox 1377 1439 2430 1490; baseline 0.008 -12"><span class='ocrx_word' id='word_1_376' title='bbox 1377 1441 1460 1478; x_wconf 79' lang='lat' dir='ltr'><em>vice</em></span> <span class='ocrx_word' id='word_1_377' title='bbox 1479 1440 1635 1490; x_wconf 85' lang='lat' dir='ltr'><em>fimplici</em></span> <span class='ocrx_word' id='word_1_378' title='bbox 1655 1439 1768 1480; x_wconf 81' lang='lat' dir='ltr'><em>effent</em></span> <span class='ocrx_word' id='word_1_379' title='bbox 1787 1443 1980 1482; x_wconf 82' lang='lat' dir='ltr'><em>inculcata.</em></span> <span class='ocrx_word' id='word_1_380' title='bbox 2007 1456 2204 1484; x_wconf 84' lang='lat' dir='ltr'><em>occurrunt</em></span> <span class='ocrx_word' id='word_1_381' title='bbox 2224 1447 2262 1484; x_wconf 66' lang='grc' dir='ltr'>δί</span> <span class='ocrx_word' id='word_1_382' title='bbox 2283 1448 2347 1486; x_wconf 89' lang='lat' dir='ltr'><strong>illo</strong></span> <span class='ocrx_word' id='word_1_383' title='bbox 2370 1459 2430 1486; x_wconf 86' lang='lat' dir='ltr'><em>ca·</em></span> 
     </span>
     <span class='ocr_line' id='line_1_66' title="bbox 1375 1492 2439 1546; baseline 0.008 -16"><span class='ocrx_word' id='word_1_384' title='bbox 1375 1492 1452 1542; x_wconf 83' lang='lat' dir='ltr'><em>pite</em></span> <span class='ocrx_word' id='word_1_385' title='bbox 1473 1492 1568 1530; x_wconf 59' lang='lat' dir='ltr'><em>diua</em></span> <span class='ocrx_word' id='word_1_386' title='bbox 1588 1493 1658 1530; x_wconf 82' lang='lat' dir='ltr'><em>hae</em></span> <span class='ocrx_word' id='word_1_387' title='bbox 1685 1492 1951 1542; x_wconf 79' lang='lat' dir='ltr'><em>fignificatione</em></span> <span class='ocrx_word' id='word_1_388' title='bbox 1966 1507 2044 1533; x_wconf 83' lang='lat' dir='ltr'><em>non</em></span> <span class='ocrx_word' id='word_1_389' title='bbox 2068 1495 2189 1535; x_wconf 83' lang='lat' dir='ltr'><em>semel.</em></span> <span class='ocrx_word' id='word_1_390' title='bbox 2217 1498 2313 1546; x_wconf 82' lang='lat' dir='ltr'><em>apud</em></span> <span class='ocrx_word' id='word_1_391' title='bbox 2334 1498 2439 1538; x_wconf 82' lang='lat' dir='ltr'><strong>Scri--</strong></span> 
     </span>
     <span class='ocr_line' id='line_1_67' title="bbox 1376 1545 2434 1596; baseline 0.008 -16"><span class='ocrx_word' id='word_1_392' title='bbox 1376 1552 1500 1592; x_wconf 83' lang='lat' dir='ltr'><em>ptores</em></span> <span class='ocrx_word' id='word_1_393' title='bbox 1521 1552 1618 1582; x_wconf 80' lang='lat' dir='ltr'><em>certe</em></span> <span class='ocrx_word' id='word_1_394' title='bbox 1631 1545 1801 1595; x_wconf 85' lang='lat' dir='ltr'><em>antiquos</em></span> <span class='ocrx_word' id='word_1_395' title='bbox 1819 1546 2031 1596; x_wconf 83' lang='lat' dir='ltr'><em>frequenter</em></span> <span class='ocrx_word' id='word_1_396' title='bbox 2051 1546 2217 1586; x_wconf 79' lang='lat' dir='ltr'><em>offendas</em></span> <span class='ocrx_word' id='word_1_397' title='bbox 2235 1548 2311 1588; x_wconf 85' lang='lat' dir='ltr'><em>fieri</em></span> <span class='ocrx_word' id='word_1_398' title='bbox 2325 1561 2434 1589; x_wconf 88' lang='lat' dir='ltr'><em>men·</em></span> 
     </span>
     <span class='ocr_line' id='line_1_68' title="bbox 1376 1594 2432 1646; baseline 0.007 -14"><span class='ocrx_word' id='word_1_399' title='bbox 1376 1594 1520 1633; x_wconf 79' lang='lat' dir='ltr'><em>tionem</em></span> <span class='ocrx_word' id='word_1_400' title='bbox 1548 1595 1720 1633; x_wconf 63' lang='lat' dir='ltr'><em>dictorum</em></span> <span class='ocrx_word' id='word_1_401' title='bbox 1736 1597 1950 1646; x_wconf 83' lang='lat' dir='ltr'><em>jocosorum‚</em></span> <span class='ocrx_word' id='word_1_402' title='bbox 1978 1597 2150 1636; x_wconf 66' lang='lat' dir='ltr'><em>dictorum</em></span> <span class='ocrx_word' id='word_1_403' title='bbox 2182 1598 2432 1646; x_wconf 81' lang='lat' dir='ltr'><em>ridiculorum,</em></span> 
     </span>
    </p>
   </div>
   <div class='ocr_carea' id='block_1_21' title="bbox 1370 1646 2431 1699">
    <p class='ocr_par' dir='ltr' id='par_1_23' title="bbox 1370 1646 2431 1699">
     <span class='ocr_line' id='line_1_69' title="bbox 1370 1646 2431 1699; baseline 0.007 -17"><span class='ocrx_word' id='word_1_404' title='bbox 1370 1646 1591 1695; x_wconf 85' lang='lat' dir='ltr'><em>procacium,</em></span> <span class='ocrx_word' id='word_1_405' title='bbox 1618 1647 1811 1685; x_wconf 79' lang='lat' dir='ltr'><em>vernilium</em></span> <span class='ocrx_word' id='word_1_406' title='bbox 1827 1676 1838 1694; x_wconf 93' lang='lat'><strong>,</strong></span> <span class='ocrx_word' id='word_1_407' title='bbox 1863 1662 2070 1686; x_wconf 88' lang='lat' dir='ltr'><em>amarorum</em></span> <span class='ocrx_word' id='word_1_408' title='bbox 2098 1649 2362 1699; x_wconf 69' lang='lat' dir='ltr'><em>fialfhrumque,</em></span> <span class='ocrx_word' id='word_1_409' title='bbox 2391 1652 2431 1690; x_wconf 84' lang='lat'>&amp;</span> 
     </span>
    </p>
   </div>
   <div class='ocr_carea' id='block_1_22' title="bbox 1376 1696 2449 1853">
    <p class='ocr_par' dir='ltr' id='par_1_24' title="bbox 1376 1696 2449 1853">
     <span class='ocr_line' id='line_1_70' title="bbox 1376 1696 2447 1750; baseline 0.006 -16"><span class='ocrx_word' id='word_1_410' title='bbox 1376 1696 1413 1733; x_wconf 89' lang='lat' dir='ltr'><em>id</em></span> <span class='ocrx_word' id='word_1_411' title='bbox 1435 1708 1549 1746; x_wconf 88' lang='lat' dir='ltr'><em>genus</em></span> <span class='ocrx_word' id='word_1_412' title='bbox 1577 1697 1657 1735; x_wconf 83' lang='lat' dir='ltr'><strong>alia.</strong></span> <span class='ocrx_word' id='word_1_413' title='bbox 1684 1697 1779 1736; x_wconf 69' lang='lat' dir='ltr'><em>dieta</em></span> <span class='ocrx_word' id='word_1_414' title='bbox 1804 1698 1980 1747; x_wconf 86' lang='lat' dir='ltr'><em>jocularia</em></span> <span class='ocrx_word' id='word_1_415' title='bbox 2010 1700 2120 1738; x_wconf 86' lang='lat' dir='ltr'><em>habes</em></span> <span class='ocrx_word' id='word_1_416' title='bbox 2149 1701 2245 1750; x_wconf 86' lang='lat' dir='ltr'><em>apud</em></span> <span class='ocrx_word' id='word_1_417' title='bbox 2274 1701 2447 1740; x_wconf 65' lang='lat' dir='ltr'><em>Lastan·</em></span> 
     </span>
     <span class='ocr_line' id='line_1_71' title="bbox 1376 1747 2449 1802; baseline 0.006 -17"><span class='ocrx_word' id='word_1_418' title='bbox 1376 1747 1470 1786; x_wconf 86' lang='lat' dir='ltr'><em>tium</em></span> <span class='ocrx_word' id='word_1_419' title='bbox 1490 1748 1554 1787; x_wconf 89' lang='lat' dir='ltr'><strong>lib.</strong></span> <span class='ocrx_word' id='word_1_420' title='bbox 1576 1761 1622 1787; x_wconf 86' lang='lat'><em>11.</em></span> <span class='ocrx_word' id='word_1_421' title='bbox 1644 1759 1723 1798; x_wconf 84' lang='lat' dir='ltr'><em>cap.</em></span> <span class='ocrx_word' id='word_1_422' title='bbox 1743 1761 1778 1795; x_wconf 79' lang='lat'><em>4.</em></span> <span class='ocrx_word' id='word_1_423' title='bbox 1800 1750 1970 1789; x_wconf 80' lang='lat' dir='ltr'><strong>Divinar.</strong></span> <span class='ocrx_word' id='word_1_424' title='bbox 2002 1750 2157 1790; x_wconf 86' lang='lat' dir='ltr'><strong>Institut.</strong></span> <span class='ocrx_word' id='word_1_425' title='bbox 2178 1751 2224 1789; x_wconf 91' lang='lat' dir='ltr'><em>de</em></span> <span class='ocrx_word' id='word_1_426' title='bbox 2244 1751 2449 1802; x_wconf 77' lang='lat' dir='ltr'><em>Dionyfio</em></span> 
     </span>
     <span class='ocr_line' id='line_1_72' title="bbox 1376 1799 2435 1853; baseline 0.004 -17"><span class='ocrx_word' id='word_1_427' title='bbox 1376 1806 1536 1847; x_wconf 79' lang='lat' dir='ltr'><em>tyranno</em></span> <span class='ocrx_word' id='word_1_428' title='bbox 1549 1827 1560 1844; x_wconf 91' lang='lat'>‚</span> <span class='ocrx_word' id='word_1_429' title='bbox 1589 1799 1773 1849; x_wconf 73' lang='lat' dir='ltr'><em>sacrilegia</em></span> <span class='ocrx_word' id='word_1_430' title='bbox 1784 1805 1855 1849; x_wconf 86' lang='lat' dir='ltr'><em>sua</em></span> <span class='ocrx_word' id='word_1_431' title='bbox 1872 1801 1980 1839; x_wconf 86' lang='lat' dir='ltr'><em>etiam</em></span> <span class='ocrx_word' id='word_1_432' title='bbox 2001 1801 2103 1840; x_wconf 64' lang='lat' dir='ltr'><em>dietis</em></span> <span class='ocrx_word' id='word_1_433' title='bbox 2119 1801 2336 1851; x_wconf 74' lang='lat' dir='ltr'><em>jocularibus</em></span> <span class='ocrx_word' id='word_1_434' title='bbox 2354 1812 2435 1853; x_wconf 86' lang='lat' dir='ltr'><em>pro-</em></span> 
     </span>
    </p>
   </div>
   <div class='ocr_carea' id='block_1_23' title="bbox 1369 1849 2433 1902">
    <p class='ocr_par' dir='ltr' id='par_1_25' title="bbox 1369 1849 2433 1902">
     <span class='ocr_line' id='line_1_73' title="bbox 1369 1849 2433 1902; baseline 0.008 -16"><span class='ocrx_word' id='word_1_435' title='bbox 1369 1849 1591 1899; x_wconf 84' lang='lat' dir='ltr'><em>sequebatur.</em></span> <span class='ocrx_word' id='word_1_436' title='bbox 1618 1851 1727 1889; x_wconf 83' lang='lat' dir='ltr'><em>dicere</em></span> <span class='ocrx_word' id='word_1_437' title='bbox 1747 1852 1860 1890; x_wconf 78' lang='lat' dir='ltr'><em>etiam</em></span> <span class='ocrx_word' id='word_1_438' title='bbox 1890 1864 1958 1901; x_wconf 88' lang='lat' dir='ltr'><em>pro</em></span> <span class='ocrx_word' id='word_1_439' title='bbox 1973 1852 2094 1901; x_wconf 84' lang='lat' dir='ltr'><strong>jocari</strong></span> <span class='ocrx_word' id='word_1_440' title='bbox 2121 1853 2169 1891; x_wconf 87' lang='lat' dir='ltr'><em>est</em></span> <span class='ocrx_word' id='word_1_441' title='bbox 2187 1853 2252 1891; x_wconf 88' lang='lat' dir='ltr'><em>ubi</em></span> <span class='ocrx_word' id='word_1_442' title='bbox 2270 1853 2433 1902; x_wconf 80' lang='lat' dir='ltr'><em>positum</em></span> 
     </span>
    </p>
   </div>
   <div class='ocr_carea' id='block_1_24' title="bbox 1372 1899 2452 3435">
    <p class='ocr_par' dir='ltr' id='par_1_26' title="bbox 1372 1899 2452 3435">
     <span class='ocr_line' id='line_1_74' title="bbox 1377 1899 2432 1949; baseline 0.004 -10"><span class='ocrx_word' id='word_1_443' title='bbox 1377 1899 1556 1940; x_wconf 84' lang='lat' dir='ltr'><em>offendas.</em></span> <span class='ocrx_word' id='word_1_444' title='bbox 1591 1901 1690 1940; x_wconf 90' lang='lat' dir='ltr'><em>unde</em></span> <span class='ocrx_word' id='word_1_445' title='bbox 1721 1902 1810 1942; x_wconf 90' lang='lat' dir='ltr'><strong>illud</strong></span> <span class='ocrx_word' id='word_1_446' title='bbox 1840 1903 2019 1942; x_wconf 83' lang='lat' dir='ltr'><strong>Martialis</strong></span> <span class='ocrx_word' id='word_1_447' title='bbox 2042 1932 2053 1949; x_wconf 93' lang='lat'><strong>,</strong></span> <span class='ocrx_word' id='word_1_448' title='bbox 2092 1904 2248 1942; x_wconf 70' lang='lat' dir='ltr'><em>Dio&#39;t&#39;eria</em></span> <span class='ocrx_word' id='word_1_449' title='bbox 2279 1904 2365 1942; x_wconf 84' lang='lat' dir='ltr'><em>dicis</em></span> <span class='ocrx_word' id='word_1_450' title='bbox 2393 1906 2432 1943; x_wconf 83' lang='lat' dir='ltr'><em>in</em></span> 
     </span>
     <span class='ocr_line' id='line_1_75' title="bbox 1377 1953 2433 2000; baseline 0.007 -12"><span class='ocrx_word' id='word_1_451' title='bbox 1377 1965 1502 1990; x_wconf 81' lang='lat' dir='ltr'><em>omnes.</em></span> <span class='ocrx_word' id='word_1_452' title='bbox 1526 1953 1649 2000; x_wconf 84' lang='lat' dir='ltr'><em>probra</em></span> <span class='ocrx_word' id='word_1_453' title='bbox 1672 1953 1781 1991; x_wconf 79' lang='lat' dir='ltr'><em>dicere</em></span> <span class='ocrx_word' id='word_1_454' title='bbox 1811 1955 1922 1993; x_wconf 86' lang='lat' dir='ltr'><em>etiam</em></span> <span class='ocrx_word' id='word_1_455' title='bbox 1954 1955 2052 1994; x_wconf 89' lang='lat' dir='ltr'><em>haud</em></span> <span class='ocrx_word' id='word_1_456' title='bbox 2082 1967 2164 1994; x_wconf 85' lang='lat' dir='ltr'><em>raro</em></span> <span class='ocrx_word' id='word_1_457' title='bbox 2195 1957 2367 1995; x_wconf 90' lang='lat' dir='ltr'><strong>occurrit.</strong></span> <span class='ocrx_word' id='word_1_458' title='bbox 2391 1965 2433 1996; x_wconf 88' lang='lat' dir='ltr'><em>ut</em></span> 
     </span>
     <span class='ocr_line' id='line_1_76' title="bbox 1377 2003 2436 2058; baseline 0.004 -17"><span class='ocrx_word' id='word_1_459' title='bbox 1377 2003 1473 2052; x_wconf 85' lang='lat' dir='ltr'><em>apud</em></span> <span class='ocrx_word' id='word_1_460' title='bbox 1496 2003 1671 2042; x_wconf 88' lang='lat' dir='ltr'><em>Nostrum</em></span> <span class='ocrx_word' id='word_1_461' title='bbox 1691 2016 1756 2042; x_wconf 88' lang='lat'>111.</span> <span class='ocrx_word' id='word_1_462' title='bbox 1783 2005 1863 2044; x_wconf 85' lang='lat' dir='ltr'><strong>Art.</strong></span> <span class='ocrx_word' id='word_1_463' title='bbox 1873 2018 1933 2054; x_wconf 83' lang='lat'><em>49.</em></span> <span class='ocrx_word' id='word_1_464' title='bbox 1960 2006 2092 2043; x_wconf 81' lang='lat' dir='ltr'><em>Probra</em></span> <span class='ocrx_word' id='word_1_465' title='bbox 2113 2006 2353 2056; x_wconf 82' lang='lat' dir='ltr'><em>Therapnaeae</em></span> <span class='ocrx_word' id='word_1_466' title='bbox 2373 2007 2436 2058; x_wconf 75' lang='lat' dir='ltr'><em>qui</em></span> 
     </span>
     <span class='ocr_line' id='line_1_77' title="bbox 1378 2054 2452 2106; baseline 0.005 -16"><span class='ocrx_word' id='word_1_467' title='bbox 1378 2054 1517 2091; x_wconf 83' lang='lat' dir='ltr'><em>dixerat</em></span> <span class='ocrx_word' id='word_1_468' title='bbox 1537 2066 1621 2091; x_wconf 85' lang='lat' dir='ltr'><em>ante</em></span> <span class='ocrx_word' id='word_1_469' title='bbox 1637 2055 1799 2094; x_wconf 83' lang='lat' dir='ltr'><em>maritae.</em></span> <span class='ocrx_word' id='word_1_470' title='bbox 1833 2056 2015 2106; x_wconf 84' lang='lat' dir='ltr'><em>Apulejus</em></span> <span class='ocrx_word' id='word_1_471' title='bbox 2035 2057 2156 2105; x_wconf 86' lang='lat' dir='ltr'><em>primo</em></span> <span class='ocrx_word' id='word_1_472' title='bbox 2177 2057 2406 2096; x_wconf 75' lang='lat' dir='ltr'><em>Milesiarum</em></span> <span class='ocrx_word' id='word_1_473' title='bbox 2419 2085 2432 2104; x_wconf 78' lang='lat'><em>‚</em></span> <span class='ocrx_word' id='word_1_474' title='bbox 2449 2092 2452 2095; x_wconf 19' lang='grc' dir='ltr'><strong>Α</strong></span> 
     </span>
     <span class='ocr_line' id='line_1_78' title="bbox 1378 2104 2433 2156; baseline 0.005 -16"><span class='ocrx_word' id='word_1_475' title='bbox 1378 2104 1512 2142; x_wconf 86' lang='lat' dir='ltr'><em>Eadem</em></span> <span class='ocrx_word' id='word_1_476' title='bbox 1531 2106 1700 2143; x_wconf 84' lang='lat' dir='ltr'><em>amatoris</em></span> <span class='ocrx_word' id='word_1_477' title='bbox 1714 2107 1775 2153; x_wconf 85' lang='lat' dir='ltr'><em>sui</em></span> <span class='ocrx_word' id='word_1_478' title='bbox 1796 2119 1938 2144; x_wconf 82' lang='lat' dir='ltr'><em>uxorem</em></span> <span class='ocrx_word' id='word_1_479' title='bbox 1952 2135 1964 2152; x_wconf 93' lang='lat'><strong>,</strong></span> <span class='ocrx_word' id='word_1_480' title='bbox 1992 2107 2084 2156; x_wconf 88' lang='lat' dir='ltr'><em>quod</em></span> <span class='ocrx_word' id='word_1_481' title='bbox 2100 2107 2253 2146; x_wconf 85' lang='lat' dir='ltr'><em>dicacule</em></span> <span class='ocrx_word' id='word_1_482' title='bbox 2269 2108 2308 2145; x_wconf 84' lang='lat' dir='ltr'><em>in</em></span> <span class='ocrx_word' id='word_1_483' title='bbox 2328 2108 2433 2145; x_wconf 82' lang='lat' dir='ltr'><em>illam</em></span> 
     </span>
     <span class='ocr_line' id='line_1_79' title="bbox 1373 2154 2450 2207; baseline 0.006 -16"><span class='ocrx_word' id='word_1_484' title='bbox 1373 2154 1499 2205; x_wconf 89' lang='lat' dir='ltr'><em>probra</em></span> <span class='ocrx_word' id='word_1_485' title='bbox 1517 2155 1677 2200; x_wconf 79' lang='lat' dir='ltr'><em>dixerat,</em></span> <span class='ocrx_word' id='word_1_486' title='bbox 1702 2165 1862 2206; x_wconf 83' lang='lat' dir='ltr'><em>perpetua</em></span> <span class='ocrx_word' id='word_1_487' title='bbox 1877 2158 2122 2207; x_wconf 84' lang='lat' dir='ltr'><em>praegnatione</em></span> <span class='ocrx_word' id='word_1_488' title='bbox 2149 2157 2352 2197; x_wconf 80' lang='lat' dir='ltr'><em>damnavit.</em></span> <span class='ocrx_word' id='word_1_489' title='bbox 2379 2159 2450 2197; x_wconf 71' lang='lat' dir='ltr'><em>di·</em></span> 
     </span>
     <span class='ocr_line' id='line_1_80' title="bbox 1379 2205 2432 2259; baseline 0.004 -16"><span class='ocrx_word' id='word_1_490' title='bbox 1379 2218 1449 2243; x_wconf 87' lang='lat' dir='ltr'><em>cere</em></span> <span class='ocrx_word' id='word_1_491' title='bbox 1460 2206 1550 2255; x_wconf 86' lang='lat' dir='ltr'><em>jocos</em></span> <span class='ocrx_word' id='word_1_492' title='bbox 1565 2205 1662 2255; x_wconf 85' lang='lat' dir='ltr'><em>apud</em></span> <span class='ocrx_word' id='word_1_493' title='bbox 1682 2207 1731 2245; x_wconf 88' lang='lat' dir='ltr'><em>A.</em></span> <span class='ocrx_word' id='word_1_494' title='bbox 1753 2207 1920 2245; x_wconf 83' lang='lat' dir='ltr'><em>Gellium</em></span> <span class='ocrx_word' id='word_1_495' title='bbox 1941 2208 2002 2246; x_wconf 87' lang='lat' dir='ltr'><strong>lib.</strong></span> <span class='ocrx_word' id='word_1_496' title='bbox 2032 2220 2088 2246; x_wconf 85' lang='lat' dir='ltr'><em>xv.</em></span> <span class='ocrx_word' id='word_1_497' title='bbox 2107 2220 2185 2258; x_wconf 87' lang='lat' dir='ltr'><em>cap.</em></span> <span class='ocrx_word' id='word_1_498' title='bbox 2204 2221 2265 2246; x_wconf 87' lang='lat'><em>20.</em></span> <span class='ocrx_word' id='word_1_499' title='bbox 2304 2212 2432 2259; x_wconf 73' lang='lat' dir='ltr'><em>Cenftr</em></span> 
     </span>
     <span class='ocr_line' id='line_1_81' title="bbox 1379 2257 2434 2307; baseline 0.005 -14"><span class='ocrx_word' id='word_1_500' title='bbox 1379 2269 1480 2303; x_wconf 87' lang='lat' dir='ltr'><em>eum,</em></span> <span class='ocrx_word' id='word_1_501' title='bbox 1508 2257 1602 2307; x_wconf 67' lang='lat' dir='ltr'><em>quod</em></span> <span class='ocrx_word' id='word_1_502' title='bbox 1618 2257 1852 2307; x_wconf 82' lang='lat' dir='ltr'><em>intempestive</em></span> <span class='ocrx_word' id='word_1_503' title='bbox 1876 2258 2058 2307; x_wconf 77' lang='lat' dir='ltr'><em>lasciviffet</em></span> <span class='ocrx_word' id='word_1_504' title='bbox 2071 2286 2082 2304; x_wconf 91' lang='lat'><strong>,</strong></span> <span class='ocrx_word' id='word_1_505' title='bbox 2109 2259 2148 2296; x_wconf 84' lang='lat' dir='ltr'><em>in</em></span> <span class='ocrx_word' id='word_1_506' title='bbox 2167 2259 2319 2297; x_wconf 80' lang='lat' dir='ltr'><em>aerarios</em></span> <span class='ocrx_word' id='word_1_507' title='bbox 2339 2271 2434 2298; x_wconf 83' lang='lat' dir='ltr'><em>retu-</em></span> 
     </span>
     <span class='ocr_line' id='line_1_82' title="bbox 1381 2307 2433 2361; baseline 0.004 -17"><span class='ocrx_word' id='word_1_508' title='bbox 1381 2307 1448 2352; x_wconf 86' lang='lat' dir='ltr'><em>lit,</em></span> <span class='ocrx_word' id='word_1_509' title='bbox 1477 2308 1683 2356; x_wconf 86' lang='lat' dir='ltr'><em>causamque</em></span> <span class='ocrx_word' id='word_1_510' title='bbox 1703 2309 1792 2357; x_wconf 84' lang='lat' dir='ltr'><em>sane</em></span> <span class='ocrx_word' id='word_1_511' title='bbox 1813 2308 1882 2357; x_wconf 84' lang='lat' dir='ltr'><em>joci</em></span> <span class='ocrx_word' id='word_1_512' title='bbox 1901 2308 2063 2357; x_wconf 85' lang='lat' dir='ltr'><em>scurrilis</em></span> <span class='ocrx_word' id='word_1_513' title='bbox 2089 2310 2182 2360; x_wconf 90' lang='lat' dir='ltr'><em>apud</em></span> <span class='ocrx_word' id='word_1_514' title='bbox 2197 2310 2331 2358; x_wconf 70' lang='lat' dir='ltr'><em>sedic&#39;ti</em></span> <span class='ocrx_word' id='word_1_515' title='bbox 2346 2311 2433 2361; x_wconf 80' lang='lat' dir='ltr'><em>sub-</em></span> 
     </span>
     <span class='ocr_line' id='line_1_83' title="bbox 1372 2357 2450 2408; baseline 0.006 -13"><span class='ocrx_word' id='word_1_516' title='bbox 1372 2357 1519 2408; x_wconf 81' lang='lat' dir='ltr'><em>scripsst.</em></span> <span class='ocrx_word' id='word_1_517' title='bbox 1545 2370 1616 2397; x_wconf 89' lang='lat' dir='ltr'><em>nec</em></span> <span class='ocrx_word' id='word_1_518' title='bbox 1635 2359 1737 2397; x_wconf 84' lang='lat' dir='ltr'><em>aliter</em></span> <span class='ocrx_word' id='word_1_519' title='bbox 1758 2359 1800 2396; x_wconf 71' lang='grc' dir='ltr'><em>’τὸ</em></span> <span class='ocrx_word' id='word_1_520' title='bbox 1829 2359 1964 2396; x_wconf 55' lang='lat' dir='ltr'><em>dic-‘tum</em></span> <span class='ocrx_word' id='word_1_521' title='bbox 1982 2361 2020 2398; x_wconf 90' lang='lat' dir='ltr'><em>in</em></span> <span class='ocrx_word' id='word_1_522' title='bbox 2038 2360 2102 2398; x_wconf 89' lang='lat' dir='ltr'><strong>illo</strong></span> <span class='ocrx_word' id='word_1_523' title='bbox 2125 2361 2360 2401; x_wconf 83' lang='lat' dir='ltr'><em>Columellae</em></span> <span class='ocrx_word' id='word_1_524' title='bbox 2376 2363 2450 2402; x_wconf 73' lang='grc' dir='ltr'><em>10--Δ</em></span> 
     </span>
     <span class='ocr_line' id='line_1_84' title="bbox 1385 2409 2452 2459; baseline 0.006 -12"><span class='ocrx_word' id='word_1_525' title='bbox 1385 2421 1432 2447; x_wconf 91' lang='lat' dir='ltr'><em>co</em></span> <span class='ocrx_word' id='word_1_526' title='bbox 1461 2409 1682 2459; x_wconf 88' lang='lat' dir='ltr'><em>capiendum</em></span> <span class='ocrx_word' id='word_1_527' title='bbox 1709 2410 1771 2449; x_wconf 91' lang='lat' dir='ltr'><strong>lib.</strong></span> <span class='ocrx_word' id='word_1_528' title='bbox 1804 2421 1900 2450; x_wconf 82' lang='lat' dir='ltr'><em>vm.</em></span> <span class='ocrx_word' id='word_1_529' title='bbox 1930 2422 2008 2459; x_wconf 88' lang='lat' dir='ltr'><em>cap.</em></span> <span class='ocrx_word' id='word_1_530' title='bbox 2041 2412 2099 2452; x_wconf 81' lang='lat'><em>16.</em></span> <span class='ocrx_word' id='word_1_531' title='bbox 2128 2413 2182 2451; x_wconf 88' lang='lat' dir='ltr'><em>uti</em></span> <span class='ocrx_word' id='word_1_532' title='bbox 2211 2424 2257 2450; x_wconf 85' lang='lat' dir='ltr'><em>ex</em></span> <span class='ocrx_word' id='word_1_533' title='bbox 2287 2414 2452 2452; x_wconf 81' lang='lat' dir='ltr'><em>vetustis-</em></span> 
     </span>
     <span class='ocr_line' id='line_1_85' title="bbox 1381 2459 2434 2515; baseline 0.004 -17"><span class='ocrx_word' id='word_1_534' title='bbox 1381 2460 1602 2498; x_wconf 83' lang='lat' dir='ltr'><em>membranis</em></span> <span class='ocrx_word' id='word_1_535' title='bbox 1614 2459 1836 2511; x_wconf 82' lang='lat' dir='ltr'><em>castigandus</em></span> <span class='ocrx_word' id='word_1_536' title='bbox 1849 2461 1920 2499; x_wconf 87' lang='lat' dir='ltr'><em>est:</em></span> <span class='ocrx_word' id='word_1_537' title='bbox 1947 2467 2037 2498; x_wconf 81' lang='lat' dir='ltr'><em>Mox</em></span> <span class='ocrx_word' id='word_1_538' title='bbox 2046 2461 2148 2509; x_wconf 75' lang='lat' dir='ltr'><em>iflasn</em></span> <span class='ocrx_word' id='word_1_539' title='bbox 2157 2476 2278 2500; x_wconf 85' lang='lat' dir='ltr'><em>curam</em></span> <span class='ocrx_word' id='word_1_540' title='bbox 2287 2466 2434 2515; x_wconf 86' lang='lat' dir='ltr'><em>sequens</em></span> 
     </span>
     <span class='ocr_line' id='line_1_86' title="bbox 1381 2511 2432 2564; baseline 0.006 -17"><span class='ocrx_word' id='word_1_541' title='bbox 1381 2520 1478 2548; x_wconf 88' lang='lat' dir='ltr'><em>aetas</em></span> <span class='ocrx_word' id='word_1_542' title='bbox 1504 2511 1658 2548; x_wconf 77' lang='lat' dir='ltr'><em>abolevit</em></span> <span class='ocrx_word' id='word_1_543' title='bbox 1676 2539 1687 2557; x_wconf 93' lang='lat'><strong>,</strong></span> <span class='ocrx_word' id='word_1_544' title='bbox 1729 2524 1773 2551; x_wconf 62' lang='grc' dir='ltr'><em>(φ’</em></span> <span class='ocrx_word' id='word_1_545' title='bbox 1799 2511 1963 2549; x_wconf 81' lang='lat' dir='ltr'><em>lautitiae</em></span> <span class='ocrx_word' id='word_1_546' title='bbox 1987 2511 2191 2563; x_wconf 87' lang='lat' dir='ltr'><em>locupletum</em></span> <span class='ocrx_word' id='word_1_547' title='bbox 2218 2515 2334 2552; x_wconf 86' lang='lat' dir='ltr'><em>maria</em></span> <span class='ocrx_word' id='word_1_548' title='bbox 2360 2516 2432 2564; x_wconf 67' lang='lat' dir='ltr'><em>ipfiz</em></span> 
     </span>
     <span class='ocr_line' id='line_1_87' title="bbox 1382 2561 2434 2611; baseline 0.005 -14"><span class='ocrx_word' id='word_1_549' title='bbox 1382 2567 1653 2611; x_wconf 86' lang='lat' dir='ltr'><em>Neptunumque</em></span> <span class='ocrx_word' id='word_1_550' title='bbox 1671 2561 1868 2610; x_wconf 82' lang='lat' dir='ltr'><em>clauserunt</em></span> <span class='ocrx_word' id='word_1_551' title='bbox 1891 2590 1901 2608; x_wconf 97' lang='lat'>,</span> <span class='ocrx_word' id='word_1_552' title='bbox 1920 2563 2002 2611; x_wconf 87' lang='lat' dir='ltr'><em>jam</em></span> <span class='ocrx_word' id='word_1_553' title='bbox 2031 2573 2112 2601; x_wconf 86' lang='lat' dir='ltr'><em>tum</em></span> <span class='ocrx_word' id='word_1_554' title='bbox 2134 2577 2285 2602; x_wconf 84' lang='lat' dir='ltr'><em>avorum</em></span> <span class='ocrx_word' id='word_1_555' title='bbox 2304 2577 2434 2602; x_wconf 88' lang='lat' dir='ltr'><em>memo·</em></span> 
     </span>
     <span class='ocr_line' id='line_1_88' title="bbox 1382 2611 2434 2665; baseline 0.003 -16"><span class='ocrx_word' id='word_1_556' title='bbox 1382 2611 1436 2649; x_wconf 84' lang='lat' dir='ltr'><em>ria</em></span> <span class='ocrx_word' id='word_1_557' title='bbox 1458 2640 1468 2656; x_wconf 95' lang='lat'>,</span> <span class='ocrx_word' id='word_1_558' title='bbox 1505 2625 1582 2649; x_wconf 85' lang='lat' dir='ltr'><em>cum</em></span> <span class='ocrx_word' id='word_1_559' title='bbox 1611 2613 1892 2659; x_wconf 82' lang='lat' dir='ltr'><em>circumferretur</em></span> <span class='ocrx_word' id='word_1_560' title='bbox 1918 2614 2051 2651; x_wconf 84' lang='lat' dir='ltr'><em>Marcii</em></span> <span class='ocrx_word' id='word_1_561' title='bbox 2078 2614 2224 2665; x_wconf 75' lang='lat' dir='ltr'><em>Philippi</em></span> <span class='ocrx_word' id='word_1_562' title='bbox 2247 2613 2345 2651; x_wconf 84' lang='lat' dir='ltr'><em>velut</em></span> <span class='ocrx_word' id='word_1_563' title='bbox 2372 2628 2434 2652; x_wconf 86' lang='lat' dir='ltr'><em>ur-</em></span> 
     </span>
     <span class='ocr_line' id='line_1_89' title="bbox 1382 2660 2452 2714; baseline 0.006 -17"><span class='ocrx_word' id='word_1_564' title='bbox 1382 2660 1602 2708; x_wconf 79' lang='lat' dir='ltr'><em>baniffi&#39;mum</em></span> <span class='ocrx_word' id='word_1_565' title='bbox 1625 2691 1636 2707; x_wconf 92' lang='lat'>‚</span> <span class='ocrx_word' id='word_1_566' title='bbox 1675 2664 1767 2713; x_wconf 86' lang='lat' dir='ltr'><em>quod</em></span> <span class='ocrx_word' id='word_1_567' title='bbox 1793 2674 1868 2702; x_wconf 83' lang='lat' dir='ltr'><em>erat</em></span> <span class='ocrx_word' id='word_1_568' title='bbox 1896 2663 2304 2714; x_wconf 60' lang='lat' dir='ltr'><em>luxuriofiffimefablum</em></span> <span class='ocrx_word' id='word_1_569' title='bbox 2326 2676 2452 2713; x_wconf 73' lang='lat' dir='ltr'><em>atquev</em></span> 
     </span>
     <span class='ocr_line' id='line_1_90' title="bbox 1383 2711 2449 2765; baseline 0.007 -18"><span class='ocrx_word' id='word_1_570' title='bbox 1383 2711 1530 2750; x_wconf 56' lang='lat' dir='ltr'><em>dieram.</em></span> <span class='ocrx_word' id='word_1_571' title='bbox 1583 2719 1681 2750; x_wconf 87' lang='lat' dir='ltr'><em>Nam</em></span> <span class='ocrx_word' id='word_1_572' title='bbox 1712 2715 1742 2751; x_wconf 84' lang='lat' dir='ltr'><em>is</em></span> <span class='ocrx_word' id='word_1_573' title='bbox 1765 2716 1858 2759; x_wconf 79' lang='lat' dir='ltr'><em>forte</em></span> <span class='ocrx_word' id='word_1_574' title='bbox 1886 2714 2006 2765; x_wconf 82' lang='lat' dir='ltr'><em>Caſsm&#39;</em></span> <span class='ocrx_word' id='word_1_575' title='bbox 2035 2727 2114 2752; x_wconf 85' lang='lat' dir='ltr'><em>cum</em></span> <span class='ocrx_word' id='word_1_576' title='bbox 2140 2715 2232 2762; x_wconf 85' lang='lat' dir='ltr'><em>apud</em></span> <span class='ocrx_word' id='word_1_577' title='bbox 2269 2714 2449 2764; x_wconf 50' lang='lat' dir='ltr'><em>hospitem*</em></span> 
     </span>
     <span class='ocr_line' id='line_1_91' title="bbox 1384 2763 2433 2814; baseline 0.008 -17"><span class='ocrx_word' id='word_1_578' title='bbox 1384 2772 1566 2806; x_wconf 84' lang='lat' dir='ltr'><em>caenaret,</em></span> <span class='ocrx_word' id='word_1_579' title='bbox 1594 2763 1847 2814; x_wconf 83' lang='lat' dir='ltr'><em>appofitumque</em></span> <span class='ocrx_word' id='word_1_580' title='bbox 1875 2767 1893 2803; x_wconf 75' lang='grc' dir='ltr'>ὶ</span> <span class='ocrx_word' id='word_1_581' title='bbox 1921 2765 2035 2802; x_wconf 79' lang='lat' dir='ltr'><em>vicino</em></span> <span class='ocrx_word' id='word_1_582' title='bbox 2061 2763 2207 2813; x_wconf 81' lang='lat' dir='ltr'><em>flumine</em></span> <span class='ocrx_word' id='word_1_583' title='bbox 2235 2765 2354 2813; x_wconf 84' lang='lat' dir='ltr'><em>lupum</em></span> <span class='ocrx_word' id='word_1_584' title='bbox 2373 2768 2433 2804; x_wconf 89' lang='lat' dir='ltr'><em>de·</em></span> 
     </span>
     <span class='ocr_line' id='line_1_92' title="bbox 1381 2811 2434 2868; baseline 0.009 -21"><span class='ocrx_word' id='word_1_585' title='bbox 1381 2811 1534 2861; x_wconf 71' lang='lat' dir='ltr'><em>gustastet</em></span> <span class='ocrx_word' id='word_1_586' title='bbox 1547 2824 1652 2863; x_wconf 84' lang='lat' dir='ltr'><em>atque</em></span> <span class='ocrx_word' id='word_1_587' title='bbox 1663 2816 1835 2865; x_wconf 78' lang='lat' dir='ltr'><em>exspuiffet</em></span> <span class='ocrx_word' id='word_1_588' title='bbox 1847 2843 1857 2860; x_wconf 94' lang='lat'>,</span> <span class='ocrx_word' id='word_1_589' title='bbox 1883 2815 2076 2864; x_wconf 79' lang='lat' dir='ltr'><em>improbum</em></span> <span class='ocrx_word' id='word_1_590' title='bbox 2091 2816 2229 2861; x_wconf 58' lang='lat' dir='ltr'><em>fabium</em></span> <span class='ocrx_word' id='word_1_591' title='bbox 2248 2817 2336 2854; x_wconf 67' lang='lat' dir='ltr'><em>dieto</em></span> <span class='ocrx_word' id='word_1_592' title='bbox 2351 2828 2434 2868; x_wconf 86' lang='lat' dir='ltr'><em>pro-</em></span> 
     </span>
     <span class='ocr_line' id='line_1_93' title="bbox 1377 2862 2450 2916; baseline 0.009 -18"><span class='ocrx_word' id='word_1_593' title='bbox 1377 2862 1538 2910; x_wconf 82' lang='lat' dir='ltr'><em>secutus,</em></span> <span class='ocrx_word' id='word_1_594' title='bbox 1568 2871 1737 2911; x_wconf 78' lang='lat' dir='ltr'><em>Peream‚</em></span> <span class='ocrx_word' id='word_1_595' title='bbox 1763 2867 1882 2916; x_wconf 78' lang='lat' dir='ltr'><em>inquit</em></span> <span class='ocrx_word' id='word_1_596' title='bbox 1903 2893 1914 2910; x_wconf 91' lang='lat'>,</span> <span class='ocrx_word' id='word_1_597' title='bbox 1941 2863 2005 2914; x_wconf 68' lang='lat' dir='ltr'><em>nxfi</em></span> <span class='ocrx_word' id='word_1_598' title='bbox 2027 2866 2150 2915; x_wconf 85' lang='lat' dir='ltr'><em>piscem</em></span> <span class='ocrx_word' id='word_1_599' title='bbox 2177 2868 2316 2916; x_wconf 82' lang='lat' dir='ltr'><em>putavi.</em></span> <span class='ocrx_word' id='word_1_600' title='bbox 2371 2869 2450 2908; x_wconf 63' lang='lat' dir='ltr'><em>SiC&#39;</em></span> 
     </span>
     <span class='ocr_line' id='line_1_94' title="bbox 1385 2914 2432 2968; baseline 0.007 -17"><span class='ocrx_word' id='word_1_601' title='bbox 1385 2914 1420 2950; x_wconf 90' lang='lat' dir='ltr'><em>in</em></span> <span class='ocrx_word' id='word_1_602' title='bbox 1451 2914 1672 2953; x_wconf 78' lang='lat' dir='ltr'><em>membranis</em></span> <span class='ocrx_word' id='word_1_603' title='bbox 1701 2916 1905 2953; x_wconf 86' lang='lat' dir='ltr'><em>veterrimis</em></span> <span class='ocrx_word' id='word_1_604' title='bbox 1931 2915 2090 2954; x_wconf 88' lang='lat' dir='ltr'><em>scribunt</em></span> <span class='ocrx_word' id='word_1_605' title='bbox 2119 2945 2129 2962; x_wconf 93' lang='lat'><strong>,</strong></span> <span class='ocrx_word' id='word_1_606' title='bbox 2177 2919 2273 2956; x_wconf 83' lang='lat' dir='ltr'><em>forte</em></span> <span class='ocrx_word' id='word_1_607' title='bbox 2302 2920 2432 2968; x_wconf 83' lang='lat' dir='ltr'><em>reponi</em></span> 
     </span>
     <span class='ocr_line' id='line_1_95' title="bbox 1383 2963 2430 3017; baseline 0.008 -17"><span class='ocrx_word' id='word_1_608' title='bbox 1383 2963 1499 3011; x_wconf 89' lang='lat' dir='ltr'><em>potest</em></span> <span class='ocrx_word' id='word_1_609' title='bbox 1512 2993 1521 3008; x_wconf 95' lang='lat'>,</span> <span class='ocrx_word' id='word_1_610' title='bbox 1543 2966 1620 3013; x_wconf 82' lang='lat' dir='ltr'><em>pari</em></span> <span class='ocrx_word' id='word_1_611' title='bbox 1637 2966 1726 3001; x_wconf 66' lang='lat' dir='ltr'><em>difft&#39;o</em></span> <span class='ocrx_word' id='word_1_612' title='bbox 1745 2966 1947 3014; x_wconf 78' lang='lat' dir='ltr'><em>prosecutus.</em></span> <span class='ocrx_word' id='word_1_613' title='bbox 1968 2968 2004 3004; x_wconf 67' lang='grc' dir='ltr'><em>ὃ(</em></span> <span class='ocrx_word' id='word_1_614' title='bbox 2018 2966 2275 3017; x_wconf 79' lang='lat' dir='ltr'><em>luxuriofiffime</em></span> <span class='ocrx_word' id='word_1_615' title='bbox 2288 2972 2430 3015; x_wconf 54' lang='lat' dir='ltr'><em>factum</em></span> 
     </span>
     <span class='ocr_line' id='line_1_96' title="bbox 1382 3014 2429 3064; baseline 0.01 -14"><span class='ocrx_word' id='word_1_616' title='bbox 1382 3026 1487 3064; x_wconf 87' lang='lat' dir='ltr'><em>aeque</em></span> <span class='ocrx_word' id='word_1_617' title='bbox 1497 3028 1538 3050; x_wconf 87' lang='lat' dir='ltr'><em>ac</em></span> <span class='ocrx_word' id='word_1_618' title='bbox 1550 3014 1692 3052; x_wconf 65' lang='lat' dir='ltr'><em>diflum.</em></span> <span class='ocrx_word' id='word_1_619' title='bbox 1708 3017 1844 3054; x_wconf 57' lang='lat' dir='ltr'><em>Hiems.</em></span> <span class='ocrx_word' id='word_1_620' title='bbox 1868 3023 2041 3055; x_wconf 85' lang='lat' dir='ltr'><em>Feruntur</em></span> <span class='ocrx_word' id='word_1_621' title='bbox 2053 3018 2166 3056; x_wconf 68' lang='lat' dir='ltr'><em>etiarn</em></span> <span class='ocrx_word' id='word_1_622' title='bbox 2180 3029 2250 3058; x_wconf 81' lang='lat' dir='ltr'><em>tres</em></span> <span class='ocrx_word' id='word_1_623' title='bbox 2271 3021 2429 3061; x_wconf 83' lang='lat' dir='ltr'><em>codices.</em></span> 
     </span>
     <span class='ocr_line' id='line_1_97' title="bbox 1433 3065 2445 3118; baseline 0.01 -18"><span class='ocrx_word' id='word_1_624' title='bbox 1433 3065 1520 3113; x_wconf 90' lang='lat'><strong>696.</strong></span> <span class='ocrx_word' id='word_1_625' title='bbox 1551 3065 1656 3101; x_wconf 68' lang='lat' dir='ltr'><em>Verba</em></span> <span class='ocrx_word' id='word_1_626' title='bbox 1677 3066 1797 3116; x_wconf 71' lang='lat' dir='ltr'><em>dedisse</em></span> <span class='ocrx_word' id='word_1_627' title='bbox 1815 3068 1922 3118; x_wconf 62' lang='lat' dir='ltr'><em>Dea]</em></span> <span class='ocrx_word' id='word_1_628' title='bbox 1985 3068 2086 3106; x_wconf 84' lang='lat' dir='ltr'><em>ldem</em></span> <span class='ocrx_word' id='word_1_629' title='bbox 2110 3070 2232 3107; x_wconf 80' lang='lat' dir='ltr'><em>fallere</em></span> <span class='ocrx_word' id='word_1_630' title='bbox 2260 3072 2297 3108; x_wconf 71' lang='grc' dir='ltr'><em>ὅ(</em></span> <span class='ocrx_word' id='word_1_631' title='bbox 2322 3072 2445 3111; x_wconf 81' lang='lat' dir='ltr'><em>verba-</em></span> 
     </span>
     <span class='ocr_line' id='line_1_98' title="bbox 1383 3113 2451 3168; baseline 0.007 -16"><span class='ocrx_word' id='word_1_632' title='bbox 1383 3113 1480 3153; x_wconf 83' lang='lat' dir='ltr'><em>dare.</em></span> <span class='ocrx_word' id='word_1_633' title='bbox 1508 3116 1640 3153; x_wconf 84' lang='lat' dir='ltr'><em>Noster</em></span> <span class='ocrx_word' id='word_1_634' title='bbox 1670 3118 1826 3156; x_wconf 83' lang='lat' dir='ltr'><em>Remed.</em></span> <span class='ocrx_word' id='word_1_635' title='bbox 1850 3131 1909 3168; x_wconf 82' lang='lat'><em>95.</em></span> <span class='ocrx_word' id='word_1_636' title='bbox 1950 3119 2056 3156; x_wconf 81' lang='lat' dir='ltr'><em>Verba</em></span> <span class='ocrx_word' id='word_1_637' title='bbox 2072 3120 2136 3157; x_wconf 83' lang='lat' dir='ltr'><em>dat</em></span> <span class='ocrx_word' id='word_1_638' title='bbox 2155 3120 2265 3157; x_wconf 77' lang='lat' dir='ltr'><em>onmis</em></span> <span class='ocrx_word' id='word_1_639' title='bbox 2294 3135 2451 3162; x_wconf 54' lang='lat' dir='ltr'><em>amans„</em></span> 
     </span>
     <span class='ocr_line' id='line_1_99' title="bbox 1385 3166 2052 3218; baseline 0.006 -15"><span class='ocrx_word' id='word_1_640' title='bbox 1385 3166 1476 3204; x_wconf 84' lang='lat' dir='ltr'><em>&amp;in</em></span> <span class='ocrx_word' id='word_1_641' title='bbox 1499 3166 1658 3215; x_wconf 70' lang='lat' dir='ltr'><em>Epistolfi</em></span> <span class='ocrx_word' id='word_1_642' title='bbox 1681 3168 1865 3218; x_wconf 84' lang='lat' dir='ltr'><em>Cydippes</em></span> <span class='ocrx_word' id='word_1_643' title='bbox 1891 3170 1946 3213; x_wconf 67' lang='lat' dir='ltr'><strong>Jl&#39;s.</strong></span> <span class='ocrx_word' id='word_1_644' title='bbox 1974 3181 2052 3207; x_wconf 81' lang='lat'>121.</span> 
     </span>
     <span class='ocr_line' id='line_1_100' title="bbox 1435 3229 2380 3281; baseline 0.008 -15"><span class='ocrx_word' id='word_1_645' title='bbox 1435 3229 1541 3266; x_wconf 81' lang='lat' dir='ltr'><em>Verba</em></span> <span class='ocrx_word' id='word_1_646' title='bbox 1562 3231 1646 3279; x_wconf 81' lang='lat' dir='ltr'><em>quid</em></span> <span class='ocrx_word' id='word_1_647' title='bbox 1658 3232 1795 3268; x_wconf 85' lang='lat' dir='ltr'><em>exultas</em></span> <span class='ocrx_word' id='word_1_648' title='bbox 1817 3241 1879 3269; x_wconf 87' lang='lat' dir='ltr'><em>tua</em></span> <span class='ocrx_word' id='word_1_649' title='bbox 1895 3231 1929 3281; x_wconf 84' lang='lat' dir='ltr'><em>fi</em></span> <span class='ocrx_word' id='word_1_650' title='bbox 1945 3232 2034 3270; x_wconf 78' lang='lat' dir='ltr'><em>mihi</em></span> <span class='ocrx_word' id='word_1_651' title='bbox 2055 3233 2162 3270; x_wconf 78' lang='lat' dir='ltr'><em>verba</em></span> <span class='ocrx_word' id='word_1_652' title='bbox 2184 3233 2351 3272; x_wconf 83' lang='lat' dir='ltr'><em>dederunt</em></span> <span class='ocrx_word' id='word_1_653' title='bbox 2365 3245 2380 3274; x_wconf 69' lang='grc' dir='ltr'><em>ἓ</em></span> 
     </span>
     <span class='ocr_line' id='line_1_101' title="bbox 1485 3281 2326 3335; baseline 0.008 -18"><span class='ocrx_word' id='word_1_654' title='bbox 1485 3281 1644 3332; x_wconf 78' lang='lat' dir='ltr'><em>Jamque</em></span> <span class='ocrx_word' id='word_1_655' title='bbox 1657 3291 1785 3332; x_wconf 84' lang='lat' dir='ltr'><em>parum</em></span> <span class='ocrx_word' id='word_1_656' title='bbox 1801 3282 1952 3333; x_wconf 81' lang='lat' dir='ltr'><em>prudens</em></span> <span class='ocrx_word' id='word_1_657' title='bbox 1969 3293 2067 3335; x_wconf 85' lang='lat' dir='ltr'><em>capta</em></span> <span class='ocrx_word' id='word_1_658' title='bbox 2081 3284 2197 3335; x_wconf 85' lang='lat' dir='ltr'><em>puella</em></span> <span class='ocrx_word' id='word_1_659' title='bbox 2216 3285 2326 3324; x_wconf 74' lang='lat' dir='ltr'><em>dolis?</em></span> 
     </span>
     <span class='ocr_line' id='line_1_102' title="bbox 1382 3331 1566 3372; baseline 0 -1"><span class='ocrx_word' id='word_1_660' title='bbox 1382 3331 1566 3372; x_wconf 46' lang='lat' dir='ltr'><em>Navoa·</em></span> 
     </span>
     <span class='ocr_line' id='line_1_103' title="bbox 2211 3386 2449 3435; baseline -0.004 -11"><span class='ocrx_word' id='word_1_661' title='bbox 2211 3386 2298 3435; x_wconf 77' lang='lat'><strong>697.</strong></span> <span class='ocrx_word' id='word_1_662' title='bbox 2323 3392 2428 3424; x_wconf 56' lang='lat' dir='ltr'><em>Prae?</em></span> <span class='ocrx_word' id='word_1_663' title='bbox 2444 3409 2449 3412; x_wconf 95' lang='lat'>·</span> 
     </span>
    </p>
   </div>
  </div>
 </body>
</html>
