2495 3675
204 201 280 258 24

712 175 1291 265 R-ovtntt

1340 176 1869 240 NASONIS

510 294 623 368 Ipse
648 294 817 351 solum
844 297 1015 358 colui,
1055 294 1202 364 cujus
1230 291 1574 365 placidissima
1599 295 1806 354 laevum

580 368 747 423 Radit
773 369 972 423 arenofi
996 367 1292 434 Thybridis
1318 365 1460 419 unda
1483 367 1632 422 latus.

512 439 659 504 Hic,
694 441 784 494 ubi
809 459 952 496 nunc
975 440 1153 494 Roma
1179 437 1282 500 est,

1319 438 1579 493 incaedua
1605 440 1726 497 silva
1752 444 1984 502 virebat:

587 513 873 585 Tantaque
899 531 980 566 res
1004 511 1184 581 paucis
1209 509 1396 581 pascua
1423 510 1592 565 bubus
1618 530 1745 569 erat.

367 603 467 661 245
511 588 630 641 Arx
653 604 770 640 mea
795 586 940 638 collis
965 597 1076 637 erat
1093 628 1104 644 ‚
1143 601 1307 655 quem
1331 585 1527 639 cultrix
1550 589 1769 643 nomine
1796 592 1978 648 nostro

586 656 1030 728 Nuncupathaec
1060 670 1230 719 aetas,
1262 656 1669 732 „Ianiculumque
1695 679 1869 719 voc-at.

510 732 674 787 Tunc
699 747 802 800 ego
830 729 1113 800 regnabam
1131 769 1144 792 ‚
1183 731 1387 802 patiens
1415 749 1540 785 cum
1568 746 1708 787 terra
1733 735 1980 793 Deorum

582 801 759 865 Effer,
799 801 854 855 ἅτ
881 802 1121 856 humanis
1148 804 1365 856 numina
1392 803 1558 858 mixta
1584 805 1733 861 Iocis,

511 875 771 931 Nondum
791 873 1055 945 justitiam
1080 874 1283 929 facinus
1316 877 1544 931 mortale
1570 878 1791 950 fugarat.

374 966 479 1018 250

268 1170 354 1205 241.
382 1161 525 1211 colui.]
563 1161 684 1200 coluit
714 1162 823 1201 multi
851 1161 982 1212 scripti.
1013 1163 1052 1202 δε
1075 1175 1165 1202 mox
1187 1160 1271 1213 rasit

217 1207 410 1250 Pembroc.
436 1215 473 1251 ἃ
495 1222 565 1251 tres
586 1214 657 1251 alii.

268 1273 354 1306 241.
381 1265 490 1312 Cujm
503 1262 730 1312 placidiffima
751 1263 933 1314 hemma]
965 1264 1094 1302 Fabius
1115 1264 1239 1302 Pietor
1257 1278 1266 1302 ε

220 1317 253 1348 ,rs
275 1312 397 1357 Janm
413 1315 477 1361 sub
500 1315 644 1351 initium
667 1315 764 1351 aurei
773 1315 906 1363 saeculi
929 1315 1072 1353 laevum
1092 1315 1187 1352 latus
1207 1315 1267 1352 Ti-

221 1359 308 1399 beris
327 1367 511 1403 Hetruriae
530 1367 655 1402 tenuit.
684 1367 862 1403 Neapor.

266 1425 351 1462 243.
381 1421 476 1453 Tunc
495 1417 609 1454 ‘ardua
620 1415 718 1466 filva
741 1415 916 1466 virebat]
947 1417 994 1455 Et
1011 1418 1048 1455 in
1064 1416 1263 1456 111.idem:

266 1478 361 1524 Jam
383 1481 481 1518 modi>
505 1480 578 1531 quei
597 1486 746 1529 fuerant
757 1480 874 1531 filvae
887 1491 1113 1533 pecorumque
1133 1483 1268 1532 receſjus

321 1531 407 1567 Urbs
424 1542 511 1568 erat.

218 1579 335 1618 lnam.
389 1583 563 1620 lncaedua
587 1582 680 1629 filva
712 1584 910 1632 legendum
943 1596 1028 1622 cum
1060 1585 1266 1633 Naugeria-

215 1642 268 1668 no
290 1659 300 1675 ‚
339 1633 462 1672 Ursini
493 1635 531 1671 ὃς
562 1634 734 1672 Ambros.
773 1634 1017 1672 bibliothecae
1048 1635 1196 1684 optimo
1225 1647 1269 1674 ac

216 1683 384 1731 quinque
403 1685 492 1722 aliis.
514 1685 605 1722 infra
624 1685 684 1722 lib.
705 1697 752 1722 11.
770 1697 856 1734 435.

268 1738 392 1770 Monte
402 1734 470 1783 sub
492 1735 644 1783 Esquilio
665 1735 787 1772 multis
805 1736 994 1773 incaeduus
1011 1736 1116 1774 annis

320 1785 478 1829 Junonis
497 1798 643 1834 magnae
661 1786 805 1824 numine
825 1787 923 1824 lucus
940 1797 1028 1826 erat.

221 1835 357 1873 Amor.
379 1849 441 1873 111.
464 1837 567 1886 Eleg.
593 1849 625 1875 1.

271 1891 349 1922 Stat
369 1897 470 1924 vetus
490 1900 533 1927 (φ
551 1887 678 1924 multos
696 1887 866 1926 incaedua
881 1887 980 1939 filva
993 1897 1054 1938 per
1072 1902 1195 1930 annos.

220 1936 353 1975 Statius
374 1937 496 1976 Theb.
515 1951 568 1975 vr.
588 1951 649 1987 90.

271 1988 447 2025 Sternitur
463 1990 631 2039 extemplo
653 2000 780 2028 veteres
801 1991 970 2029 incaedua
983 1994 1079 2039 ferro

270 2038 372 2075 Silva
394 2053 519 2078 comas.
1177 2074 1179 2076 -

219 2089 371 2139 quidam
403 2091 483 2130 libri
519 2091 663 2129 incidua
691 2093 860 2133 scribunt.
897 2095 1098 2145 quomodo
1126 2096 1269 2135 hostiae

215 2141 461 2189 praecidaneae
484 2143 522 2180 ὅ(
541 2144 769 2190 fiiccidaneae
798 2146 994 2191 dicuntur,
1023 2158 1091 2195 pro
1108 2156 1268 2196 praecae-

219 2192 351 2228 claneae
377 2195 414 2230 &
438 2194 702 2242 fiiccaedaneae.
729 2208 801 2246 qua
825 2196 871 2235 de
901 2209 940 2236 re
961 2199 1010 2236 A.
1031 2198 1127 2236 Geli.
1154 2211 1209 2238 ιν.
1236 2200 1271 2238 6.

220 2244 369 2280 Heius.

269 2306 352 2341 244.
380 2295 489 2333 Bobus
507 2298 649 2348 erant.]
680 2297 795 2335 Bubus
817 2309 893 2336 erat
913 2299 1098 2339 meliores.
1126 2300 1246 2339 IDEM.

269 2358 352 2395 245.
381 2351 463 2384 Ara
481 2361 558 2385 mea
577 2349 620 2396 est
641 2349 770 2399 collis.]
801 2350 893 2388 Duo
913 2351 1085 2389 Vaticani
1105 2352 1143 2389 &
1165 2353 1265 2390 idem

217 2395 342 2433 Urfin.
370 2403 451 2434 Ara
482 2412 558 2436 mea
587 2400 630 2445 est
652 2400 753 2446 colli,
771 2414 871 2451 quem
903 2413 975 2441 σε.
1011 2402 1182 2441 CIOFAN.
1209 2403 1268 2441 Sic

218 2446 296 2483 duo
325 2448 521 2492 Vaticani;
561 2450 622 2488 sed
651 2453 839 2490 emendati
869 2453 1012 2502 aliquot
1038 2454 1076 2491 &
1103 2455 1267 2503 antiqui,

219 2502 304 2533 Arx
323 2511 398 2534 mea
419 2499 511 2534 collis
527 2510 613 2538 erat.
642 2502 913 2540 Indubitatoita
925 2504 1123 2552 legendum
1139 2518 1149 2547 ;
1179 2517 1268 2542 nam

223 2548 296 2593 agit
313 2548 375 2585 hie
396 2549 441 2586 de
458 2548 519 2587 sua
540 2553 654 2589 veteri
673 2553 921 2596 habitatione,
949 2565 1046 2601 quae
1066 2555 1136 2590 fuit
1158 2555 1195 2589 in
1208 2555 1269 2599 Ja-

220 2596 372 2640 nrculo,
400 2599 459 2634 ubi
489 2602 670 2647 oppidum
699 2602 863 2651 ejusdem
893 2603 1058 2640 nominis
1090 2602 1269 2642 condidit.

223 2644 286 2681 De
305 2647 458 2684 hocmet
476 2649 666 2687 Homerus
688 2653 839 2687 Latinus
861 2654 898 2687 in
921 2663 1012 2687 vrrr.

275 2696 346 2733 Hic
368 2697 432 2733 duo
450 2699 627 2747 praeterea}
645 2700 794 2749 disjefiis
811 2700 931 2749 oppida
952 2700 1084 2745 muris,

277 2747 468 2797 Rolliquias
490 2760 716 2801 veterumque
736 2750 834 2788 vides
855 2761 1081 2789 monumenta
1102 2752 1276 2790 virorum.

276 2804 379 2834 Hanc
400 2800 521 2843 §ianus
538 2809 639 2849 pater
653 2829 664 2847 ‚
690 2801 781 2838 hanc
799 2808 971 2839 Saturnus
981 2802 1133 2839 condidit
1145 2817 1274 2840 arcem:

277 2849 557 2900 Juniculumque
579 2851 656 2896 illi,
683 2852 761 2888 huic
772 2852 895 2898 suerat
914 2853 1082 2890 saturnia
1103 2867 1241 2891 nomen.

226 2899 480 2947 NEA1›.Q1em
493 2913 576 2938 cum
591 2903 1010 2952 melioribuslegendum
1027 2932 1036 2948 ‚
1049 2916 1185 2953 nempe
1197 2906 1274 2943 col-

226 2950 314 2988 lem.
335 2951 446 2988 Multi
459 2960 615 2997 veteres,
629 2957 708 2990 Ara
719 2967 795 2990 mea
805 2954 848 3001 est
861 2954 949 2999 colli,
964 2955 1023 2992 vel
1036 2955 1136 2992 collis.
1149 2956 1272 2994 Arun-

226 3001 489 3045 delianus,Ara
503 3016 578 3039 mea
592 3004 667 3040 colli
675 3014 760 3041 erat.
772 3005 933 3048 alii‚Arx
944 3006 981 3042 in
991 3019 1029 3042 ea
1042 3006 1084 3052 est
1095 3006 1201 3051 collis,
1213 3008 1272 3045 vel

227 3057 314 3088 Arx
338 3053 377 3088 in
409 3066 447 3089 ea
467 3053 509 3098 est
532 3053 617 3091 colli.
644 3055 843 3092 Exaratum
864 3067 1000 3103 nempe
1020 3057 1159 3102 fuerat,
1187 3063 1272 3095 Arx

228 3115 304 3139 mea
323 3103 413 3139 collis
425 3107 477 3149 est.
507 3105 663 3152 Repone
677 3133 687 3149 ‚
716 3112 799 3142 Arx
820 3119 896 3142 mea
917 3107 1008 3142 collis
1026 3107 1056 3143 is
1074 3108 1138 3153 est,
1159 3122 1273 3156 quem.

192 3167 194 3171 ·
228 3164 303 3189 erat
326 3155 446 3192 minus
468 3154 654 3203 oportune
672 3157 730 3193 hic
749 3158 946 3205 repetitur,
974 3169 1060 3195 cum
1075 3158 1274 3206 praeccffe-

224 3205 270 3242 rit
290 3205 399 3253 paulo
419 3213 514 3243 ante.
529 3206 606 3254 jam
628 3207 756 3244 millies
768 3208 925 3246 diximus
939 3237 948 3252 ‚
977 3209 1014 3246 δε
1028 3209 1085 3245 alii
1100 3210 1272 3257 frequen—

223 3262 280 3292 ter
300 3264 383 3293 ante
406 3268 488 3300 nos,
513 3258 772 3306 repetitionem
797 3259 961 3308 ejusdem
980 3259 1132 3308 syllabae
1146 3261 1271 3310 negle-

225 3304 320 3344 &tam
342 3318 362 3345 a
383 3306 555 3355 librariis,
574 3309 785 3350 craffissimis
803 3312 906 3360 saepe
918 3311 1096 3351 erroribus
1107 3311 1270 3361 optimos

592 947 816 1019 (Ultima
844 948 912 1002 de
937 947 1152 1020 Superis
1178 950 1259 1003 illa
1287 949 1500 1022 reliquit
1526 951 1802 1022 humum.)

2243 1030 2378 1087 Pro-2

1327 1165 1496 1205 auctores
1527 1164 1714 1215 asper-fisse.
1744 1180 1810 1217 pro
1839 1168 1964 1219 vulgus
1993 1169 2245 1215 scribendum,
2273 1169 2380 1220 vulgo

1327 1218 1475 1265 opinor.
1494 1216 1554 1254 sed
1573 1218 1648 1256 duo
1669 1220 1874 1259 Farnefiani
1895 1222 2062 1270 optimae
2082 1231 2194 1260 notae
2205 1232 2290 1260 curn
2311 1221 2381 1259 Er-

1325 1267 1499 1312 furtano,
1528 1268 1669 1307 cultrix.
1693 1271 1736 1309 sc.
1751 1280 1860 1310 aetas.
1877 1272 1981 1323 quod
1993 1273 2208 1323 ampieetor.
2237 1272 2379 1312 Dehac

1326 1328 1408 1356 arce
1429 1317 1604 1367 Virgilius
1623 1320 1683 1358 lib.
1705 1335 1797 1361 vixx.
1819 1335 1903 1373 357.

1373 1390 1475 1420 Hanc
1494 1385 1617 1430 Janus
1633 1396 1732 1437 pater
1746 1417 1756 1433 ‚
1785 1389 1875 1427 hanc
1896 1392 2228 1430 saturnuscondidit
2251 1403 2378 1429 arcem.

1372 1434 1586 1480 Janiculum
1606 1437 1686 1475 huic
1699 1468 1710 1485 ,
1739 1440 1794 1477 illi
1804 1442 1928 1488 fuerat
1947 1445 2114 1481 Saturnia
2139 1457 2273 1481 nomen.

1322 1496 1372 1533 ita
1403 1499 1631 1538 vetustiffimi
1661 1503 1831 1547 codices-2
1864 1507 1973 1544 etiam
1995 1506 2188 1544 Mediceus
2210 1506 2281 1544 ille.
2300 1506 2379 1546 vid.

1323 1548 1408 1586 Liv.
1429 1561 1532 1600 1.33.
1561 1552 1639 1589 Arx
1669 1554 1762 1592 haec
1794 1555 1891 1593 dieta
1912 1557 2110 1606 Antipolis.
2140 1558 2285 1595 Hsms.

1373 1626 1458 1662 247.
1487 1622 1583 1654 Tunc
1613 1631 1666 1667 ego
1698 1619 1927 1671 regnabam]
1967 1622 2035 1658 Per
2059 1621 2201 1659 ltaliam
2229 1622 2383 1670 nempe}

1323 1675 1395 1703 nec
1416 1676 1540 1706 tamen
1563 1669 1679 1715 solus,
1707 1670 1732 1708 fi
1753 1671 1843 1720 quid
1864 1672 2062 1710 Macrobio
2084 1672 2267 1710 credimus
2281 1701 2291 1717 ‚
2313 1673 2381 1721 qui

1324 1717 1500 1757 Saturnal.
1524 1719 1617 1757 libro
1647 1722 1769 1769 primo
1801 1734 1877 1771 cap.
1911 1735 1944 1765 7.
1975 1734 2019 1760 ex
2045 1723 2244 1760 Protarcho
2273 1723 2384 1761 Tral-

1323 1768 1424 1806 liano
1445 1770 1483 1807 ὃς
1503 1771 1660 1819 Hygino
1681 1774 1814 1817 refert,
1845 1773 2053 1811 consortem
2070 1774 2164 1820 Jano
2188 1774 2289 1823 regui
2311 1774 2383 1812 hu-

1321 1819 1381 1869 jus
1413 1819 1518 1860 fuiffe
1547 1821 1728 1861 Camesen
1760 1824 1999 1873 indigenam,
2028 1834 2138 1874 atque
2167 1825 2216 1862 ita
2240 1836 2382 1862 conve-

1327 1869 1417 1908 niffe
1443 1872 1539 1910 inter
1568 1881 1793 1925 utrumque,
1822 1884 1864 1913 ut
1891 1876 1993 1924 regio
2015 1875 2242 1919 Camesene,
2270 1876 2381 1924 oppi-

1328 1921 1418 1960 dum
1437 1923 1645 1970 Janiculum
1668 1927 1902 1964 vocitaretur.
1931 1927 2033 1975 plura
2053 1926 2152 1964 idem
2166 1927 2380 1964 Macrobius

1327 1972 1402 2010 illic
1431 1974 1476 2011 ad
1496 1986 1588 2012 rem.
1615 1978 1679 2025 qui
1699 1977 1736 2014 ὃς
1760 1977 1862 2015 addit
1881 1978 2019 2015 sublato
2045 1975 2064 2014 ὲ
2088 1978 2182 2014 vivis
2205 1976 2387 2022 Camese,

1327 2024 1407 2071 post
1426 2026 1465 2063 ὃς
1486 2026 1682 2065 Saturnum
1706 2040 1855 2078 peregre
1875 2029 2075 2066 advectum
2097 2028 2222 2075 aJano
2236 2029 2273 2066 in
2288 2039 2380 2065 con-

1323 2075 1432 2113 sortia
1455 2078 1558 2126 regui
1579 2077 1683 2116 fuiffe
1705 2079 1895 2118 adscitum.
1924 2080 2028 2118 Huic
2039 2090 2193 2129 quoque
2206 2078 2382 2126 deinceps

1325 2135 1478 2165 mortuo
1510 2140 1597 2166 eum
1628 2131 1672 2167 ab
1701 2131 1838 2168 eodem
1859 2132 1955 2178 Jano
1975 2131 2163 2168 honorem
2191 2129 2351 2167 delatum
2369 2157 2383 2174 ‚

1330 2185 1371 2215 ut
1392 2178 1643 2218 Decembrem
1669 2182 1832 2220 mensem
1854 2182 2004 2220 haberet
2022 2181 2164 2219 sacrum
2184 2209 2195 2224 ‚
2223 2191 2301 2228 quo
2324 2181 2392 2218 Sa·-

1329 2229 1481 2268 turnalia
1503 2230 1575 2268 effe
1597 2232 1766 2270 instituta.
1795 2242 1835 2271 ut
1856 2232 2101 2271 Saturnalium
2114 2231 2246 2270 festum
2259 2230 2386 2277 aJano

1328 2280 1529 2318 oriundum
1554 2283 1725 2320 Romana
1746 2284 1894 2322 civitate
1906 2284 2134 2322 fitvetussius
2149 2311 2159 2327 ‚
2190 2282 2390 2319 &aGrae-

1329 2331 1377 2367 cis
1399 2334 1549 2370 traxerit
1569 2335 1755 2381 originem
1771 2362 1781 2378 ‚
1809 2334 1908 2383 apud
1929 2346 2024 2384 quos
2048 2333 2141 2371 servi
2163 2332 2386 2380 dominique

1328 2381 1501 2420 Chroniis
1523 2385 1762 2431 epulabantur
1781 2398 1874 2431 una,
1903 2386 2006 2434 quod
2026 2397 2071 2421 ex
2094 2382 2298 2421 Annalibus
2309 2383 2390 2431 Ac·-⁴

1325 2433 1371 2470 cii
1391 2432 1492 2472 idem
1510 2434 1722 2474 Macrobius
1742 2436 1880 2474 ibidem
1902 2434 2138 2474 demonstrat.
2166 2434 2283 2472 IDEM.

1377 2500 1463 2548 248.
1492 2502 1620 2540 Mixta
1645 2503 1764 2552 locis.]
1796 2501 2242 2556 Junb'iajocisMarcil.ad
2256 2501 2393 2541 Horat.

1326 2551 1406 2589 Art.
1424 2552 1530 2590 Poe't.
1554 2565 1637 2600 319.
1650 2554 1837 2591 male.inf.
1853 2566 1937 2600 299.
1966 2553 2081 2589 IDEM.
2110 2550 2198 2588 vid.
2220 2551 2252 2599 J.
2275 2553 2386 2590 Dou-

1324 2611 1390 2638 zae
1420 2600 1468 2640 fil.
1501 2603 1741 2651 conjeetanea
1770 2604 1815 2642 ad
1847 2602 1981 2641 Catuli.
2015 2614 2092 2651 cap.
2122 2614 2193 2639 vir.
2220 2603 2286 2649 qui
2307 2602 2387 2638 locis

1330 2658 1467 2689 tuetur.
1485 2652 1609 2689 vincia
1628 2663 1799 2702 excerpta
1823 2654 1954 2691 Vossii.

1381 2712 1466 2748 250.
1493 2704 1692 2752 Humum]
1723 2710 1815 2753 Opus
1837 2704 2038 2742 Vaticanus
2059 2702 2234 2751 optimus.

1381 2762 1468 2798 251.
1495 2752 1574 2788 Sine
1607 2753 1647 2789 vi
1667 2754 1779 2803 pudor
1798 2754 1863 2802 ipfi‘
1887 2752 2058 2803 regebam]
2091 2753 2192 2791 idem
2217 2751 2382 2793 Fabiusi

1331 2801 1387 2837 Ed
1414 2812 1527 2839 aetate
1555 2803 1655 2839 nulla
1684 2815 1758 2841 erat
1788 2803 2020 2846 monarchia,
2062 2804 2147 2854 quia
2176 2805 2384 2842 mortalium

1328 2852 1514 2900 pectoribus
1536 2867 1604 2891 non
1624 2854 1780 2904 haeserat
1805 2856 1878 2892 ulla
1888 2855 2054 2904 regnandi
2064 2855 2257 2904 cupidita53
2279 2856 2385 2892 Prin-

1331 2903 1415 2953 cipes
1436 2904 1521 2952 quia
1536 2905 1621 2952 justi
1643 2917 1744 2943 erant
1763 2919 1805 2946 (7
1827 2905 2043 2954 religionibus
2056 2906 2165 2942 dediti
2180 2922 2190 2942 .·
2211 2907 2382 2943 nonenim

1328 2955 1479 2991 arbitria
1505 2955 1644 2993 illorum
1664 2956 1708 2992 ab
1727 2970 1833 3006 aequo
1847 2985 1854 2999 ‚
1883 2957 1940 2992 vel
1954 2957 2095 3006 populus
2115 2955 2139 2992 ὰ
2157 2959 2238 3004 jure
2258 2958 2382 2994 innato

1317 3005 1549 3054 *discedebam
1591 3007 1686 3044 millo
1712 3018 1796 3044 tunc
1825 3007 1965 3044 vindice
1997 3018 2060 3043 aut
2088 3019 2204 3051 metu,
2235 3006 2380 3055 sedsud

1320 3057 1439 3106 sponte
1460 3057 1657 3094 retinebant
1667 3058 1776 3106 fidem
1798 3071 1841 3098 (φ’
1858 3061 2000 3095 rec‘lum.
2028 3058 2146 3095 Pudor
2162 3057 2226 3108 ipse
2247 3057 2381 3107 regebat

1321 3108 1462 3158 populos
1477 3119 1521 3147 (9²
1537 3109 1593 3155 jus
1614 3111 1799 3159 Principes.
1829 3110 2005 3147 NEAPOL.

1379 3171 1462 3207 252.
1490 3159 1643 3209 Justis.]
1675 3161 1813 3209 Thuscis
1833 3161 1983 3198 Moreti.

1381 3222 1466 3259 253.
1496 3211 1706 3261 Postesque]
1736 3218 1926 3262 Portaique
1958 3211 2139 3264 editiones
2169 3209 2376 3260 quaedam3

1327 3270 1368 3301 ut
1389 3262 1478 3300 Aldi
1499 3262 1674 3309 posterior
1689 3291 1699 3308 ,
1726 3263 1874 3300 Vascos.
1892 3263 2058 3299 Viviani.
2074 3263 2190 3309 Marg.
2211 3262 2354 3310 Gryph.

1378 3325 1464 3362 255.
1491 3317 1586 3351 Tunc
1609 3312 1661 3365 fic
1678 3327 1732 3363 ego
1752 3314 1865 3363 nostra
1885 3313 2048 3365 resolvi]
2078 3314 2217 3364 Refhlvo
2236 3312 2376 3362 septem

2035 3376 2041 3382 ·
2330 3374 2378 3400 ex
