2495 3675
495 198 1296 262 FAJSwToRU

1368 200 1438 257 M
1547 203 1742 260 LIB.

1815 208 1896 266 ΙΙΙ.

225 337 294 395 95'
367 322 441 378 Et
465 321 561 376 tibi
583 338 708 375 cum
731 321 963 393 proaviS,
1000 315 1150 370 miles
1174 314 1426 387 Peligne,
1463 315 1666 371 Sabinis
1720 340 1723 343 ⁴

440 393 739 448 Convenit:
759 393 863 456 ⁴hic
888 390 1035 460 genti
1059 401 1277 460 quartus
1303 390 1516 460 utrique
1543 389 1706 444 Deus.

366 467 660 528 RomuluS,
697 467 794 518 hos
819 478 1004 516 omnes
1031 475 1089 514 ut
1117 461 1357 516 vinceret
1383 462 1574 516 ordine
1599 462 1823 527 saltem,

432 537 705 610 Sanguinis
731 533 931 588 auetori
958 547 1203 604 tempora
1229 535 1399 605 prima
1427 535 1596 589 dedit.

361 613 478 667 Nec
509 610 736 664 totidem
762 621 996 669 vetere8‚
1031 616 1166 678 qu‘ot
1192 624 1364 670 nune,
1401 607 1635 662 habuere
1661 608 1955 664 Kalendas,-

221 701 320 738 IOO

431 686 518 738 Ille
543 681 716 734 niinor
745 680 968 751 geminis
1000 678 1262 733 menfibus
1287 698 1452 734 annus
1481 696 1609 736 erat.

359 754 615 812 Nondum
643 753 933 806 tradideras
962 751 1120 806 vifflas
1145 751 1433 808 vistoribus
1460 766 1625 817 αἴτεε,

429 825 685 888 Graecia,
721 824 1011 879 facundum
1028 865 1043 889 ‚
1079 824 1170 879 sed
1197 827 1331 880 male
1355 827 1496 880 forte
1520 844 1701 898 genus

355 900 464 971 Qui
492 900 628 952 bene
652 910 937 969 pugnarat,
972 898 1273 952 Romanam
1301 914 1523 953 noverat
1548 913 1745 954 artem:

424 971 651 1026 Mittere
676 971 769 1043 qui
803 984 1010 1039 poterat
1036 972 1165 1043 pila,
1203 970 1426 1025 disertus
1451 985 1577 1026 erat.

212 1062 317 1111 105.
350 1044 485 1116 Quis
511 1058 639 1098 tunc
667 1057 755 1097 aut
793 1043 1048 1115 Hyadas,
1086 1057 1175 1098 aut
1203 1044 1440 1098 Pleiadas
1466 1045 1742 1099 Atlanteas

417 1118 658 1172 Senserat
675 1156 689 1179 ‚
731 1130 821 1171 aut
848 1116 1091 1189 geminos
1117 1115 1219 1171 ess'e
1245 1116 1338 1172 sub
1363 1134 1462 1172 axe
1486 1118 1670 1189 polos?

67 1339 122 1370 tur
135 1330 193 1369 hic
212 1329 248 1367 in
269 1327 473 1376 Principem
497 1327 718 1367 Criticorum
732 1357 742 1374 ,
776 1341 820 1367 ex
840 1340 887 1366 eo
907 1328 1010 1378 quod
1023 1329 1103 1378 jam

67 1382 206 1419 mentio
229 1379 268 1418 fit
298 1380 341 1417 ab
368 1379 510 1417 Ovidio
537 1380 754 1418 Sabinorum
786 1380 948 1428 sequenti
978 1380 1102 1422 versu,

64 1444 133 1470 nec
152 1429 219 1469 ali-i
246 1431 385 1479 prorsus
420 1429 561 1467 ratione
584 1459 594 1475 ,
630 1443 724 1480 quae
751 1431 890 1479 gracilis
909 1431 947 1466 ὅ(
972 1429 1102 1467 vesca:

50 1494 147 1520 >nam
169 1483 280 1520 etiam
308 1480 610 1530 praesumendum
625 1510 636 1526 ,
666 1479 965 1529 Foro-populienses
985 1479 1006 1517 a
1027 1480 1105 1518 Na-

62 1534 150 1572 sone
170 1530 452 1579 comprehensos
479 1531 577 1578 supra
606 1544 692 1570 cum
715 1532 887 1575 Albanis,
915 1531 978 1579 qui
999 1532 1105 1569 inco-

62 1583 141 1622 lunt
161 1583 325 1632 ejusdem
349 1582 485 1619 montis
497 1581 655 1620 dorsum.
683 1583 767 1620 Imo
786 1590 885 1620 vates
907 1582 945 1619 in
964 1581 1052 1619 illis:

115 1651 162 1682 Et
183 1645 247 1682 tibi
263 1658 340 1682 cum
355 1644 495 1694 proavis
509 1671 519 1688 ,
546 1644 643 1681 miles
660 1644 793 1694 Peligne
807 1673 817 1688 ,
844 1643 993 1682 Sabinis.

63 1707 171 1752 absit,
199 1708 300 1757 quod
319 1707 441 1746 denuo
471 1708 704 1746 mentionem
727 1708 835 1745 faciat
857 1707 1104 1745 Sabinorum:

67 1758 138 1795 Sed
161 1760 197 1796 &
217 1759 304 1802 tibi,
334 1760 473 1806 inquit,
502 1759 646 1806 Peligne
661 1786 671 1802 ‚
699 1769 783 1795 cum
801 1758 946 1806 proavis
968 1757 1105 1796 Foren-

67 1808 159 1846 sibus
173 1837 183 1853 ,
210 1811 273 1858 qui
294 1809 411 1846 Sabini
434 1809 525 1846 sunt.
553 1809 646 1857 Quis
659 1819 746 1857 ergo
763 1809 821 1846 vel
840 1809 1022 1846 tantillum
1046 1821 1103 1846 re-

64 1859 170 1897 cedat
189 1858 209 1897 ’ὲ
231 1858 437 1908 Scaligero?
466 1859 592 1897 NEAP.
621 1859 758 1907 Forum
777 1861 887 1908 Appii
902 1859 1103 1897 Politianus

64 1907 297 1960 intelligebat.
326 1910 462 1947 Haeret
483 1911 520 1948 ὃ(
542 1910 716 1958 Neapolis
736 1911 772 1948 in
796 1911 870 1947 hoc
891 1910 991 1947 loco.
1033 1910 1104 1949 Sed

67 1959 188 1997 Urfin.
207 1961 346 1998 Zulic'n.
366 1960 498 2010 aliique
519 1961 649 1998 decem
664 1971 709 1998 ex
730 1961 939 1998 melioribus
959 1961 1104 2006 nostris,

67 2009 173 2046 turba
199 2010 380 2059 Curenfis,
408 2023 492 2049 cum
513 2012 713 2048 veterrimo
731 2012 906 2060 Naugerii
925 2011 1030 2049 libro.
1066 2021 1107 2050 ut

65 2059 178 2097 Cures
189 2060 404 2099 Sabinorum
418 2062 601 2110 intelligat.
615 2063 756 2100 Hems.
767 2062 979 2100 Forulenses
991 2064 1102 2100 etiam

66 2109 240 2158 Micyllus
267 2112 463 2161 intelligit:
501 2113 652 2149 Ferentis
677 2124 769 2150 unus
797 2112 962 2150 Heinsii:
992 2126 1102 2162 quam

65 2159 263 2199 lectionem
298 2164 337 2200 δε
365 2163 502 2200 Marsus
526 2163 689 2212 agnoscit
707 2191 718 2207 ‚
751 2165 788 2200 ὅ(
818 2175 885 2209 pro
916 2164 1105 2200 Ferentinis

67 2213 184 2259 capit,
212 2213 275 2261 qui
294 2213 329 2250 in
353 2213 412 2251 via
434 2214 638 2259 Latinain
671 2214 841 2251 Hernicis
869 2224 1057 2262 ponuntur
1085 2227 1104 2251 a

65 2260 254 2301 Strabone.
276 2265 362 2312 quia
393 2276 483 2301 vero
509 2266 570 2302 hic
594 2265 711 2312 agitur
739 2265 786 2301 de
812 2265 955 2313 populis
981 2266 1103 2302 Roma

65 2312 213 2350 condita
235 2315 519 2363 antiquioribus,
547 2327 615 2352 nec
632 2315 981 2364 Foro-Populienses
997 2344 1006 2360 ‚
1035 2328 1103 2354 nec

65 2361 351 2409 Foro-Julienses
370 2393 380 2409 ‚
408 2377 477 2403 nec
498 2366 697 2414 Appienses
719 2394 728 2409 ‚
762 2367 798 2403 in
829 2367 928 2404 hunc
956 2367 1103 2404 censum

67 2414 193 2450 venire
221 2412 397 2461 possunt,
432 2426 501 2452 nec
533 2428 577 2452 an
610 2415 821 2453 Forulenses
857 2425 931 2453 tam
964 2417 1104 2466 antiqui

64 2461 132 2499 sint
155 2462 239 2500 scio.
257 2475 368 2512 quare
379 2463 536 2512 Curenfis
546 2466 795 2512 recipiendum
814 2493 823 2508 ,
849 2477 920 2512 qua
935 2467 1103 2504 forma&

67 2512 204 2550 Plinius
236 2514 273 2549 &
308 2513 424 2550 Festus
449 2514 589 2551 incolas
628 2514 781 2551 Curium
816 2514 950 2552 dixere.
987 2517 1025 2552 ὃ(
1053 2516 1105 2552 se-

66 2563 215 2610 quentia
237 2564 308 2600 hoc
331 2566 493 2612 exigunt.
540 2564 636 2600 Cum
658 2564 795 2601 Sabinis
823 2565 922 2601 enim
946 2592 957 2608 ,
1000 2565 1036 2602 id
1055 2564 1104 2602 est

68 2612 286 2651 Curensibus
313 2642 321 2656 ,
357 2613 558 2651 convenire
588 2614 738 2663 Peligno
766 2615 838 2659 ait,
865 2623 905 2652 ut
932 2624 1103 2664 quartum

67 2663 228 2701 mensem
250 2664 403 2702 aMarte
425 2664 592 2702 dixerint.
622 2664 750 2702 Euam.
986 2696 997 2704 t

118 2726 177 2762 95.
206 2721 296 2752 Cum
310 2715 450 2763 proavis
468 2714 641 2764 Sabinis.]
671 2715 808 2762 Peligni
822 2724 883 2758 ‚ut
901 2715 1000 2753 vides
1015 2744 1025 2760 ,
1038 2727 1102 2764 ge·

40 2792 45 2793 ⁷
67 2775 134 2802 nus
154 2765 343 2809 Italicum,
370 2766 428 2802 sed
460 2766 645 2814 Illyricum
678 2766 780 2803 Festo
807 2766 1010 2815 Pompejo:
1039 2776 1101 2805 tua

68 2823 190 2853 tamen
222 2815 308 2853 fides
339 2826 434 2854 certa
464 2817 578 2861 milii,
608 2816 730 2861 Naso,
757 2818 795 2854 in
824 2817 927 2855 rebus
947 2819 1102 2856 incertis.

70 2865 245 2903 Nmpot.

119 2928 180 2964 99.
209 2923 278 2953 Nec
297 2917 438 2952 totidem
467 2916 631 2968 veteres]
685 2917 817 2966 Incipit
837 2917 1026 2956 ostendere
1047 2919 1103 2957 in—

67 2965 201 3054 }itiam
220 2976 388 3010 ¹veterum
414 2969 636 3007 Latinorum
654 2969 693 3006 in
712 2969 817 3006 rebus
837 2970 1103 3009 astronomicis.

109 3029 243 3055 sapon.

127 3080 204 3105 101.
234 3068 398 3107 Nondum
408 3068 643 3119 tradiderat.]
665 3070 772 3107 Unus
784 3069 978 3109 Mediceus
993 3099 1002 3116 ‚
1017 3085 1107 3108 non-

68 3117 151 3153 dum
172 3119 374 3156 tradideras.
404 3120 549 3157 Heius.
578 3120 690 3156 Vibi‘as
710 3131 801 3156 artes
823 3119 1100 3171 poffumusqui·

67 3166 153 3204 dem
182 3168 402 3217 interpretari
432 3181 521 3208 artes
554 3171 657 3208 simul
680 3170 792 3208 vitias
818 3183 900 3208 cum
920 3173 1101 3220 gentibus,

68 3215 128 3252 vel
152 3218 278 3264 quibus
301 3220 459 3257 Romani
490 3222 660 3269 deinceps
688 3222 850 3259 Graecos
877 3222 1100 3270 superarunt.

66 3265 205 3321 Marsus
225 3278 314 3304 artes
333 3270 443 3306 vibius
461 3272 644 3310 vidiorum
662 3299 673 3316 ,
711 3273 797 3320 quia
816 3284 874 3310 eas
903 3285 924 3309 a
954 3274 1101 3310 Graecis

66 3315 167 3355 metis
186 3318 354 3357 nondum
373 3331 596 3369 acceperant.
622 3322 682 3362 secl
701 3334 833 3361 vereor
850 3335 897 3363 ne
915 3324 1005 3363 haec
1025 3335 1102 3363 vox

2086 1195 2213 1253 Effe

1155 1326 1301 1366 librario
1332 1330 1368 1366 in
1399 1336 1564 1367 mentem
1592 1331 1736 1368 venerit
1754 1332 1799 1368 ἐκ
1825 1331 1901 1369 aliis
1919 1331 2074 1370 Nasonis
2092 1334 2232 1383 locis,-

1157 1378 1219 1416 ubi
1239 1379 1356 1416 simile
1379 1380 1569 1426 ὄξύμωρον,
1598 1381 1700 1429 quod
1719 1381 1854 1429 placuit
1877 1383 2109 1431 exscriptori,
2137 1398 2204 1424 oc-

1160 1430 1281 1467 currit.
1308 1430 1382 1467 vid.
1403 1432 1448 1468 ad
1467 1431 1577 1480 Epist.
1599 1444 1660 1470 xx.
1679 1444 1740 1479 70.
1768 1434 1806 1470 &
1829 1445 1914 1471 cum
1935 1435 1972 1471 in
1993 1447 2067 1472 uno
2082 1437 2208 1476 Medi-

1160 1492 1228 1517 ceo
1249 1481 1287 1518 &
1307 1481 1490 1520 Vaticano
1523 1482 1662 1530 legatur
1684 1511 1694 1526 ‚
1731 1483 1846 1521 doblas
1878 1484 2065 1522 victoribus
2091 1499 2206 1535 artes,

1157 1530 1256 1568 illam
1279 1531 1483 1570 lectionem
1507 1532 1769 1581 simpliciorem
1792 1536 1832 1573 &
1852 1537 2071 1583 apertiorem
2086 1539 2210 1579 credo.

1160 1581 1356 1628 Heinsius,
1385 1596 1469 1622 cum
1496 1585 1533 1621 in
1567 1597 1643 1622 uno
1673 1585 1785 1622 etiam
1805 1586 1984 1624 Mediceo
2007 1590 2102 1625 aetas
2122 1602 2206 1638 rep-

1160 1632 1302 1681 perisset
1321 1662 1331 1677 ,
1371 1637 1491 1671 auctas
1520 1636 1743 1683 conjecerat.
1775 1648 1851 1674 non
1882 1638 1990 1675 maie.
2033 1640 2069 1676 &
2101 1641 2207 1689 quod

1159 1683 1294 1721 firmari
1309 1696 1352 1721 ex
1366 1686 1544 1732 principio
1556 1686 1846 1725 Tusculanarum
1862 1688 2131 1737 Quaestionum
2143 1692 2210 1729 Ci-

1160 1735 1303 1772 ceronis
1321 1734 1447 1783 posset.
1475 1736 1607 1774 Bunm.

1214 1798 1297 1823 101.
1328 1786 1514 1824 Vtfiorihus
1540 1798 1632 1824 artes
1650 1787 1834 1836 omem]
1887 1788 2118 1828 Intromiffae
2135 1791 2206 1840 igi-

1157 1844 1215 1874 tur
1236 1836 1315 1885 post
1334 1836 1424 1874 bella
1444 1837 1601 1882 Punica;
1632 1840 1668 1875 ὅ(
1690 1840 1906 1877 Romanum
1925 1840 2014 1878 illud
2033 1841 2143 1879 robur
2163 1855 2209 1881 ac

1158 1886 1326 1925 severitas
1346 1887 1546 1936 paullulum
1577 1897 1740 1927 mutata:
1771 1889 1807 1927 id
1824 1889 1931 1939 plena
1954 1903 2066 1928 manu
2086 1904 2206 1931 anno-

1160 1939 1251 1975 tavit
1270 1940 1353 1976 miri
1373 1940 1427 1976 vir
1446 1940 1582 1988 ingenii
1603 1940 1719 1977 Aldus
1741 1941 1930 1979 Manutius
1949 1941 2009 1979 lib.
2030 1956 2057 1980 1.
2086 1943 2123 1980 in
2134 1943 2203 1982 suis

1161 1989 1362 2037 Quaesitis:
1393 1990 1451 2027 cui
1484 1990 1650 2027 addimus
1679 1991 1862 2029 Strabonis
1890 1992 2038 2037 locum,
2068 1995 2104 2031 in
2124 2006 2203 2043 quo

1162 2040 1301 2087 prorsus
1324 2041 1570 2084 contrarium3
1599 2042 1678 2078 imo
1701 2042 1846 2079 cunetas
1868 2043 2019 2091 scriptor
2042 2043 2100 2081 ille
2125 2046 2203 2082 lm-

1159 2091 1248 2138 perii
1279 2090 1399 2128 auctas
1439 2103 1527 2139 opes
1566 2092 1620 2129 his
1661 2092 1856 2139 disciplinis
1884 2096 1993 2131 refert
2025 2104 2204 2143 acceptas.

1163 2141 1298 2189 Legito
1325 2142 1415 2178 haec
1444 2154 1488 2178 ex
1519 2142 1578 2179 lib.
1600 2156 1653 2180 ix.
1705 2147 1772 2182 Kal
1799 2145 1993 2194 Ῥωμαϊκῇ
2021 2150 2207 2185 romam&

1161 2194 1216 2247 fif)
1235 2227 1246 2246 ‚
1277 2198 1491 2246 α”γφςωτὲροις
1524 2196 1627 2236 ’ἔθνεα-ι
1644 2201 1851 2248 ,πολεμέντες
1875 2230 1885 2250 ,
1934 2199 2000 2238 έὲὲν
2027 2200 2142 2239 ἐδέοντο
2170 2203 2204 2242 Ψ

1161 2251 1293 2289 ’τοιέτων
1309 2249 1562 2300 παιδώμοίτων·
1593 2253 1657 2301 «ἐφ’
1676 2248 1696 2291 ἕ
1722 2256 1741 2303 5
1771 2251 1905 2305 Ξςξοιντο
1925 2258 2000 2308 vebs
2018 2256 2207 2308 ἡμερώτεροι»

1160 2306 1233 2346 {Sin
1264 2308 1322 2354 7914*
1352 2306 1533 2361 φῦλκιτῦαᾶ
1561 2306 1806 2360 πςοιγμκτεῖοιν
1829 2309 1912 2358 ’ἔχων
1935 2340 1945 2360 7
1975 2312 2123 2349 {m‘ffivro
2142 2313 2220 2359 ³19⁶}

1160 2361 1267 2412 ’ταύτῃ
1298 2365 1342 2409 τῇ
1380 2362 1502 2414 οἱγωγῇ
1533 2391 1544 2412 ‚
1592 2365 1649 2410 usp}
1686 2365 1875 2405 κατέςησοιν
1915 2365 2050 2404 warin-m
2074 2365 2201 2413 κόμαι,

1161 2417 1336 2452 ΝεΑΡοῐ..
1558 2454 1562 2458 ,

1215 2478 1296 2501 102.
1326 2464 1425 2501 Male
1437 2465 1570 2514 form]
1603 2465 1654 2502 Ita
1674 2467 1836 2504 Catullus
1849 2478 1928 2503 xvx.
1953 2479 2008 2515 13.
2034 2468 2125 2504 male
2146 2482 2202 2506 me

1160 2528 1292 2550 marem
1316 2514 1460 2562 parastis
1480 2542 1490 2557 ,
1518 2515 1555 2552 id
1577 2515 1625 2552 est
1646 2516 1838 2554 'nominem
1861 2516 2137 2557 effaeminatum
2159 2521 2201 2557 ὅτ.

1161 2565 1326 2601 mollem.
1355 2565 1508 2602 Douza.

1214 2626 1296 2663 103.
1327 2622 1520 2651 Romanam
1541 2626 1687 2652 noverat
1708 2616 1857 2666 ἄνωγα]
1887 2617 1976 2655 Non
2000 2619 2199 2659 Graecani-

1160 2676 1240 2702 cam
1263 2680 1274 2708 ;
1324 2677 1409 2702 nam
1442 2666 1490 2703 illi
1517 2667 1644 2703 evirati
1672 2679 1802 2704 omnes
1830 2670 1868 2704 δε
1898 2668 2032 2707 deliciis
2061 2670 2199 2709 dediti:

1159 2727 1317 2763 quorum
1352 2717 1527 2766 exemplo
1565 2716 1584 2754 a
1618 2718 1748 2755 veteris
1786 2719 1934 2755 miiitiae
1974 2720 2200 2760 institutione

1160 2766 1322 2804 Romani
1338 2767 1535 2815 aliquando
1556 2768 1820 2816 degenerarunt
1838 2783 1848 2811 ;
1871 2769 1929 2806 sed
1950 2782 2024 2808 non
2040 2772 2222 2818 perinte-2·

1157 2828 1205 2854 re.
1235 2818 1443 2855 Alexander
1464 2820 1615 2856 Severus
1630 2847 1638 2861 ,
1669 2831 1751 2856 cum
1784 2821 1916 2857 milites
1934 2822 2113 2869 quosdam
2134 2835 2201 2860 au·

1158 2866 1260 2905 disset
1286 2868 1304 2905 a
1335 2868 1460 2905 tetri-eii
1489 2870 1671 2917 majorum
1694 2869 1876 2918 disciplina
1892 2870 2100 2917 recessisse,-
2119 2874 2200 2911 vin-

1158 2918 1219 2955 ciri
1237 2918 1357 2967 jui'iit3
1388 2920 1424 2955 &
1445 2920 1536 2956 haec
1558 2921 1736 2968 praefatus
1754 2932 1878 2958 coram
1905 2923 2073 2961 universo
2093 2935 2199 2961 exer-

1157 2969 1249 3005 citu:
1279 2969 1539 3006 Communem
1564 2997 1574 3014 ,
1600 2969 1633 3018 st
1661 2981 1780 3008 tamen
1808 2971 1871 3018 ista
1904 2973 2000 3010 vobis
2025 3001 2035 3017 ‚
2063 2987 2150 3024 qnae
2170 2974 2197 3011 ιὶ

1157 3019 1276 3066 ἰ’ςίίνίς
1299 3021 1399 3066 sabla
1421 3024 1507 3069 sunt
1532 3049 1542 3065 ,
1579 3021 1751 3069 displicent
1772 3049 1782 3066 ‚
1819 3022 1996 3071 disciplina
2023 3027 2198 3072 majorum

1158 3070 1415 3118 Rempublicam
1446 3082 1538 3108 tenet
1561 3084 1570 3110 ε
1606 3085 1693 3122 quae
1713 3071 1747 3120 si
1770 3073 1950 3110 dilabatur
1971 3103 1981 3119 ,
2009 3087 2052 3114 <y
2074 3089 2198 3112 nomen

1157 3126 1353 3158 Romanum
1373 3133 1416 3160 (9⁵
1436 3122 1625 3171 Imperium
1641 3123 1856 3160 amittemus.
1884 3130 2006 3175 Neque
2028 3125 2198 3174 enimsscl‘

1158 3171 1250 3208 nohis
1270 3172 1331 3219 ista
1346 3173 1511 3219 facienda
1524 3174 1610 3221 sunt
1625 3202 1634 3216 ,
1663 3187 1751 3223 quae
1761 3175 1826 3224 sub
1846 3176 1988 3224 impurd
2007 3176 2072 3212 illi
2094 3174 2196 3222 bisti&

1151 3223 1249 3266 [aiffa
1265 3223 1350 3270 sum
1365 3251 1374 3267 ‚
1403 3224 1531 3260 milites
1546 3225 1715 3261 Romani:
1744 3225 1847 3272 vestri
1860 3227 1965 3273 serii,
1995 3227 2061 3261 mei
2079 3236 2198 3260 cantu-

1155 3272 1307 3310 hernales
1337 3285 1380 3313 (5¹
1408 3274 1653 3311 commilitones
1679 3303 1688 3317 ‚
1726 3286 1871 3317 amarit,
1896 3287 2038 3323 potam,
2068 3276 2198 3309 lavant

1155 3324 1363 3362 Graecorum
1397 3338 1512 3371 more,
1539 3335 1582 3365 οῖ’
1609 3325 1747 3374 quidem
1774 3330 1805 3373 [ε
1836 3327 2018 3374 instituunt
2040 3338 2052 3368 3
2079 3335 2121 3362 α
2146 3335 2201 3398 elga

2164 3384 2213 3407 123
