<?xml version="1.0" encoding="UTF-8"?>
<!DOCTYPE html PUBLIC "-//W3C//DTD XHTML 1.0 Transitional//EN"
    "http://www.w3.org/TR/xhtml1/DTD/xhtml1-transitional.dtd">
<html xmlns="http://www.w3.org/1999/xhtml" xml:lang="en" lang="en">
 <head>
  <title>
</title>
<meta http-equiv="Content-Type" content="text/html;charset=utf-8" />
  <meta name='ocr-system' content='tesseract 3.04.00' />
  <meta name='ocr-capabilities' content='ocr_page ocr_carea ocr_par ocr_line ocrx_word'/>
</head>
<body>
  <div class='ocr_page' id='page_1' title='image "./publiiovidiinaso03ovid_0143.png"; bbox 0 0 2495 3675; ppageno 0'>
   <div class='ocr_carea' id='block_1_1' title="bbox 413 143 1800 231">
    <p class='ocr_par' dir='ltr' id='par_1_1' title="bbox 413 143 1800 231">
     <span class='ocr_line' id='line_1_1' title="bbox 413 143 1800 231; baseline -0.006 -17"><span class='ocrx_word' id='word_1_1' title='bbox 413 143 1353 231; x_wconf 84' lang='lat' dir='ltr'>FASTORUM</span> <span class='ocrx_word' id='word_1_2' title='bbox 1464 149 1800 207; x_wconf 48' lang='lat' dir='ltr'>121ss.st</span> 
     </span>
    </p>
   </div>
   <div class='ocr_carea' id='block_1_2' title="bbox 2123 171 2224 221">
    <p class='ocr_par' dir='ltr' id='par_1_2' title="bbox 2123 171 2224 221">
     <span class='ocr_line' id='line_1_2' title="bbox 2123 171 2224 221; baseline 0 -17"><span class='ocrx_word' id='word_1_3' title='bbox 2123 171 2224 221; x_wconf 71' lang='lat'>129</span> 
     </span>
    </p>
   </div>
   <div class='ocr_carea' id='block_1_3' title="bbox 376 258 1705 332">
    <p class='ocr_par' dir='ltr' id='par_1_3' title="bbox 376 258 1705 332">
     <span class='ocr_line' id='line_1_3' title="bbox 376 258 1705 332; baseline -0.008 -6"><span class='ocrx_word' id='word_1_4' title='bbox 376 268 539 326; x_wconf 82' lang='lat' dir='ltr'>Forte</span> <span class='ocrx_word' id='word_1_5' title='bbox 562 269 662 325; x_wconf 91' lang='lat' dir='ltr'>fuit</span> <span class='ocrx_word' id='word_1_6' title='bbox 686 269 839 332; x_wconf 81' lang='lat' dir='ltr'>Nais,</span> <span class='ocrx_word' id='word_1_7' title='bbox 878 267 1019 322; x_wconf 90' lang='lat' dir='ltr'>Lara</span> <span class='ocrx_word' id='word_1_8' title='bbox 1043 260 1287 318; x_wconf 87' lang='lat' dir='ltr'>nomine:</span> <span class='ocrx_word' id='word_1_9' title='bbox 1325 258 1496 332; x_wconf 91' lang='lat' dir='ltr'>prima</span> <span class='ocrx_word' id='word_1_10' title='bbox 1519 258 1611 314; x_wconf 90' lang='lat' dir='ltr'>sed</span> <span class='ocrx_word' id='word_1_11' title='bbox 1634 260 1705 315; x_wconf 89' lang='lat' dir='ltr'>illi</span> 
     </span>
    </p>
   </div>
   <div class='ocr_carea' id='block_1_4' title="bbox 229 346 336 398">
    <p class='ocr_par' dir='ltr' id='par_1_4' title="bbox 229 346 336 398">
     <span class='ocr_line' id='line_1_4' title="bbox 229 346 336 398; baseline 0.009 -1"><span class='ocrx_word' id='word_1_12' title='bbox 229 346 336 398; x_wconf 84' lang='lat'>600</span> 
     </span>
    </p>
   </div>
   <div class='ocr_carea' id='block_1_5' title="bbox 444 333 1608 411">
    <p class='ocr_par' dir='ltr' id='par_1_5' title="bbox 444 333 1608 411">
     <span class='ocr_line' id='line_1_5' title="bbox 444 333 1608 411; baseline -0.012 -13"><span class='ocrx_word' id='word_1_13' title='bbox 444 342 601 397; x_wconf 67' lang='lat' dir='ltr'>Diem</span> <span class='ocrx_word' id='word_1_14' title='bbox 626 342 701 396; x_wconf 86' lang='lat' dir='ltr'>bis</span> <span class='ocrx_word' id='word_1_15' title='bbox 725 341 1001 411; x_wconf 88' lang='lat' dir='ltr'>antiquum</span> <span class='ocrx_word' id='word_1_16' title='bbox 1026 333 1215 406; x_wconf 86' lang='lat' dir='ltr'>syllaba</span> <span class='ocrx_word' id='word_1_17' title='bbox 1239 349 1439 387; x_wconf 90' lang='lat' dir='ltr'>nomen</span> <span class='ocrx_word' id='word_1_18' title='bbox 1464 344 1577 386; x_wconf 89' lang='lat' dir='ltr'>erat</span> <span class='ocrx_word' id='word_1_19' title='bbox 1592 368 1608 394; x_wconf 93' lang='lat'>,</span> 
     </span>
    </p>
   </div>
   <div class='ocr_carea' id='block_1_6' title="bbox 227 405 1809 1056">
    <p class='ocr_par' dir='ltr' id='par_1_6' title="bbox 227 405 1809 1056">
     <span class='ocr_line' id='line_1_6' title="bbox 373 405 1625 486; baseline -0.014 -13"><span class='ocrx_word' id='word_1_20' title='bbox 373 415 461 473; x_wconf 88' lang='lat' dir='ltr'>Ex</span> <span class='ocrx_word' id='word_1_21' title='bbox 485 417 617 471; x_wconf 89' lang='lat' dir='ltr'>vitio</span> <span class='ocrx_word' id='word_1_22' title='bbox 642 413 884 486; x_wconf 76' lang='lat' dir='ltr'>positum.</span> <span class='ocrx_word' id='word_1_23' title='bbox 923 410 1076 480; x_wconf 85' lang='lat' dir='ltr'>saepe</span> <span class='ocrx_word' id='word_1_24' title='bbox 1101 406 1174 460; x_wconf 88' lang='lat' dir='ltr'>illi</span> <span class='ocrx_word' id='word_1_25' title='bbox 1199 405 1407 460; x_wconf 82' lang='lat' dir='ltr'>dixerat</span> <span class='ocrx_word' id='word_1_26' title='bbox 1433 405 1625 467; x_wconf 79' lang='lat' dir='ltr'>Alme,</span> 
     </span>
     <span class='ocr_line' id='line_1_7' title="bbox 446 477 1688 552; baseline -0.011 -9"><span class='ocrx_word' id='word_1_27' title='bbox 446 491 610 550; x_wconf 88' lang='lat' dir='ltr'>Nata,</span> <span class='ocrx_word' id='word_1_28' title='bbox 649 500 771 538; x_wconf 90' lang='lat' dir='ltr'>tene</span> <span class='ocrx_word' id='word_1_29' title='bbox 798 483 1048 552; x_wconf 88' lang='lat' dir='ltr'>linguam.</span> <span class='ocrx_word' id='word_1_30' title='bbox 1087 496 1188 532; x_wconf 87' lang='lat' dir='ltr'>nec</span> <span class='ocrx_word' id='word_1_31' title='bbox 1212 491 1389 531; x_wconf 91' lang='lat' dir='ltr'>tamen</span> <span class='ocrx_word' id='word_1_32' title='bbox 1415 477 1497 531; x_wconf 90' lang='lat' dir='ltr'>illa</span> <span class='ocrx_word' id='word_1_33' title='bbox 1523 490 1688 531; x_wconf 91' lang='lat' dir='ltr'>tenet.</span> 
     </span>
     <span class='ocr_line' id='line_1_8' title="bbox 375 548 1752 632; baseline -0.007 -18"><span class='ocrx_word' id='word_1_34' title='bbox 375 564 557 632; x_wconf 80' lang='lat' dir='ltr'>Quae,</span> <span class='ocrx_word' id='word_1_35' title='bbox 593 556 740 611; x_wconf 89' lang='lat' dir='ltr'>fimul</span> <span class='ocrx_word' id='word_1_36' title='bbox 765 572 826 608; x_wconf 87' lang='lat' dir='ltr'>ac</span> <span class='ocrx_word' id='word_1_37' title='bbox 853 554 1028 624; x_wconf 88' lang='lat' dir='ltr'>tetigit</span> <span class='ocrx_word' id='word_1_38' title='bbox 1048 551 1306 621; x_wconf 89' lang='lat' dir='ltr'>Juturnae</span> <span class='ocrx_word' id='word_1_39' title='bbox 1332 548 1505 619; x_wconf 88' lang='lat' dir='ltr'>stagna</span> <span class='ocrx_word' id='word_1_40' title='bbox 1531 548 1752 613; x_wconf 82' lang='lat' dir='ltr'>sororis,</span> 
     </span>
     <span class='ocr_line' id='line_1_9' title="bbox 438 621 1676 699; baseline -0.006 -15"><span class='ocrx_word' id='word_1_41' title='bbox 438 631 658 699; x_wconf 86' lang='lat' dir='ltr'>Effuge,</span> <span class='ocrx_word' id='word_1_42' title='bbox 699 628 768 681; x_wconf 90' lang='lat' dir='ltr'>ait</span> <span class='ocrx_word' id='word_1_43' title='bbox 793 666 809 689; x_wconf 93' lang='lat'>,</span> <span class='ocrx_word' id='word_1_44' title='bbox 847 627 1012 698; x_wconf 85' lang='lat' dir='ltr'><strong>ripas:</strong></span> <span class='ocrx_word' id='word_1_45' title='bbox 1053 623 1192 678; x_wconf 67' lang='lat' dir='ltr'>dicia</span> <span class='ocrx_word' id='word_1_46' title='bbox 1219 621 1494 692; x_wconf 82' lang='lat' dir='ltr'>refertque</span> <span class='ocrx_word' id='word_1_47' title='bbox 1515 622 1676 691; x_wconf 71' lang='lat' dir='ltr'>jovis</span> 
     </span>
     <span class='ocr_line' id='line_1_10' title="bbox 227 696 1769 774; baseline -0.008 -13"><span class='ocrx_word' id='word_1_48' title='bbox 227 711 331 774; x_wconf 85' lang='lat'>605</span> <span class='ocrx_word' id='word_1_49' title='bbox 369 705 454 760; x_wconf 92' lang='lat' dir='ltr'>Illa</span> <span class='ocrx_word' id='word_1_50' title='bbox 478 702 634 757; x_wconf 89' lang='lat' dir='ltr'>etiam</span> <span class='ocrx_word' id='word_1_51' title='bbox 657 698 924 770; x_wconf 86' lang='lat' dir='ltr'>Junonem</span> <span class='ocrx_word' id='word_1_52' title='bbox 951 697 1105 752; x_wconf 89' lang='lat' dir='ltr'>adiit:</span> <span class='ocrx_word' id='word_1_53' title='bbox 1148 696 1495 766; x_wconf 83' lang='lat' dir='ltr'>miserataque</span> <span class='ocrx_word' id='word_1_54' title='bbox 1520 708 1769 766; x_wconf 86' lang='lat' dir='ltr'>nuptam,</span> 
     </span>
     <span class='ocr_line' id='line_1_11' title="bbox 435 767 1615 842; baseline -0.008 -13"><span class='ocrx_word' id='word_1_55' title='bbox 435 775 607 829; x_wconf 68' lang='lat' dir='ltr'>Naida</span> <span class='ocrx_word' id='word_1_56' title='bbox 625 772 909 842; x_wconf 78' lang='lat' dir='ltr'>juturnam</span> <span class='ocrx_word' id='word_1_57' title='bbox 934 771 1013 826; x_wconf 90' lang='lat' dir='ltr'>vir</span> <span class='ocrx_word' id='word_1_58' title='bbox 1038 784 1186 832; x_wconf 81' lang='lat' dir='ltr'>tuuS,</span> <span class='ocrx_word' id='word_1_59' title='bbox 1223 767 1394 839; x_wconf 90' lang='lat' dir='ltr'>inquit</span> <span class='ocrx_word' id='word_1_60' title='bbox 1410 806 1425 830; x_wconf 91' lang='lat'>‚</span> <span class='ocrx_word' id='word_1_61' title='bbox 1461 782 1615 821; x_wconf 89' lang='lat' dir='ltr'>amat.</span> 
     </span>
     <span class='ocr_line' id='line_1_12' title="bbox 365 838 1809 919; baseline -0.006 -17"><span class='ocrx_word' id='word_1_62' title='bbox 365 847 611 919; x_wconf 90' lang='lat' dir='ltr'>Juppiter</span> <span class='ocrx_word' id='word_1_63' title='bbox 635 845 916 899; x_wconf 88' lang='lat' dir='ltr'>intumuit:</span> <span class='ocrx_word' id='word_1_64' title='bbox 954 845 1167 915; x_wconf 74' lang='lat' dir='ltr'>quaque</span> <span class='ocrx_word' id='word_1_65' title='bbox 1195 839 1270 894; x_wconf 89' lang='lat' dir='ltr'>est</span> <span class='ocrx_word' id='word_1_66' title='bbox 1294 857 1401 893; x_wconf 91' lang='lat' dir='ltr'>non</span> <span class='ocrx_word' id='word_1_67' title='bbox 1429 839 1517 892; x_wconf 87' lang='lat' dir='ltr'>usa</span> <span class='ocrx_word' id='word_1_68' title='bbox 1541 838 1809 901; x_wconf 85' lang='lat' dir='ltr'>modeste,</span> 
     </span>
     <span class='ocr_line' id='line_1_13' title="bbox 446 914 1646 990; baseline -0.008 -17"><span class='ocrx_word' id='word_1_69' title='bbox 446 917 658 990; x_wconf 88' lang='lat' dir='ltr'>Eripuit</span> <span class='ocrx_word' id='word_1_70' title='bbox 683 919 943 988; x_wconf 87' lang='lat' dir='ltr'>linguam:</span> <span class='ocrx_word' id='word_1_71' title='bbox 983 914 1432 984; x_wconf 86' lang='lat' dir='ltr'>Mercuriumque</span> <span class='ocrx_word' id='word_1_72' title='bbox 1457 925 1646 974; x_wconf 89' lang='lat' dir='ltr'>vocat;</span> 
     </span>
     <span class='ocr_line' id='line_1_14' title="bbox 361 984 1749 1056; baseline -0.009 -9"><span class='ocrx_word' id='word_1_73' title='bbox 361 992 517 1056; x_wconf 85' lang='lat' dir='ltr'>Due,</span> <span class='ocrx_word' id='word_1_74' title='bbox 554 990 735 1052; x_wconf 85' lang='lat' dir='ltr'>ait,ad</span> <span class='ocrx_word' id='word_1_75' title='bbox 753 990 968 1043; x_wconf 80' lang='lat' dir='ltr'>Manes:</span> <span class='ocrx_word' id='word_1_76' title='bbox 1008 988 1156 1042; x_wconf 88' lang='lat' dir='ltr'>locus</span> <span class='ocrx_word' id='word_1_77' title='bbox 1179 986 1267 1039; x_wconf 85' lang='lat' dir='ltr'>iile</span> <span class='ocrx_word' id='word_1_78' title='bbox 1293 984 1559 1039; x_wconf 82' lang='lat' dir='ltr'>filentibus</span> <span class='ocrx_word' id='word_1_79' title='bbox 1584 995 1749 1054; x_wconf 79' lang='lat' dir='ltr'>aptus,</span> 
     </span>
    </p>
   </div>
   <div class='ocr_carea' id='block_1_7' title="bbox 218 1069 322 1120">
    <p class='ocr_par' dir='ltr' id='par_1_7' title="bbox 218 1069 322 1120">
     <span class='ocr_line' id='line_1_15' title="bbox 218 1069 322 1120; baseline 0 0"><span class='ocrx_word' id='word_1_80' title='bbox 218 1069 322 1120; x_wconf 89' lang='lat'>610</span> 
     </span>
    </p>
   </div>
   <div class='ocr_carea' id='block_1_8' title="bbox 434 1054 1794 1136">
    <p class='ocr_par' dir='ltr' id='par_1_8' title="bbox 434 1054 1794 1136">
     <span class='ocr_line' id='line_1_16' title="bbox 434 1054 1794 1136; baseline -0.008 -16"><span class='ocrx_word' id='word_1_81' title='bbox 434 1064 712 1136; x_wconf 83' lang='lat' dir='ltr'>Nvmpha‚</span> <span class='ocrx_word' id='word_1_82' title='bbox 750 1062 840 1118; x_wconf 88' lang='lat' dir='ltr'>sed</span> <span class='ocrx_word' id='word_1_83' title='bbox 865 1061 1103 1115; x_wconf 87' lang='lat' dir='ltr'>infernae</span> <span class='ocrx_word' id='word_1_84' title='bbox 1129 1058 1377 1130; x_wconf 84' lang='lat' dir='ltr'>Nympha</span> <span class='ocrx_word' id='word_1_85' title='bbox 1405 1055 1638 1127; x_wconf 90' lang='lat' dir='ltr'>paludis,</span> <span class='ocrx_word' id='word_1_86' title='bbox 1677 1054 1794 1111; x_wconf 86' lang='lat' dir='ltr'>erit.</span> 
     </span>
    </p>
   </div>
   <div class='ocr_carea' id='block_1_9' title="bbox 361 1125 1492 1278">
    <p class='ocr_par' dir='ltr' id='par_1_9' title="bbox 361 1125 1492 1278">
     <span class='ocr_line' id='line_1_17' title="bbox 361 1125 1470 1211; baseline -0.01 -18"><span class='ocrx_word' id='word_1_87' title='bbox 361 1125 662 1211; x_wconf 69' lang='lat' dir='ltr'>Jufl&#39;aJovis</span> <span class='ocrx_word' id='word_1_88' title='bbox 688 1136 835 1189; x_wconf 85' lang='lat' dir='ltr'>fiunt.</span> <span class='ocrx_word' id='word_1_89' title='bbox 866 1133 1071 1204; x_wconf 89' lang='lat' dir='ltr'>accepit</span> <span class='ocrx_word' id='word_1_90' title='bbox 1095 1133 1242 1186; x_wconf 90' lang='lat' dir='ltr'>lucus</span> <span class='ocrx_word' id='word_1_91' title='bbox 1267 1144 1470 1184; x_wconf 82' lang='lat' dir='ltr'>euntes,</span> 
     </span>
     <span class='ocr_line' id='line_1_18' title="bbox 439 1201 1492 1278; baseline -0.009 -12"><span class='ocrx_word' id='word_1_92' title='bbox 439 1210 651 1266; x_wconf 84' lang='lat' dir='ltr'>Dicitur</span> <span class='ocrx_word' id='word_1_93' title='bbox 677 1208 761 1264; x_wconf 90' lang='lat' dir='ltr'>illa</span> <span class='ocrx_word' id='word_1_94' title='bbox 786 1207 912 1262; x_wconf 88' lang='lat' dir='ltr'>duci</span> <span class='ocrx_word' id='word_1_95' title='bbox 941 1222 1056 1261; x_wconf 91' lang='lat' dir='ltr'>tum</span> <span class='ocrx_word' id='word_1_96' title='bbox 1082 1203 1326 1278; x_wconf 76' lang='lat' dir='ltr'>placuisse</span> <span class='ocrx_word' id='word_1_97' title='bbox 1351 1201 1492 1257; x_wconf 78' lang='lat' dir='ltr'>Deo,</span> 
     </span>
    </p>
   </div>
   <div class='ocr_carea' id='block_1_10' title="bbox 77 1419 1126 3285">
    <p class='ocr_par' dir='ltr' id='par_1_10' title="bbox 127 1419 1038 1474">
     <span class='ocr_line' id='line_1_19' title="bbox 127 1419 1038 1474; baseline -0.007 -11"><span class='ocrx_word' id='word_1_98' title='bbox 127 1435 216 1474; x_wconf 80' lang='lat'><strong>599.</strong></span> <span class='ocrx_word' id='word_1_99' title='bbox 245 1423 373 1474; x_wconf 85' lang='lat' dir='ltr'>Nais.]</span> <span class='ocrx_word' id='word_1_100' title='bbox 404 1420 564 1473; x_wconf 67' lang='lat' dir='ltr'>Nymphe</span> <span class='ocrx_word' id='word_1_101' title='bbox 580 1429 663 1459; x_wconf 86' lang='lat' dir='ltr'>tres.</span> <span class='ocrx_word' id='word_1_102' title='bbox 684 1419 850 1471; x_wconf 69' lang='lat' dir='ltr'>Nympha</span> <span class='ocrx_word' id='word_1_103' title='bbox 866 1420 1038 1458; x_wconf 86' lang='lat' dir='ltr'>Vatican.</span> 
     </span>
    </p>

    <p class='ocr_par' dir='ltr' id='par_1_11' title="bbox 77 1467 1122 1877">
     <span class='ocr_line' id='line_1_20' title="bbox 130 1467 1118 1524; baseline -0.007 -11"><span class='ocrx_word' id='word_1_104' title='bbox 130 1488 217 1524; x_wconf 79' lang='lat'><strong>599.</strong></span> <span class='ocrx_word' id='word_1_105' title='bbox 247 1482 315 1512; x_wconf 87' lang='lat' dir='ltr'>Lar</span> <span class='ocrx_word' id='word_1_106' title='bbox 335 1473 510 1523; x_wconf 81' lang='lat' dir='ltr'>nomine.]</span> <span class='ocrx_word' id='word_1_107' title='bbox 548 1472 600 1510; x_wconf 85' lang='lat' dir='ltr'>Ita</span> <span class='ocrx_word' id='word_1_108' title='bbox 628 1481 770 1516; x_wconf 89' lang='lat' dir='ltr'>textus,</span> <span class='ocrx_word' id='word_1_109' title='bbox 798 1483 909 1520; x_wconf 87' lang='lat' dir='ltr'>quem</span> <span class='ocrx_word' id='word_1_110' title='bbox 939 1467 1118 1507; x_wconf 78' lang='lat' dir='ltr'>recensuit</span> 
     </span>
     <span class='ocr_line' id='line_1_21' title="bbox 77 1519 1118 1574; baseline -0.007 -10"><span class='ocrx_word' id='word_1_111' title='bbox 77 1526 134 1565; x_wconf 86' lang='lat' dir='ltr'>vir</span> <span class='ocrx_word' id='word_1_112' title='bbox 156 1537 308 1574; x_wconf 83' lang='lat' dir='ltr'>magnus</span> <span class='ocrx_word' id='word_1_113' title='bbox 330 1553 341 1570; x_wconf 92' lang='lat'><strong><em>‚</em></strong></span> <span class='ocrx_word' id='word_1_114' title='bbox 378 1526 416 1563; x_wconf 89' lang='lat'>&amp;</span> <span class='ocrx_word' id='word_1_115' title='bbox 442 1523 668 1563; x_wconf 84' lang='lat' dir='ltr'>inemendati</span> <span class='ocrx_word' id='word_1_116' title='bbox 697 1522 836 1570; x_wconf 81' lang='lat' dir='ltr'>aliquot</span> <span class='ocrx_word' id='word_1_117' title='bbox 859 1521 1028 1565; x_wconf 79' lang='lat' dir='ltr'>codices3</span> <span class='ocrx_word' id='word_1_118' title='bbox 1058 1519 1118 1558; x_wconf 88' lang='lat' dir='ltr'>sed</span> 
     </span>
     <span class='ocr_line' id='line_1_22' title="bbox 80 1570 1120 1624; baseline -0.007 -10"><span class='ocrx_word' id='word_1_119' title='bbox 80 1578 242 1614; x_wconf 91' lang='lat' dir='ltr'>omnino</span> <span class='ocrx_word' id='word_1_120' title='bbox 269 1576 466 1624; x_wconf 84' lang='lat' dir='ltr'>legendum</span> <span class='ocrx_word' id='word_1_121' title='bbox 499 1587 542 1612; x_wconf 84' lang='lat' dir='ltr'>ex</span> <span class='ocrx_word' id='word_1_122' title='bbox 570 1574 674 1611; x_wconf 89' lang='lat' dir='ltr'>bonis</span> <span class='ocrx_word' id='word_1_123' title='bbox 693 1601 704 1617; x_wconf 92' lang='lat'>‚</span> <span class='ocrx_word' id='word_1_124' title='bbox 741 1578 835 1609; x_wconf 87' lang='lat' dir='ltr'>Lara</span> <span class='ocrx_word' id='word_1_125' title='bbox 854 1574 1000 1609; x_wconf 86' lang='lat' dir='ltr'>nomine.</span> <span class='ocrx_word' id='word_1_126' title='bbox 1044 1570 1120 1608; x_wconf 88' lang='lat' dir='ltr'>Fir-</span> 
     </span>
     <span class='ocr_line' id='line_1_23' title="bbox 80 1624 1122 1673; baseline -0.007 -9"><span class='ocrx_word' id='word_1_127' title='bbox 80 1628 252 1664; x_wconf 85' lang='lat' dir='ltr'>mianus:</span> <span class='ocrx_word' id='word_1_128' title='bbox 291 1627 380 1673; x_wconf 56' lang='lat' dir='ltr'>Quis</span> <span class='ocrx_word' id='word_1_129' title='bbox 407 1639 485 1662; x_wconf 80' lang='lat' dir='ltr'>cum</span> <span class='ocrx_word' id='word_1_130' title='bbox 514 1624 637 1660; x_wconf 85' lang='lat' dir='ltr'>audiat</span> <span class='ocrx_word' id='word_1_131' title='bbox 665 1629 777 1660; x_wconf 86' lang='lat' dir='ltr'>Deam</span> <span class='ocrx_word' id='word_1_132' title='bbox 814 1629 984 1666; x_wconf 79' lang='lat' dir='ltr'>Mutum,</span> <span class='ocrx_word' id='word_1_133' title='bbox 1010 1632 1122 1658; x_wconf 81' lang='lat' dir='ltr'>tenere</span> 
     </span>
     <span class='ocr_line' id='line_1_24' title="bbox 81 1673 1113 1726; baseline -0.005 -13"><span class='ocrx_word' id='word_1_134' title='bbox 81 1675 189 1724; x_wconf 83' lang='lat' dir='ltr'>risum</span> <span class='ocrx_word' id='word_1_135' title='bbox 209 1685 338 1726; x_wconf 82' lang='lat' dir='ltr'>queat?</span> <span class='ocrx_word' id='word_1_136' title='bbox 364 1675 455 1713; x_wconf 84' lang='lat' dir='ltr'>hanc</span> <span class='ocrx_word' id='word_1_137' title='bbox 476 1676 533 1723; x_wconf 76' lang='lat' dir='ltr'>effe</span> <span class='ocrx_word' id='word_1_138' title='bbox 550 1675 670 1711; x_wconf 84' lang='lat' dir='ltr'>dicunt</span> <span class='ocrx_word' id='word_1_139' title='bbox 687 1703 695 1716; x_wconf 82' lang='lat'>,</span> <span class='ocrx_word' id='word_1_140' title='bbox 722 1687 763 1711; x_wconf 82' lang='lat' dir='ltr'>ex</span> <span class='ocrx_word' id='word_1_141' title='bbox 792 1673 864 1723; x_wconf 66' lang='lat' dir='ltr'>qud</span> <span class='ocrx_word' id='word_1_142' title='bbox 885 1673 962 1709; x_wconf 84' lang='lat' dir='ltr'>nati</span> <span class='ocrx_word' id='word_1_143' title='bbox 984 1678 1090 1709; x_wconf 86' lang='lat' dir='ltr'><em>Lares</em></span> <span class='ocrx_word' id='word_1_144' title='bbox 1102 1687 1113 1715; x_wconf 87' lang='lat'>;</span> 
     </span>
     <span class='ocr_line' id='line_1_25' title="bbox 81 1723 1117 1775; baseline -0.006 -9"><span class='ocrx_word' id='word_1_145' title='bbox 81 1737 126 1766; x_wconf 61' lang='lat'>(9⁶</span> <span class='ocrx_word' id='word_1_146' title='bbox 142 1726 248 1775; x_wconf 82' lang='lat' dir='ltr'><em>ipsam</em></span> <span class='ocrx_word' id='word_1_147' title='bbox 271 1732 399 1763; x_wconf 85' lang='lat' dir='ltr'>Laram</span> <span class='ocrx_word' id='word_1_148' title='bbox 412 1727 594 1764; x_wconf 82' lang='lat' dir='ltr'>nominant</span> <span class='ocrx_word' id='word_1_149' title='bbox 606 1753 615 1768; x_wconf 84' lang='lat'>‚</span> <span class='ocrx_word' id='word_1_150' title='bbox 629 1725 686 1761; x_wconf 79' lang='lat' dir='ltr'>vel</span> <span class='ocrx_word' id='word_1_151' title='bbox 710 1725 924 1762; x_wconf 86' lang='lat' dir='ltr'>Larundam.</span> <span class='ocrx_word' id='word_1_152' title='bbox 940 1723 1040 1772; x_wconf 89' lang='lat' dir='ltr'>quod</span> <span class='ocrx_word' id='word_1_153' title='bbox 1053 1735 1117 1760; x_wconf 82' lang='lat' dir='ltr'>ve-</span> 
     </span>
     <span class='ocr_line' id='line_1_26' title="bbox 80 1774 1119 1821; baseline -0.002 -7"><span class='ocrx_word' id='word_1_154' title='bbox 80 1776 268 1815; x_wconf 82' lang='lat' dir='ltr'>rissimum.</span> <span class='ocrx_word' id='word_1_155' title='bbox 296 1775 461 1821; x_wconf 84' lang='lat' dir='ltr'>Gloffae,</span> <span class='ocrx_word' id='word_1_156' title='bbox 491 1774 858 1820; x_wconf 60' lang='lat' dir='ltr'>Larunda‚sam6wu</span> <span class='ocrx_word' id='word_1_157' title='bbox 881 1776 1010 1820; x_wconf 72' lang='grc' dir='ltr'><strong><em>μήτηρ.</em></strong></span> <span class='ocrx_word' id='word_1_158' title='bbox 1035 1774 1119 1812; x_wconf 87' lang='lat' dir='ltr'>Au-</span> 
     </span>
     <span class='ocr_line' id='line_1_27' title="bbox 80 1825 603 1877; baseline 0 -12"><span class='ocrx_word' id='word_1_159' title='bbox 80 1825 202 1865; x_wconf 90' lang='lat' dir='ltr'>sonius</span> <span class='ocrx_word' id='word_1_160' title='bbox 223 1829 258 1865; x_wconf 90' lang='lat' dir='ltr'>in</span> <span class='ocrx_word' id='word_1_161' title='bbox 278 1827 446 1877; x_wconf 90' lang='lat' dir='ltr'>Edylliis:</span> <span class='ocrx_word' id='word_1_162' title='bbox 598 1867 603 1872; x_wconf 73' lang='grc'><em>,</em></span> 
     </span>
    </p>

    <p class='ocr_par' dir='ltr' id='par_1_12' title="bbox 79 1876 1126 3285">
     <span class='ocr_line' id='line_1_28' title="bbox 137 1876 1069 1926; baseline -0.002 -11"><span class='ocrx_word' id='word_1_163' title='bbox 137 1883 209 1915; x_wconf 84' lang='lat' dir='ltr'>Nec</span> <span class='ocrx_word' id='word_1_164' title='bbox 228 1878 354 1916; x_wconf 80' lang='lat' dir='ltr'>Genius</span> <span class='ocrx_word' id='word_1_165' title='bbox 370 1878 556 1922; x_wconf 85' lang='lat' dir='ltr'>domuum,</span> <span class='ocrx_word' id='word_1_166' title='bbox 585 1876 757 1914; x_wconf 62' lang='lat' dir='ltr'>Larunda</span> <span class='ocrx_word' id='word_1_167' title='bbox 772 1876 966 1926; x_wconf 84' lang='lat' dir='ltr'>progenitus</span> <span class='ocrx_word' id='word_1_168' title='bbox 989 1881 1069 1913; x_wconf 88' lang='lat' dir='ltr'>Lar.</span> 
     </span>
     <span class='ocr_line' id='line_1_29' title="bbox 82 1926 1118 1967; baseline -0.003 -1"><span class='ocrx_word' id='word_1_169' title='bbox 82 1929 259 1967; x_wconf 73' lang='grc' dir='ltr'>ΝεΑΡοι.</span> <span class='ocrx_word' id='word_1_170' title='bbox 303 1934 393 1966; x_wconf 82' lang='lat' dir='ltr'>Lara</span> <span class='ocrx_word' id='word_1_171' title='bbox 415 1930 553 1966; x_wconf 88' lang='lat' dir='ltr'>Mazar.</span> <span class='ocrx_word' id='word_1_172' title='bbox 590 1928 731 1966; x_wconf 84' lang='lat' dir='ltr'>Zulich.</span> <span class='ocrx_word' id='word_1_173' title='bbox 769 1928 874 1966; x_wconf 89' lang='lat' dir='ltr'>Laeti</span> <span class='ocrx_word' id='word_1_174' title='bbox 904 1929 941 1964; x_wconf 72' lang='grc' dir='ltr'>δί</span> <span class='ocrx_word' id='word_1_175' title='bbox 962 1926 1021 1965; x_wconf 85' lang='lat' dir='ltr'>sex</span> <span class='ocrx_word' id='word_1_176' title='bbox 1044 1926 1118 1964; x_wconf 87' lang='lat' dir='ltr'>alii.</span> 
     </span>
     <span class='ocr_line' id='line_1_30' title="bbox 80 1979 1117 2028; baseline -0.004 -11"><span class='ocrx_word' id='word_1_177' title='bbox 80 1979 329 2027; x_wconf 86' lang='lat' dir='ltr'>quomodo&amp;</span> <span class='ocrx_word' id='word_1_178' title='bbox 351 1992 395 2017; x_wconf 87' lang='lat' dir='ltr'>ex</span> <span class='ocrx_word' id='word_1_179' title='bbox 418 1980 612 2017; x_wconf 64' lang='lat' dir='ltr'>Laetantio</span> <span class='ocrx_word' id='word_1_180' title='bbox 637 1979 822 2028; x_wconf 86' lang='lat' dir='ltr'>Neapolis.</span> <span class='ocrx_word' id='word_1_181' title='bbox 864 1979 1021 2026; x_wconf 86' lang='lat' dir='ltr'>optime.</span> <span class='ocrx_word' id='word_1_182' title='bbox 1050 1982 1117 2013; x_wconf 88' lang='lat' dir='ltr'>La-</span> 
     </span>
     <span class='ocr_line' id='line_1_31' title="bbox 79 2028 1121 2078; baseline -0.002 -13"><span class='ocrx_word' id='word_1_183' title='bbox 79 2042 121 2066; x_wconf 85' lang='lat' dir='ltr'>ra</span> <span class='ocrx_word' id='word_1_184' title='bbox 142 2030 253 2066; x_wconf 85' lang='lat' dir='ltr'>etiam</span> <span class='ocrx_word' id='word_1_185' title='bbox 277 2029 325 2067; x_wconf 88' lang='lat' dir='ltr'>est</span> <span class='ocrx_word' id='word_1_186' title='bbox 345 2031 514 2068; x_wconf 87' lang='lat' dir='ltr'>Varroni.</span> <span class='ocrx_word' id='word_1_187' title='bbox 538 2029 625 2067; x_wconf 87' lang='lat' dir='ltr'>Lala</span> <span class='ocrx_word' id='word_1_188' title='bbox 645 2031 801 2078; x_wconf 85' lang='lat' dir='ltr'>antiquis</span> <span class='ocrx_word' id='word_1_189' title='bbox 823 2028 918 2066; x_wconf 63' lang='lat' dir='ltr'>dieta</span> <span class='ocrx_word' id='word_1_190' title='bbox 933 2056 943 2071; x_wconf 90' lang='lat'><strong>‚</strong></span> <span class='ocrx_word' id='word_1_191' title='bbox 969 2028 1042 2064; x_wconf 74' lang='grc' dir='ltr'>ἀπό</span> <span class='ocrx_word' id='word_1_192' title='bbox 1059 2029 1121 2064; x_wconf 76' lang='grc' dir='ltr'>τοῦ</span> 
     </span>
     <span class='ocr_line' id='line_1_32' title="bbox 81 2079 1123 2129; baseline -0.001 -13"><span class='ocrx_word' id='word_1_193' title='bbox 81 2080 220 2116; x_wconf 69' lang='grc' dir='ltr'>λαλεῖν.</span> <span class='ocrx_word' id='word_1_194' title='bbox 248 2080 419 2118; x_wconf 86' lang='lat' dir='ltr'>homines</span> <span class='ocrx_word' id='word_1_195' title='bbox 439 2081 537 2118; x_wconf 88' lang='lat' dir='ltr'>enim</span> <span class='ocrx_word' id='word_1_196' title='bbox 560 2080 719 2129; x_wconf 80' lang='lat' dir='ltr'>garrulos</span> <span class='ocrx_word' id='word_1_197' title='bbox 746 2082 784 2117; x_wconf 88' lang='lat'>&amp;</span> <span class='ocrx_word' id='word_1_198' title='bbox 813 2080 986 2128; x_wconf 84' lang='lat' dir='ltr'>loquaces</span> <span class='ocrx_word' id='word_1_199' title='bbox 1007 2079 1123 2115; x_wconf 80' lang='lat' dir='ltr'>Grae-</span> 
     </span>
     <span class='ocr_line' id='line_1_33' title="bbox 80 2130 1120 2180; baseline -0.001 -13"><span class='ocrx_word' id='word_1_200' title='bbox 80 2131 114 2167; x_wconf 92' lang='lat' dir='ltr'>ci</span> <span class='ocrx_word' id='word_1_201' title='bbox 132 2131 272 2172; x_wconf 78' lang='grc' dir='ltr'>λαίλους</span> <span class='ocrx_word' id='word_1_202' title='bbox 290 2130 482 2175; x_wconf 77' lang='lat' dir='ltr'>dicebant,</span> <span class='ocrx_word' id='word_1_203' title='bbox 511 2132 548 2168; x_wconf 90' lang='lat'>&amp;</span> <span class='ocrx_word' id='word_1_204' title='bbox 569 2131 708 2166; x_wconf 71' lang='grc' dir='ltr'>λαλέειν</span> <span class='ocrx_word' id='word_1_205' title='bbox 729 2131 992 2180; x_wconf 83' lang='lat' dir='ltr'>loquacitatem</span> <span class='ocrx_word' id='word_1_206' title='bbox 1029 2141 1120 2166; x_wconf 90' lang='lat' dir='ltr'>con-</span> 
     </span>
     <span class='ocr_line' id='line_1_34' title="bbox 80 2178 1118 2229; baseline -0.002 -12"><span class='ocrx_word' id='word_1_207' title='bbox 80 2187 132 2218; x_wconf 90' lang='lat' dir='ltr'>tra</span> <span class='ocrx_word' id='word_1_208' title='bbox 152 2181 316 2223; x_wconf 72' lang='grc' dir='ltr'>ἀλάλους</span> <span class='ocrx_word' id='word_1_209' title='bbox 336 2181 502 2219; x_wconf 83' lang='lat' dir='ltr'>infantes.</span> <span class='ocrx_word' id='word_1_210' title='bbox 531 2181 667 2219; x_wconf 85' lang='lat' dir='ltr'>Gellius</span> <span class='ocrx_word' id='word_1_211' title='bbox 689 2193 715 2217; x_wconf 89' lang='lat'><strong>1.</strong></span> <span class='ocrx_word' id='word_1_212' title='bbox 736 2193 789 2229; x_wconf 81' lang='lat'>15.</span> <span class='ocrx_word' id='word_1_213' title='bbox 818 2182 980 2228; x_wconf 52' lang='lat' dir='ltr'>§Quorum</span> <span class='ocrx_word' id='word_1_214' title='bbox 999 2178 1118 2227; x_wconf 74' lang='lat' dir='ltr'>lingua</span> 
     </span>
     <span class='ocr_line' id='line_1_35' title="bbox 83 2230 1120 2281; baseline -0.001 -14"><span class='ocrx_word' id='word_1_215' title='bbox 83 2241 158 2267; x_wconf 80' lang='lat' dir='ltr'>tam</span> <span class='ocrx_word' id='word_1_216' title='bbox 176 2231 316 2280; x_wconf 79' lang='lat' dir='ltr'>prodiga</span> <span class='ocrx_word' id='word_1_217' title='bbox 346 2232 545 2281; x_wconf 84' lang='lat' dir='ltr'>effrenisque</span> <span class='ocrx_word' id='word_1_218' title='bbox 561 2260 569 2274; x_wconf 97' lang='lat'>,</span> <span class='ocrx_word' id='word_1_219' title='bbox 601 2243 640 2267; x_wconf 85' lang='lat' dir='ltr'>ut</span> <span class='ocrx_word' id='word_1_220' title='bbox 659 2230 755 2280; x_wconf 90' lang='lat' dir='ltr'>fluat</span> <span class='ocrx_word' id='word_1_221' title='bbox 777 2235 909 2281; x_wconf 81' lang='lat' dir='ltr'>semper</span> <span class='ocrx_word' id='word_1_222' title='bbox 934 2242 976 2270; x_wconf 61' lang='grc' dir='ltr'>(ρ’</span> <span class='ocrx_word' id='word_1_223' title='bbox 996 2231 1120 2274; x_wconf 78' lang='lat' dir='ltr'>aestuet</span> 
     </span>
     <span class='ocr_line' id='line_1_36' title="bbox 80 2280 1120 2332; baseline 0 -14"><span class='ocrx_word' id='word_1_224' title='bbox 80 2280 262 2318; x_wconf 76' lang='lat' dir='ltr'>verborum</span> <span class='ocrx_word' id='word_1_225' title='bbox 275 2281 462 2318; x_wconf 82' lang='lat' dir='ltr'>colluvione</span> <span class='ocrx_word' id='word_1_226' title='bbox 477 2282 656 2319; x_wconf 84' lang='lat' dir='ltr'>teterrima</span> <span class='ocrx_word' id='word_1_227' title='bbox 669 2310 678 2326; x_wconf 89' lang='lat'><em>‚</em></span> <span class='ocrx_word' id='word_1_228' title='bbox 708 2282 798 2332; x_wconf 84' lang='lat' dir='ltr'>quod</span> <span class='ocrx_word' id='word_1_229' title='bbox 813 2294 918 2329; x_wconf 82' lang='lat' dir='ltr'>genus</span> <span class='ocrx_word' id='word_1_230' title='bbox 938 2281 1120 2318; x_wconf 78' lang='lat' dir='ltr'>hominum</span> 
     </span>
     <span class='ocr_line' id='line_1_37' title="bbox 82 2330 1122 2380; baseline 0.002 -13"><span class='ocrx_word' id='word_1_231' title='bbox 82 2330 107 2367; x_wconf 73' lang='grc' dir='ltr'>ὰ</span> <span class='ocrx_word' id='word_1_232' title='bbox 128 2332 263 2368; x_wconf 78' lang='lat' dir='ltr'>Graecis</span> <span class='ocrx_word' id='word_1_233' title='bbox 279 2331 578 2380; x_wconf 81' lang='lat' dir='ltr'>fignificantiffi&#39;mo</span> <span class='ocrx_word' id='word_1_234' title='bbox 588 2333 753 2369; x_wconf 83' lang='lat' dir='ltr'>vocabulo</span> <span class='ocrx_word' id='word_1_235' title='bbox 772 2336 911 2372; x_wconf 75' lang='grc' dir='ltr'>λάλους</span> <span class='ocrx_word' id='word_1_236' title='bbox 929 2330 1122 2380; x_wconf 81' lang='lat' dir='ltr'>appellatos.</span> 
     </span>
     <span class='ocr_line' id='line_1_38' title="bbox 82 2381 1121 2430; baseline 0 -13"><span class='ocrx_word' id='word_1_237' title='bbox 82 2381 156 2417; x_wconf 71' lang='lat' dir='ltr'>hoc</span> <span class='ocrx_word' id='word_1_238' title='bbox 174 2383 281 2429; x_wconf 85' lang='lat' dir='ltr'>igitur</span> <span class='ocrx_word' id='word_1_239' title='bbox 302 2383 379 2419; x_wconf 89' lang='lat' dir='ltr'>vult</span> <span class='ocrx_word' id='word_1_240' title='bbox 400 2383 498 2420; x_wconf 87' lang='lat' dir='ltr'>Naso</span> <span class='ocrx_word' id='word_1_241' title='bbox 514 2384 625 2420; x_wconf 83' lang='lat' dir='ltr'>Lalae</span> <span class='ocrx_word' id='word_1_242' title='bbox 645 2395 690 2420; x_wconf 89' lang='lat' dir='ltr'>ex</span> <span class='ocrx_word' id='word_1_243' title='bbox 710 2383 803 2420; x_wconf 89' lang='lat' dir='ltr'>vitio</span> <span class='ocrx_word' id='word_1_244' title='bbox 819 2382 1031 2430; x_wconf 87' lang='lat' dir='ltr'>garrulitatis</span> <span class='ocrx_word' id='word_1_245' title='bbox 1053 2394 1121 2418; x_wconf 91' lang='lat' dir='ltr'>no-</span> 
     </span>
     <span class='ocr_line' id='line_1_39' title="bbox 86 2429 1121 2479; baseline 0.005 -13"><span class='ocrx_word' id='word_1_246' title='bbox 86 2441 172 2466; x_wconf 88' lang='lat' dir='ltr'>men</span> <span class='ocrx_word' id='word_1_247' title='bbox 194 2429 294 2467; x_wconf 81' lang='lat' dir='ltr'>fuiffe</span> <span class='ocrx_word' id='word_1_248' title='bbox 317 2432 487 2469; x_wconf 86' lang='lat' dir='ltr'>inditum.</span> <span class='ocrx_word' id='word_1_249' title='bbox 523 2433 559 2468; x_wconf 89' lang='lat' dir='ltr'>in</span> <span class='ocrx_word' id='word_1_250' title='bbox 591 2433 736 2469; x_wconf 84' lang='lat' dir='ltr'>Gruteri</span> <span class='ocrx_word' id='word_1_251' title='bbox 769 2432 1065 2477; x_wconf 77' lang='lat' dir='ltr'>inscriptionibus</span> <span class='ocrx_word' id='word_1_252' title='bbox 1085 2444 1121 2479; x_wconf 90' lang='lat' dir='ltr'>p.</span> 
     </span>
     <span class='ocr_line' id='line_1_40' title="bbox 86 2479 1119 2517; baseline 0.001 -1"><span class='ocrx_word' id='word_1_253' title='bbox 86 2479 259 2516; x_wconf 76' lang='lat' dir='ltr'><strong>MCVII.</strong></span> <span class='ocrx_word' id='word_1_254' title='bbox 296 2480 331 2516; x_wconf 85' lang='lat'>8.</span> <span class='ocrx_word' id='word_1_255' title='bbox 373 2481 416 2515; x_wconf 86' lang='lat' dir='ltr'><strong>L.</strong></span> <span class='ocrx_word' id='word_1_256' title='bbox 455 2481 664 2517; x_wconf 84' lang='lat' dir='ltr'><strong>GAVIVS.</strong></span> <span class='ocrx_word' id='word_1_257' title='bbox 689 2482 732 2517; x_wconf 93' lang='lat' dir='ltr'>C.</span> <span class='ocrx_word' id='word_1_258' title='bbox 761 2482 805 2517; x_wconf 92' lang='lat' dir='ltr'>L.</span> <span class='ocrx_word' id='word_1_259' title='bbox 835 2482 1022 2517; x_wconf 77' lang='lat' dir='ltr'><strong>LALVS.</strong></span> <span class='ocrx_word' id='word_1_260' title='bbox 1055 2492 1119 2517; x_wconf 92' lang='lat' dir='ltr'>oc-</span> 
     </span>
     <span class='ocr_line' id='line_1_41' title="bbox 86 2530 1120 2576; baseline 0.001 -10"><span class='ocrx_word' id='word_1_261' title='bbox 86 2530 195 2566; x_wconf 86' lang='lat' dir='ltr'>currit</span> <span class='ocrx_word' id='word_1_262' title='bbox 225 2530 261 2565; x_wconf 89' lang='lat'>&amp;</span> <span class='ocrx_word' id='word_1_263' title='bbox 291 2541 324 2575; x_wconf 90' lang='lat' dir='ltr'><strong>p.</strong></span> <span class='ocrx_word' id='word_1_264' title='bbox 360 2530 555 2566; x_wconf 90' lang='lat' dir='ltr'><strong>DXCVII.</strong></span> <span class='ocrx_word' id='word_1_265' title='bbox 592 2530 770 2575; x_wconf 69' lang='lat' dir='ltr'>JVLIVS</span> <span class='ocrx_word' id='word_1_266' title='bbox 807 2530 990 2565; x_wconf 82' lang='lat' dir='ltr'><strong>LALVS.</strong></span> <span class='ocrx_word' id='word_1_267' title='bbox 1019 2531 1056 2566; x_wconf 86' lang='lat'>&amp;</span> <span class='ocrx_word' id='word_1_268' title='bbox 1086 2542 1120 2576; x_wconf 89' lang='lat' dir='ltr'>p.</span> 
     </span>
     <span class='ocr_line' id='line_1_42' title="bbox 82 2579 1122 2617; baseline -0.003 0"><span class='ocrx_word' id='word_1_269' title='bbox 82 2579 460 2617; x_wconf 58' lang='lat' dir='ltr'>DCCCCLXXXll.</span> <span class='ocrx_word' id='word_1_270' title='bbox 503 2580 551 2616; x_wconf 94' lang='lat' dir='ltr'>D.</span> <span class='ocrx_word' id='word_1_271' title='bbox 587 2579 853 2617; x_wconf 66' lang='lat' dir='ltr'><strong>LABERIVS.</strong></span> <span class='ocrx_word' id='word_1_272' title='bbox 881 2579 927 2615; x_wconf 88' lang='lat'>1).</span> <span class='ocrx_word' id='word_1_273' title='bbox 959 2580 1001 2615; x_wconf 81' lang='lat' dir='ltr'><strong>L.</strong></span> <span class='ocrx_word' id='word_1_274' title='bbox 1031 2579 1122 2615; x_wconf 73' lang='lat' dir='ltr'>LA-</span> 
     </span>
     <span class='ocr_line' id='line_1_43' title="bbox 85 2629 1120 2677; baseline 0 -11"><span class='ocrx_word' id='word_1_275' title='bbox 85 2629 196 2667; x_wconf 89' lang='lat' dir='ltr'><strong>LVS.</strong></span> <span class='ocrx_word' id='word_1_276' title='bbox 236 2641 270 2677; x_wconf 91' lang='lat' dir='ltr'>p.</span> <span class='ocrx_word' id='word_1_277' title='bbox 301 2629 447 2669; x_wconf 85' lang='lat' dir='ltr'><strong>DCVI.</strong></span> <span class='ocrx_word' id='word_1_278' title='bbox 479 2630 650 2667; x_wconf 75' lang='lat' dir='ltr'>LALVS</span> <span class='ocrx_word' id='word_1_279' title='bbox 692 2630 762 2666; x_wconf 80' lang='lat' dir='ltr'>ET</span> <span class='ocrx_word' id='word_1_280' title='bbox 790 2629 1120 2666; x_wconf 72' lang='lat' dir='ltr'><strong>CORINTHVS.</strong></span> 
     </span>
     <span class='ocr_line' id='line_1_44' title="bbox 83 2679 1122 2728; baseline -0.001 -11"><span class='ocrx_word' id='word_1_281' title='bbox 83 2679 181 2717; x_wconf 86' lang='lat' dir='ltr'>unde</span> <span class='ocrx_word' id='word_1_282' title='bbox 201 2687 347 2727; x_wconf 85' lang='lat' dir='ltr'>apparet</span> <span class='ocrx_word' id='word_1_283' title='bbox 363 2680 398 2716; x_wconf 92' lang='lat' dir='ltr'>id</span> <span class='ocrx_word' id='word_1_284' title='bbox 418 2692 557 2717; x_wconf 85' lang='lat' dir='ltr'>nomen</span> <span class='ocrx_word' id='word_1_285' title='bbox 577 2680 683 2718; x_wconf 89' lang='lat' dir='ltr'>servis</span> <span class='ocrx_word' id='word_1_286' title='bbox 712 2680 731 2717; x_wconf 74' lang='lat' dir='ltr'>a</span> <span class='ocrx_word' id='word_1_287' title='bbox 756 2681 932 2717; x_wconf 86' lang='lat' dir='ltr'>Romanis</span> <span class='ocrx_word' id='word_1_288' title='bbox 952 2680 1122 2728; x_wconf 72' lang='lat' dir='ltr'>srequen-</span> 
     </span>
     <span class='ocr_line' id='line_1_45' title="bbox 84 2728 1121 2777; baseline 0 -10"><span class='ocrx_word' id='word_1_289' title='bbox 84 2739 138 2768; x_wconf 89' lang='lat' dir='ltr'>ter</span> <span class='ocrx_word' id='word_1_290' title='bbox 171 2731 323 2767; x_wconf 90' lang='lat' dir='ltr'>inditum</span> <span class='ocrx_word' id='word_1_291' title='bbox 360 2728 471 2767; x_wconf 77' lang='lat' dir='ltr'>fuiffe.</span> <span class='ocrx_word' id='word_1_292' title='bbox 500 2731 612 2768; x_wconf 83' lang='lat' dir='ltr'>rursus</span> <span class='ocrx_word' id='word_1_293' title='bbox 633 2731 726 2777; x_wconf 85' lang='lat' dir='ltr'>apud</span> <span class='ocrx_word' id='word_1_294' title='bbox 745 2730 904 2767; x_wconf 88' lang='lat' dir='ltr'>eundem</span> <span class='ocrx_word' id='word_1_295' title='bbox 921 2730 1121 2767; x_wconf 87' lang='lat' dir='ltr'>Gruterum</span> 
     </span>
     <span class='ocr_line' id='line_1_46' title="bbox 84 2780 1120 2829; baseline -0.001 -11"><span class='ocrx_word' id='word_1_296' title='bbox 84 2793 119 2829; x_wconf 88' lang='lat' dir='ltr'>p.</span> <span class='ocrx_word' id='word_1_297' title='bbox 140 2780 423 2818; x_wconf 83' lang='lat' dir='ltr'><strong>CCXXXVIII.</strong></span> <span class='ocrx_word' id='word_1_298' title='bbox 462 2781 505 2817; x_wconf 91' lang='lat' dir='ltr'>C.</span> <span class='ocrx_word' id='word_1_299' title='bbox 534 2780 774 2818; x_wconf 76' lang='lat' dir='ltr'>MVRDIVS</span> <span class='ocrx_word' id='word_1_300' title='bbox 805 2780 977 2817; x_wconf 80' lang='lat' dir='ltr'><strong>LALVS</strong></span> <span class='ocrx_word' id='word_1_301' title='bbox 1011 2781 1048 2817; x_wconf 89' lang='lat'>&amp;</span> <span class='ocrx_word' id='word_1_302' title='bbox 1078 2781 1120 2818; x_wconf 88' lang='lat' dir='ltr'>C.</span> 
     </span>
     <span class='ocr_line' id='line_1_47' title="bbox 86 2831 1121 2878; baseline -0.002 -10"><span class='ocrx_word' id='word_1_303' title='bbox 86 2831 329 2868; x_wconf 84' lang='lat' dir='ltr'>MVRDIVS</span> <span class='ocrx_word' id='word_1_304' title='bbox 374 2831 784 2869; x_wconf 61' lang='lat' dir='ltr'><strong>DEMOSTHENES.</strong></span> <span class='ocrx_word' id='word_1_305' title='bbox 833 2831 920 2866; x_wconf 85' lang='lat' dir='ltr'>Lala</span> <span class='ocrx_word' id='word_1_306' title='bbox 946 2831 1121 2878; x_wconf 69' lang='lat' dir='ltr'>Cyzicena</span> 
     </span>
     <span class='ocr_line' id='line_1_48' title="bbox 85 2880 1121 2929; baseline -0.001 -10"><span class='ocrx_word' id='word_1_307' title='bbox 85 2881 205 2919; x_wconf 87' lang='lat' dir='ltr'>Plinio</span> <span class='ocrx_word' id='word_1_308' title='bbox 234 2881 375 2918; x_wconf 85' lang='lat' dir='ltr'>laudata</span> <span class='ocrx_word' id='word_1_309' title='bbox 413 2883 506 2919; x_wconf 84' lang='lat' dir='ltr'>inter</span> <span class='ocrx_word' id='word_1_310' title='bbox 548 2882 708 2929; x_wconf 62' lang='lat' dir='ltr'>pifturae</span> <span class='ocrx_word' id='word_1_311' title='bbox 738 2880 891 2925; x_wconf 85' lang='lat' dir='ltr'>artifices</span> <span class='ocrx_word' id='word_1_312' title='bbox 921 2881 979 2918; x_wconf 86' lang='lat' dir='ltr'>lib.</span> <span class='ocrx_word' id='word_1_313' title='bbox 1008 2894 1121 2918; x_wconf 80' lang='lat' dir='ltr'><strong>xxxv.</strong></span> 
     </span>
     <span class='ocr_line' id='line_1_49' title="bbox 87 2931 1122 2979; baseline -0.004 -10"><span class='ocrx_word' id='word_1_314' title='bbox 87 2943 164 2979; x_wconf 88' lang='lat' dir='ltr'>cap.</span> <span class='ocrx_word' id='word_1_315' title='bbox 186 2944 210 2968; x_wconf 90' lang='lat'><strong>1.</strong></span> <span class='ocrx_word' id='word_1_316' title='bbox 241 2931 386 2969; x_wconf 49' lang='lat' dir='ltr'>Herus.</span> <span class='ocrx_word' id='word_1_317' title='bbox 413 2932 460 2969; x_wconf 88' lang='lat' dir='ltr'>Et</span> <span class='ocrx_word' id='word_1_318' title='bbox 479 2934 526 2969; x_wconf 85' lang='lat' dir='ltr'>ita</span> <span class='ocrx_word' id='word_1_319' title='bbox 547 2933 696 2970; x_wconf 87' lang='lat' dir='ltr'>Casaub.</span> <span class='ocrx_word' id='word_1_320' title='bbox 716 2932 760 2969; x_wconf 92' lang='lat' dir='ltr'>ad</span> <span class='ocrx_word' id='word_1_321' title='bbox 783 2931 958 2978; x_wconf 86' lang='lat' dir='ltr'>Theoph.</span> <span class='ocrx_word' id='word_1_322' title='bbox 978 2935 1056 2972; x_wconf 75' lang='grc' dir='ltr'>περὶ</span> <span class='ocrx_word' id='word_1_323' title='bbox 1079 2934 1122 2966; x_wconf 80' lang='grc' dir='ltr'>ἀ-</span> 
     </span>
     <span class='ocr_line' id='line_1_50' title="bbox 86 2981 1123 3031; baseline -0.001 -11"><span class='ocrx_word' id='word_1_324' title='bbox 86 2981 280 3027; x_wconf 74' lang='grc' dir='ltr'>δολεσχίας</span> <span class='ocrx_word' id='word_1_325' title='bbox 291 3011 299 3022; x_wconf 86' lang='grc'><strong>.</strong></span> <span class='ocrx_word' id='word_1_326' title='bbox 314 2981 495 3031; x_wconf 85' lang='lat' dir='ltr'>distinguit</span> <span class='ocrx_word' id='word_1_327' title='bbox 516 2995 595 3020; x_wconf 84' lang='lat' dir='ltr'>earn</span> <span class='ocrx_word' id='word_1_328' title='bbox 619 2982 638 3020; x_wconf 73' lang='lat' dir='ltr'>a</span> <span class='ocrx_word' id='word_1_329' title='bbox 653 2983 771 3030; x_wconf 69' lang='grc' dir='ltr'>λαλὶᾳ</span> <span class='ocrx_word' id='word_1_330' title='bbox 784 3010 793 3025; x_wconf 90' lang='grc'><em>,</em></span> <span class='ocrx_word' id='word_1_331' title='bbox 806 2994 900 3030; x_wconf 83' lang='lat' dir='ltr'>quae</span> <span class='ocrx_word' id='word_1_332' title='bbox 914 2981 961 3019; x_wconf 83' lang='lat' dir='ltr'>est</span> <span class='ocrx_word' id='word_1_333' title='bbox 974 2983 1123 3025; x_wconf 87' lang='lat' dir='ltr'>vitium,</span> 
     </span>
     <span class='ocr_line' id='line_1_51' title="bbox 89 3033 1119 3081; baseline 0 -12"><span class='ocrx_word' id='word_1_334' title='bbox 89 3044 165 3080; x_wconf 90' lang='lat' dir='ltr'>quo</span> <span class='ocrx_word' id='word_1_335' title='bbox 203 3041 371 3069; x_wconf 82' lang='lat' dir='ltr'>tenentur</span> <span class='ocrx_word' id='word_1_336' title='bbox 398 3033 452 3072; x_wconf 86' lang='lat' dir='ltr'>ii&#39;.</span> <span class='ocrx_word' id='word_1_337' title='bbox 489 3033 551 3081; x_wconf 88' lang='lat' dir='ltr'>qui</span> <span class='ocrx_word' id='word_1_338' title='bbox 569 3042 745 3081; x_wconf 86' lang='lat' dir='ltr'>perpetuo</span> <span class='ocrx_word' id='word_1_339' title='bbox 767 3033 893 3081; x_wconf 87' lang='lat' dir='ltr'>loqui,</span> <span class='ocrx_word' id='word_1_340' title='bbox 916 3043 1119 3079; x_wconf 83' lang='lat' dir='ltr'>numquam</span> 
     </span>
     <span class='ocr_line' id='line_1_52' title="bbox 89 3082 1123 3132; baseline 0.001 -13"><span class='ocrx_word' id='word_1_341' title='bbox 89 3090 229 3126; x_wconf 87' lang='lat' dir='ltr'>tacere,</span> <span class='ocrx_word' id='word_1_342' title='bbox 259 3091 319 3119; x_wconf 88' lang='lat' dir='ltr'>aut</span> <span class='ocrx_word' id='word_1_343' title='bbox 341 3083 397 3120; x_wconf 84' lang='lat' dir='ltr'>alii</span> <span class='ocrx_word' id='word_1_344' title='bbox 420 3083 515 3120; x_wconf 88' lang='lat' dir='ltr'>vices</span> <span class='ocrx_word' id='word_1_345' title='bbox 534 3083 710 3132; x_wconf 90' lang='lat' dir='ltr'>loquendi</span> <span class='ocrx_word' id='word_1_346' title='bbox 729 3082 868 3120; x_wconf 85' lang='lat' dir='ltr'>tradere</span> <span class='ocrx_word' id='word_1_347' title='bbox 899 3094 975 3120; x_wconf 93' lang='lat' dir='ltr'>non</span> <span class='ocrx_word' id='word_1_348' title='bbox 996 3083 1123 3120; x_wconf 88' lang='lat' dir='ltr'>solent.</span> 
     </span>
     <span class='ocr_line' id='line_1_53' title="bbox 92 3131 1124 3181; baseline 0.002 -13"><span class='ocrx_word' id='word_1_349' title='bbox 92 3131 147 3168; x_wconf 82' lang='lat' dir='ltr'>Ita</span> <span class='ocrx_word' id='word_1_350' title='bbox 165 3132 201 3169; x_wconf 90' lang='lat' dir='ltr'>in</span> <span class='ocrx_word' id='word_1_351' title='bbox 223 3134 493 3181; x_wconf 71' lang='lat' dir='ltr'>Epigrammate</span> <span class='ocrx_word' id='word_1_352' title='bbox 514 3134 657 3171; x_wconf 86' lang='lat' dir='ltr'>Graeco</span> <span class='ocrx_word' id='word_1_353' title='bbox 676 3134 812 3171; x_wconf 80' lang='lat' dir='ltr'>lib.111.</span> <span class='ocrx_word' id='word_1_354' title='bbox 835 3134 1124 3180; x_wconf 82' lang='lat' dir='ltr'>Anth.cap.x11.</span> 
     </span>
     <span class='ocr_line' id='line_1_54' title="bbox 94 3183 1125 3231; baseline 0.001 -12"><span class='ocrx_word' id='word_1_355' title='bbox 94 3192 174 3228; x_wconf 80' lang='lat' dir='ltr'>pag.</span> <span class='ocrx_word' id='word_1_356' title='bbox 197 3193 278 3229; x_wconf 84' lang='lat'>33¹·</span> <span class='ocrx_word' id='word_1_357' title='bbox 326 3184 489 3221; x_wconf 82' lang='lat' dir='ltr'>foemina</span> <span class='ocrx_word' id='word_1_358' title='bbox 519 3185 712 3228; x_wconf 72' lang='grc' dir='ltr'>πολύμυθος</span> <span class='ocrx_word' id='word_1_359' title='bbox 756 3183 938 3231; x_wconf 86' lang='lat' dir='ltr'>eleganter</span> <span class='ocrx_word' id='word_1_360' title='bbox 971 3193 1125 3221; x_wconf 84' lang='lat' dir='ltr'>vocatur</span> 
     </span>
     <span class='ocr_line' id='line_1_55' title="bbox 96 3234 1126 3285; baseline -0.002 -14"><span class='ocrx_word' id='word_1_361' title='bbox 96 3234 210 3271; x_wconf 60' lang='grc' dir='ltr'>λάλος</span> <span class='ocrx_word' id='word_1_362' title='bbox 237 3244 337 3266; x_wconf 70' lang='lat' dir='ltr'>mem</span> <span class='ocrx_word' id='word_1_363' title='bbox 358 3261 367 3274; x_wconf 89' lang='lat'>‚</span> <span class='ocrx_word' id='word_1_364' title='bbox 399 3234 473 3281; x_wconf 81' lang='lat' dir='ltr'>pica</span> <span class='ocrx_word' id='word_1_365' title='bbox 494 3234 634 3285; x_wconf 79' lang='lat' dir='ltr'>loquax.</span> <span class='ocrx_word' id='word_1_366' title='bbox 663 3243 702 3272; x_wconf 90' lang='lat' dir='ltr'>ut</span> <span class='ocrx_word' id='word_1_367' title='bbox 741 3234 837 3281; x_wconf 86' lang='lat' dir='ltr'>apud</span> <span class='ocrx_word' id='word_1_368' title='bbox 870 3234 1019 3273; x_wconf 81' lang='lat' dir='ltr'>Petron.</span> <span class='ocrx_word' id='word_1_369' title='bbox 1048 3245 1126 3281; x_wconf 81' lang='lat' dir='ltr'>cap.</span> 
     </span>
    </p>
   </div>
   <div class='ocr_carea' id='block_1_11' title="bbox 97 3280 1127 3372">
    <p class='ocr_par' dir='ltr' id='par_1_13' title="bbox 97 3280 1127 3372">
     <span class='ocr_line' id='line_1_56' title="bbox 97 3280 1127 3370; baseline 0.006 -53"><span class='ocrx_word' id='word_1_370' title='bbox 97 3291 241 3319; x_wconf 79' lang='lat' dir='ltr'>xxxvii.</span> <span class='ocrx_word' id='word_1_371' title='bbox 274 3280 543 3370; x_wconf 42' lang='lat' dir='ltr'>qulaelllz&#39;Yguae</span> <span class='ocrx_word' id='word_1_372' title='bbox 565 3313 576 3331; x_wconf 94' lang='lat'>‚</span> <span class='ocrx_word' id='word_1_373' title='bbox 621 3285 703 3326; x_wconf 82' lang='lat' dir='ltr'>Pica</span> <span class='ocrx_word' id='word_1_374' title='bbox 728 3284 944 3335; x_wconf 74' lang='lat' dir='ltr'>pulvinaris.</span> <span class='ocrx_word' id='word_1_375' title='bbox 1001 3284 1127 3323; x_wconf 81' lang='lat' dir='ltr'>Alexis</span> 
     </span>
     <span class='ocr_line' id='line_1_57' title="bbox 302 3343 460 3372; baseline 0.006 -5"><span class='ocrx_word' id='word_1_376' title='bbox 302 3343 365 3370; x_wconf 86' lang='lat' dir='ltr'>om.</span> <span class='ocrx_word' id='word_1_377' title='bbox 453 3360 460 3372; x_wconf 83' lang='lat'>,</span> 
     </span>
    </p>
   </div>
   <div class='ocr_carea' id='block_1_12' title="bbox 2088 1275 2220 1332">
    <p class='ocr_par' dir='ltr' id='par_1_14' title="bbox 2088 1275 2220 1332">
     <span class='ocr_line' id='line_1_58' title="bbox 2088 1275 2220 1332; baseline -0.015 0"><span class='ocrx_word' id='word_1_378' title='bbox 2088 1275 2220 1332; x_wconf 86' lang='lat' dir='ltr'>Vim</span> 
     </span>
    </p>
   </div>
   <div class='ocr_carea' id='block_1_13' title="bbox 1167 1409 2223 3365">
    <p class='ocr_par' dir='ltr' id='par_1_15' title="bbox 1172 1409 2218 1555">
     <span class='ocr_line' id='line_1_59' title="bbox 1172 1409 2218 1466; baseline -0.003 -12"><span class='ocrx_word' id='word_1_379' title='bbox 1172 1414 1269 1466; x_wconf 87' lang='lat' dir='ltr'>apud</span> <span class='ocrx_word' id='word_1_380' title='bbox 1289 1414 1424 1452; x_wconf 81' lang='lat' dir='ltr'>Athen.</span> <span class='ocrx_word' id='word_1_381' title='bbox 1442 1412 1504 1453; x_wconf 84' lang='lat' dir='ltr'>lib.</span> <span class='ocrx_word' id='word_1_382' title='bbox 1524 1424 1579 1452; x_wconf 74' lang='lat' dir='ltr'><strong>IV.</strong></span> <span class='ocrx_word' id='word_1_383' title='bbox 1592 1424 1626 1459; x_wconf 85' lang='grc'>4.</span> <span class='ocrx_word' id='word_1_384' title='bbox 1651 1412 1722 1450; x_wconf 70' lang='grc' dir='ltr'>Σοῦ</span> <span class='ocrx_word' id='word_1_385' title='bbox 1740 1409 1773 1449; x_wconf 73' lang='grc' dir='ltr'>δ’</span> <span class='ocrx_word' id='word_1_386' title='bbox 1789 1411 1863 1458; x_wconf 72' lang='grc' dir='ltr'>’ἐγω</span> <span class='ocrx_word' id='word_1_387' title='bbox 1883 1413 2081 1458; x_wconf 53' lang='lat' dir='ltr'>‘&#39;iam-epau</span> <span class='ocrx_word' id='word_1_388' title='bbox 2106 1410 2218 1451; x_wconf 74' lang='grc' dir='ltr'>οὐπώ-</span> 
     </span>
     <span class='ocr_line' id='line_1_60' title="bbox 1173 1463 2218 1511; baseline -0.001 -8"><span class='ocrx_word' id='word_1_389' title='bbox 1173 1468 1257 1503; x_wconf 78' lang='grc' dir='ltr'>ποτ’</span> <span class='ocrx_word' id='word_1_390' title='bbox 1276 1463 1364 1503; x_wconf 71' lang='grc' dir='ltr'>εἶδον</span> <span class='ocrx_word' id='word_1_391' title='bbox 1381 1465 1463 1503; x_wconf 69' lang='grc' dir='ltr'>οὔτε</span> <span class='ocrx_word' id='word_1_392' title='bbox 1490 1464 1695 1511; x_wconf 71' lang='grc' dir='ltr'><strong><em>κερκώπην,</em></strong></span> <span class='ocrx_word' id='word_1_393' title='bbox 1736 1467 1859 1511; x_wconf 71' lang='grc' dir='ltr'><em>γύναι,</em></span> <span class='ocrx_word' id='word_1_394' title='bbox 1886 1463 1923 1500; x_wconf 76' lang='grc' dir='ltr'>οὐ</span> <span class='ocrx_word' id='word_1_395' title='bbox 1948 1465 2109 1509; x_wconf 66' lang='lat' dir='ltr'>xire-xv,</span> <span class='ocrx_word' id='word_1_396' title='bbox 2145 1465 2218 1502; x_wconf 85' lang='lat' dir='ltr'>&amp;c.</span> 
     </span>
     <span class='ocr_line' id='line_1_61' title="bbox 1174 1518 1307 1555; baseline 0 0"><span class='ocrx_word' id='word_1_397' title='bbox 1174 1518 1307 1555; x_wconf 70' lang='lat' dir='ltr'>Bunm.</span> 
     </span>
    </p>

    <p class='ocr_par' dir='ltr' id='par_1_16' title="bbox 1174 1564 2219 1668">
     <span class='ocr_line' id='line_1_62' title="bbox 1229 1564 2219 1618; baseline -0.005 -12"><span class='ocrx_word' id='word_1_398' title='bbox 1229 1580 1313 1618; x_wconf 82' lang='lat'><strong>599.</strong></span> <span class='ocrx_word' id='word_1_399' title='bbox 1342 1568 1464 1605; x_wconf 85' lang='lat' dir='ltr'>Prima</span> <span class='ocrx_word' id='word_1_400' title='bbox 1484 1567 1543 1614; x_wconf 81' lang='lat' dir='ltr'>sed</span> <span class='ocrx_word' id='word_1_401' title='bbox 1561 1566 1616 1604; x_wconf 78' lang='lat' dir='ltr'>illi</span> <span class='ocrx_word' id='word_1_402' title='bbox 1638 1566 1744 1604; x_wconf 61' lang='lat' dir='ltr'>Dicta</span> <span class='ocrx_word' id='word_1_403' title='bbox 1767 1566 1815 1603; x_wconf 84' lang='lat' dir='ltr'>bis</span> <span class='ocrx_word' id='word_1_404' title='bbox 1830 1565 2010 1617; x_wconf 63' lang='lat' dir='ltr'>syllabas]</span> <span class='ocrx_word' id='word_1_405' title='bbox 2058 1564 2188 1602; x_wconf 71' lang='lat' dir='ltr'>Latara</span> <span class='ocrx_word' id='word_1_406' title='bbox 2206 1592 2219 1610; x_wconf 92' lang='lat'>,</span> 
     </span>
     <span class='ocr_line' id='line_1_63' title="bbox 1174 1618 1984 1668; baseline -0.005 -10"><span class='ocrx_word' id='word_1_407' title='bbox 1174 1621 1319 1668; x_wconf 89' lang='lat' dir='ltr'>inquit,</span> <span class='ocrx_word' id='word_1_408' title='bbox 1348 1620 1416 1657; x_wconf 85' lang='lat' dir='ltr'>fuit</span> <span class='ocrx_word' id='word_1_409' title='bbox 1436 1619 1468 1656; x_wconf 90' lang='lat' dir='ltr'>ei</span> <span class='ocrx_word' id='word_1_410' title='bbox 1490 1620 1650 1666; x_wconf 90' lang='lat' dir='ltr'>primum</span> <span class='ocrx_word' id='word_1_411' title='bbox 1670 1629 1823 1654; x_wconf 83' lang='lat' dir='ltr'>nomen.</span> <span class='ocrx_word' id='word_1_412' title='bbox 1860 1618 1984 1654; x_wconf 65' lang='lat' dir='ltr'>Nun.</span> 
     </span>
    </p>

    <p class='ocr_par' dir='ltr' id='par_1_17' title="bbox 1172 1664 2222 2024">
     <span class='ocr_line' id='line_1_64' title="bbox 1226 1664 2221 1718; baseline -0.005 -12"><span class='ocrx_word' id='word_1_413' title='bbox 1226 1674 1314 1708; x_wconf 79' lang='lat'><strong>601.</strong></span> <span class='ocrx_word' id='word_1_414' title='bbox 1344 1674 1388 1705; x_wconf 87' lang='lat' dir='ltr'>Et</span> <span class='ocrx_word' id='word_1_415' title='bbox 1409 1669 1497 1705; x_wconf 83' lang='lat' dir='ltr'>vitio</span> <span class='ocrx_word' id='word_1_416' title='bbox 1513 1667 1656 1718; x_wconf 79' lang='lat' dir='ltr'>pofitum</span> <span class='ocrx_word' id='word_1_417' title='bbox 1680 1667 1763 1715; x_wconf 84' lang='lat' dir='ltr'>est.]</span> <span class='ocrx_word' id='word_1_418' title='bbox 1803 1667 1928 1711; x_wconf 83' lang='lat' dir='ltr'>Malo,</span> <span class='ocrx_word' id='word_1_419' title='bbox 1955 1673 2011 1704; x_wconf 79' lang='lat' dir='ltr'>Ex</span> <span class='ocrx_word' id='word_1_420' title='bbox 2029 1666 2118 1702; x_wconf 83' lang='lat' dir='ltr'>vitio</span> <span class='ocrx_word' id='word_1_421' title='bbox 2135 1664 2221 1714; x_wconf 74' lang='lat' dir='ltr'>poſs-</span> 
     </span>
     <span class='ocr_line' id='line_1_65' title="bbox 1172 1717 2222 1768; baseline -0.005 -10"><span class='ocrx_word' id='word_1_422' title='bbox 1172 1730 1262 1758; x_wconf 81' lang='lat' dir='ltr'>tum.</span> <span class='ocrx_word' id='word_1_423' title='bbox 1309 1719 1346 1757; x_wconf 88' lang='lat' dir='ltr'>A</span> <span class='ocrx_word' id='word_1_424' title='bbox 1366 1720 1588 1768; x_wconf 83' lang='lat' dir='ltr'>loquacitate</span> <span class='ocrx_word' id='word_1_425' title='bbox 1613 1719 1660 1755; x_wconf 85' lang='lat' dir='ltr'>lic</span> <span class='ocrx_word' id='word_1_426' title='bbox 1688 1717 1783 1755; x_wconf 58' lang='lat' dir='ltr'>dieta</span> <span class='ocrx_word' id='word_1_427' title='bbox 1804 1718 1894 1754; x_wconf 87' lang='lat' dir='ltr'>haec</span> <span class='ocrx_word' id='word_1_428' title='bbox 1915 1718 2064 1767; x_wconf 84' lang='lat' dir='ltr'>Graecis</span> <span class='ocrx_word' id='word_1_429' title='bbox 2082 1717 2222 1754; x_wconf 71' lang='grc' dir='ltr'>Λαλῑοι.</span> 
     </span>
     <span class='ocr_line' id='line_1_66' title="bbox 1174 1762 2218 1818; baseline -0.007 -9"><span class='ocrx_word' id='word_1_430' title='bbox 1174 1772 1383 1810; x_wconf 86' lang='lat' dir='ltr'>Plutarchus</span> <span class='ocrx_word' id='word_1_431' title='bbox 1404 1770 1532 1818; x_wconf 87' lang='lat' dir='ltr'>Symp.</span> <span class='ocrx_word' id='word_1_432' title='bbox 1550 1769 1729 1818; x_wconf 88' lang='lat' dir='ltr'>septimo:</span> <span class='ocrx_word' id='word_1_433' title='bbox 1760 1765 1972 1814; x_wconf 76' lang='grc' dir='ltr'>Πολίφωνος</span> <span class='ocrx_word' id='word_1_434' title='bbox 1995 1768 2010 1804; x_wconf 85' lang='grc' dir='ltr'>ὁ</span> <span class='ocrx_word' id='word_1_435' title='bbox 2029 1762 2114 1806; x_wconf 66' lang='grc' dir='ltr'>οἶνός</span> <span class='ocrx_word' id='word_1_436' title='bbox 2137 1766 2218 1810; x_wconf 81' lang='grc' dir='ltr'><strong><em>ἐςι,</em></strong></span> 
     </span>
     <span class='ocr_line' id='line_1_67' title="bbox 1177 1818 2222 1865; baseline -0.007 -6"><span class='ocrx_word' id='word_1_437' title='bbox 1177 1823 1238 1859; x_wconf 69' lang='grc' dir='ltr'>καὶ</span> <span class='ocrx_word' id='word_1_438' title='bbox 1260 1822 1394 1862; x_wconf 67' lang='grc' dir='ltr'>λαλιᾶς</span> <span class='ocrx_word' id='word_1_439' title='bbox 1416 1820 1562 1864; x_wconf 74' lang='grc' dir='ltr'>ἀκαίρου</span> <span class='ocrx_word' id='word_1_440' title='bbox 1577 1848 1587 1865; x_wconf 93' lang='grc'><strong>,</strong></span> <span class='ocrx_word' id='word_1_441' title='bbox 1609 1821 1672 1856; x_wconf 75' lang='grc' dir='ltr'>καὶ</span> <span class='ocrx_word' id='word_1_442' title='bbox 1688 1818 1910 1865; x_wconf 70' lang='grc' dir='ltr'><strong><em>φρονήματος</em></strong></span> <span class='ocrx_word' id='word_1_443' title='bbox 1930 1818 2134 1863; x_wconf 69' lang='grc' dir='ltr'><em>ἡγεμονικοῦ</em></span> <span class='ocrx_word' id='word_1_444' title='bbox 2154 1829 2222 1853; x_wconf 74' lang='lat' dir='ltr'>ua·</span> 
     </span>
     <span class='ocr_line' id='line_1_68' title="bbox 1176 1868 2220 1917; baseline -0.005 -7"><span class='ocrx_word' id='word_1_445' title='bbox 1176 1874 1447 1917; x_wconf 72' lang='grc' dir='ltr'>ταπῑμπλησιν.</span> <span class='ocrx_word' id='word_1_446' title='bbox 1474 1871 1576 1908; x_wconf 86' lang='lat' dir='ltr'>Idem</span> <span class='ocrx_word' id='word_1_447' title='bbox 1602 1868 1781 1917; x_wconf 76' lang='lat' dir='ltr'>saepicule</span> <span class='ocrx_word' id='word_1_448' title='bbox 1804 1871 1926 1906; x_wconf 68' lang='grc' dir='ltr'>λαλέω</span> <span class='ocrx_word' id='word_1_449' title='bbox 1946 1868 2023 1906; x_wconf 88' lang='lat' dir='ltr'>usus</span> <span class='ocrx_word' id='word_1_450' title='bbox 2039 1896 2048 1912; x_wconf 95' lang='lat'>‚</span> <span class='ocrx_word' id='word_1_451' title='bbox 2076 1880 2142 1915; x_wconf 88' lang='lat' dir='ltr'>pro</span> <span class='ocrx_word' id='word_1_452' title='bbox 2164 1869 2220 1905; x_wconf 87' lang='lat' dir='ltr'>ef-</span> 
     </span>
     <span class='ocr_line' id='line_1_69' title="bbox 1175 1918 2220 1970; baseline -0.008 -7"><span class='ocrx_word' id='word_1_453' title='bbox 1175 1925 1285 1963; x_wconf 83' lang='lat' dir='ltr'>futire</span> <span class='ocrx_word' id='word_1_454' title='bbox 1315 1925 1352 1960; x_wconf 87' lang='lat'>&amp;</span> <span class='ocrx_word' id='word_1_455' title='bbox 1375 1921 1674 1970; x_wconf 63' lang='lat' dir='ltr'>incircumspeete</span> <span class='ocrx_word' id='word_1_456' title='bbox 1698 1920 1813 1970; x_wconf 90' lang='lat' dir='ltr'>loqui.</span> <span class='ocrx_word' id='word_1_457' title='bbox 1836 1921 2014 1957; x_wconf 70' lang='lat' dir='ltr'>NEAvot..</span> <span class='ocrx_word' id='word_1_458' title='bbox 2043 1918 2098 1965; x_wconf 87' lang='lat' dir='ltr'>Est</span> <span class='ocrx_word' id='word_1_459' title='bbox 2125 1918 2220 1956; x_wconf 85' lang='lat' dir='ltr'>abest</span> 
     </span>
     <span class='ocr_line' id='line_1_70' title="bbox 1176 1973 1393 2024; baseline -0.009 -12"><span class='ocrx_word' id='word_1_460' title='bbox 1176 1973 1197 2012; x_wconf 75' lang='lat' dir='ltr'>a</span> <span class='ocrx_word' id='word_1_461' title='bbox 1220 1974 1393 2024; x_wconf 74' lang='lat' dir='ltr'>plurimis.</span> 
     </span>
    </p>

    <p class='ocr_par' dir='ltr' id='par_1_18' title="bbox 1177 2018 2223 2172">
     <span class='ocr_line' id='line_1_71' title="bbox 1227 2018 2219 2072; baseline -0.007 -10"><span class='ocrx_word' id='word_1_462' title='bbox 1227 2027 1313 2062; x_wconf 83' lang='lat'><strong>601.</strong></span> <span class='ocrx_word' id='word_1_463' title='bbox 1341 2025 1493 2061; x_wconf 81' lang='lat' dir='ltr'>Dixerat</span> <span class='ocrx_word' id='word_1_464' title='bbox 1514 2022 1659 2072; x_wconf 58' lang='lat' dir='ltr'>Almo]</span> <span class='ocrx_word' id='word_1_465' title='bbox 1715 2021 1850 2059; x_wconf 85' lang='lat' dir='ltr'>Almon</span> <span class='ocrx_word' id='word_1_466' title='bbox 1876 2028 1954 2068; x_wconf 86' lang='lat' dir='ltr'>opt.</span> <span class='ocrx_word' id='word_1_467' title='bbox 1981 2018 2150 2057; x_wconf 84' lang='lat' dir='ltr'>Ambros.</span> <span class='ocrx_word' id='word_1_468' title='bbox 2180 2019 2219 2056; x_wconf 84' lang='lat'>&amp;</span> 
     </span>
     <span class='ocr_line' id='line_1_72' title="bbox 1177 2074 2223 2118; baseline -0.007 -5"><span class='ocrx_word' id='word_1_469' title='bbox 1177 2088 1270 2114; x_wconf 89' lang='lat' dir='ltr'>unus</span> <span class='ocrx_word' id='word_1_470' title='bbox 1289 2076 1413 2112; x_wconf 89' lang='lat' dir='ltr'>Patav.</span> <span class='ocrx_word' id='word_1_471' title='bbox 1439 2075 1486 2111; x_wconf 84' lang='lat' dir='ltr'>fic</span> <span class='ocrx_word' id='word_1_472' title='bbox 1510 2076 1546 2111; x_wconf 69' lang='grc' dir='ltr'>ὃ(</span> <span class='ocrx_word' id='word_1_473' title='bbox 1565 2074 1626 2111; x_wconf 88' lang='lat' dir='ltr'>lib.</span> <span class='ocrx_word' id='word_1_474' title='bbox 1647 2074 1841 2110; x_wconf 68' lang='lat' dir='ltr'>xxv.‘Met.</span> <span class='ocrx_word' id='word_1_475' title='bbox 1863 2082 1946 2118; x_wconf 83' lang='lat'><strong>329.</strong></span> <span class='ocrx_word' id='word_1_476' title='bbox 1974 2079 2115 2108; x_wconf 77' lang='lat' dir='ltr'>veteres</span> <span class='ocrx_word' id='word_1_477' title='bbox 2128 2080 2223 2106; x_wconf 85' lang='lat' dir='ltr'>non-</span> 
     </span>
     <span class='ocr_line' id='line_1_73' title="bbox 1177 2122 1974 2172; baseline -0.009 -8"><span class='ocrx_word' id='word_1_478' title='bbox 1177 2127 1287 2170; x_wconf 91' lang='lat' dir='ltr'>nulli,</span> <span class='ocrx_word' id='word_1_479' title='bbox 1315 2127 1353 2163; x_wconf 86' lang='lat'>&amp;</span> <span class='ocrx_word' id='word_1_480' title='bbox 1373 2125 1432 2163; x_wconf 89' lang='lat' dir='ltr'>lib.</span> <span class='ocrx_word' id='word_1_481' title='bbox 1455 2137 1509 2162; x_wconf 91' lang='lat' dir='ltr'><strong>1v.</strong></span> <span class='ocrx_word' id='word_1_482' title='bbox 1531 2124 1620 2162; x_wconf 80' lang='lat' dir='ltr'>Fast.</span> <span class='ocrx_word' id='word_1_483' title='bbox 1641 2124 1696 2166; x_wconf 57' lang='lat' dir='ltr'>jhs.</span> <span class='ocrx_word' id='word_1_484' title='bbox 1718 2123 1800 2172; x_wconf 84' lang='lat'><strong>338.</strong></span> <span class='ocrx_word' id='word_1_485' title='bbox 1828 2122 1974 2159; x_wconf 68' lang='lat' dir='ltr'>Heius.</span> 
     </span>
    </p>

    <p class='ocr_par' dir='ltr' id='par_1_19' title="bbox 1175 2169 2221 2265">
     <span class='ocr_line' id='line_1_74' title="bbox 1213 2169 2221 2223; baseline -0.007 -9"><span class='ocrx_word' id='word_1_486' title='bbox 1213 2172 1313 2214; x_wconf 65' lang='lat'><strong>602.</strong></span> <span class='ocrx_word' id='word_1_487' title='bbox 1343 2183 1462 2219; x_wconf 79' lang='lat' dir='ltr'>Nata,</span> <span class='ocrx_word' id='word_1_488' title='bbox 1481 2186 1555 2212; x_wconf 85' lang='lat' dir='ltr'>tene</span> <span class='ocrx_word' id='word_1_489' title='bbox 1573 2173 1770 2223; x_wconf 80' lang='lat' dir='ltr'>ltnguam.]</span> <span class='ocrx_word' id='word_1_490' title='bbox 1801 2173 1921 2222; x_wconf 80' lang='lat' dir='ltr'>Fingit</span> <span class='ocrx_word' id='word_1_491' title='bbox 1939 2173 2033 2210; x_wconf 86' lang='lat' dir='ltr'>hanc</span> <span class='ocrx_word' id='word_1_492' title='bbox 2058 2169 2221 2208; x_wconf 72' lang='lat' dir='ltr'>Naidem</span> 
     </span>
     <span class='ocr_line' id='line_1_75' title="bbox 1175 2227 1638 2265; baseline -0.006 0"><span class='ocrx_word' id='word_1_493' title='bbox 1175 2227 1342 2265; x_wconf 83' lang='lat' dir='ltr'>Almone</span> <span class='ocrx_word' id='word_1_494' title='bbox 1364 2227 1486 2264; x_wconf 84' lang='lat' dir='ltr'>satam.</span> <span class='ocrx_word' id='word_1_495' title='bbox 1515 2227 1638 2263; x_wconf 70' lang='grc' dir='ltr'><strong>ΝΕΑΡ.</strong></span> 
     </span>
    </p>

    <p class='ocr_par' dir='ltr' id='par_1_20' title="bbox 1227 2276 1760 2327">
     <span class='ocr_line' id='line_1_76' title="bbox 1227 2276 1760 2327; baseline -0.004 -11"><span class='ocrx_word' id='word_1_496' title='bbox 1227 2280 1312 2327; x_wconf 85' lang='lat'><strong>603.</strong></span> <span class='ocrx_word' id='word_1_497' title='bbox 1339 2276 1505 2326; x_wconf 52' lang='lat' dir='ltr'>Stagna]</span> <span class='ocrx_word' id='word_1_498' title='bbox 1536 2278 1635 2312; x_wconf 57' lang='lat' dir='ltr'>Testa</span> <span class='ocrx_word' id='word_1_499' title='bbox 1656 2288 1760 2315; x_wconf 86' lang='lat' dir='ltr'>unus.</span> 
     </span>
    </p>

    <p class='ocr_par' dir='ltr' id='par_1_21' title="bbox 1167 2323 2219 2514">
     <span class='ocr_line' id='line_1_77' title="bbox 1227 2323 2217 2377; baseline -0.009 -11"><span class='ocrx_word' id='word_1_500' title='bbox 1227 2330 1314 2377; x_wconf 83' lang='lat'><strong>605.</strong></span> <span class='ocrx_word' id='word_1_501' title='bbox 1342 2328 1579 2376; x_wconf 50' lang='lat' dir='ltr'>Miserataque</span> <span class='ocrx_word' id='word_1_502' title='bbox 1596 2327 1759 2376; x_wconf 85' lang='lat' dir='ltr'>nuptas.]</span> <span class='ocrx_word' id='word_1_503' title='bbox 1802 2331 1959 2373; x_wconf 83' lang='lat' dir='ltr'>Nuptam</span> <span class='ocrx_word' id='word_1_504' title='bbox 1978 2323 2108 2361; x_wconf 69' lang='lat' dir='ltr'>recstius</span> <span class='ocrx_word' id='word_1_505' title='bbox 2124 2334 2217 2359; x_wconf 87' lang='lat' dir='ltr'>non-</span> 
     </span>
     <span class='ocr_line' id='line_1_78' title="bbox 1175 2372 2219 2426; baseline -0.01 -10"><span class='ocrx_word' id='word_1_506' title='bbox 1175 2379 1275 2416; x_wconf 88' lang='lat' dir='ltr'>nulli.</span> <span class='ocrx_word' id='word_1_507' title='bbox 1303 2379 1386 2421; x_wconf 86' lang='lat' dir='ltr'>alii,</span> <span class='ocrx_word' id='word_1_508' title='bbox 1415 2379 1609 2426; x_wconf 61' lang='lat' dir='ltr'>nymphae,</span> <span class='ocrx_word' id='word_1_509' title='bbox 1640 2378 1697 2414; x_wconf 88' lang='lat' dir='ltr'>vel</span> <span class='ocrx_word' id='word_1_510' title='bbox 1727 2375 1928 2424; x_wconf 72' lang='lat' dir='ltr'>nympham.</span> <span class='ocrx_word' id='word_1_511' title='bbox 1967 2376 2110 2411; x_wconf 61' lang='lat' dir='ltr'>Hiems.</span> <span class='ocrx_word' id='word_1_512' title='bbox 2149 2372 2219 2408; x_wconf 78' lang='lat' dir='ltr'>Mi.</span> 
     </span>
     <span class='ocr_line' id='line_1_79' title="bbox 1167 2423 2218 2476; baseline -0.007 -11"><span class='ocrx_word' id='word_1_513' title='bbox 1167 2430 1288 2476; x_wconf 70' lang='lat' dir='ltr'>strata</span> <span class='ocrx_word' id='word_1_514' title='bbox 1306 2429 1454 2466; x_wconf 84' lang='lat' dir='ltr'>maritas</span> <span class='ocrx_word' id='word_1_515' title='bbox 1483 2429 1662 2465; x_wconf 82' lang='lat' dir='ltr'>Strozzae.</span> <span class='ocrx_word' id='word_1_516' title='bbox 1691 2436 1874 2474; x_wconf 80' lang='lat' dir='ltr'>practerea</span> <span class='ocrx_word' id='word_1_517' title='bbox 1891 2453 1901 2468; x_wconf 93' lang='lat'>,</span> <span class='ocrx_word' id='word_1_518' title='bbox 1930 2424 1997 2461; x_wconf 79' lang='lat' dir='ltr'>Illa</span> <span class='ocrx_word' id='word_1_519' title='bbox 2015 2424 2131 2460; x_wconf 81' lang='lat' dir='ltr'>eadem</span> <span class='ocrx_word' id='word_1_520' title='bbox 2144 2423 2218 2466; x_wconf 77' lang='lat' dir='ltr'>Ju-</span> 
     </span>
     <span class='ocr_line' id='line_1_80' title="bbox 1177 2477 1678 2514; baseline -0.006 0"><span class='ocrx_word' id='word_1_521' title='bbox 1177 2492 1297 2514; x_wconf 81' lang='lat' dir='ltr'>nonem</span> <span class='ocrx_word' id='word_1_522' title='bbox 1319 2479 1408 2513; x_wconf 78' lang='lat' dir='ltr'>adiit</span> <span class='ocrx_word' id='word_1_523' title='bbox 1421 2478 1525 2513; x_wconf 83' lang='lat' dir='ltr'>Laeti</span> <span class='ocrx_word' id='word_1_524' title='bbox 1549 2477 1678 2512; x_wconf 86' lang='lat' dir='ltr'>codex.</span> 
     </span>
    </p>

    <p class='ocr_par' dir='ltr' id='par_1_22' title="bbox 1177 2522 2213 2625">
     <span class='ocr_line' id='line_1_81' title="bbox 1229 2522 2213 2575; baseline -0.002 -13"><span class='ocrx_word' id='word_1_525' title='bbox 1229 2530 1311 2564; x_wconf 82' lang='lat'><strong>607.</strong></span> <span class='ocrx_word' id='word_1_526' title='bbox 1342 2527 1482 2575; x_wconf 74' lang='lat' dir='ltr'>Jupiter</span> <span class='ocrx_word' id='word_1_527' title='bbox 1498 2525 1705 2573; x_wconf 56' lang='lat' dir='ltr'>intumum]</span> <span class='ocrx_word' id='word_1_528' title='bbox 1735 2524 1884 2561; x_wconf 70' lang='lat' dir='ltr'>Graecis</span> <span class='ocrx_word' id='word_1_529' title='bbox 1900 2524 2011 2561; x_wconf 85' lang='lat' dir='ltr'>etiam</span> <span class='ocrx_word' id='word_1_530' title='bbox 2033 2522 2213 2569; x_wconf 67' lang='grc' dir='ltr'>σίδκίνειν,</span> 
     </span>
     <span class='ocr_line' id='line_1_82' title="bbox 1177 2575 1952 2625; baseline -0.006 -11"><span class='ocrx_word' id='word_1_531' title='bbox 1177 2588 1242 2625; x_wconf 82' lang='lat' dir='ltr'>pro</span> <span class='ocrx_word' id='word_1_532' title='bbox 1265 2577 1389 2624; x_wconf 85' lang='lat' dir='ltr'>irasci;</span> <span class='ocrx_word' id='word_1_533' title='bbox 1419 2578 1457 2613; x_wconf 72' lang='grc' dir='ltr'>ὅ(</span> <span class='ocrx_word' id='word_1_534' title='bbox 1477 2575 1623 2619; x_wconf 60' lang='grc' dir='ltr'>οἴδημα,</span> <span class='ocrx_word' id='word_1_535' title='bbox 1652 2588 1718 2623; x_wconf 86' lang='lat' dir='ltr'>pto</span> <span class='ocrx_word' id='word_1_536' title='bbox 1737 2576 1802 2611; x_wconf 85' lang='lat' dir='ltr'>ira.</span> <span class='ocrx_word' id='word_1_537' title='bbox 1831 2576 1952 2612; x_wconf 62' lang='lat' dir='ltr'>Nem.</span> 
     </span>
    </p>

    <p class='ocr_par' dir='ltr' id='par_1_23' title="bbox 1178 2624 2213 2727">
     <span class='ocr_line' id='line_1_83' title="bbox 1228 2624 2213 2676; baseline -0.003 -12"><span class='ocrx_word' id='word_1_538' title='bbox 1228 2628 1313 2673; x_wconf 86' lang='lat'><strong>607.</strong></span> <span class='ocrx_word' id='word_1_539' title='bbox 1341 2629 1492 2676; x_wconf 55' lang='lat' dir='ltr'>Quaque</span> <span class='ocrx_word' id='word_1_540' title='bbox 1512 2625 1553 2672; x_wconf 87' lang='lat' dir='ltr'>est</span> <span class='ocrx_word' id='word_1_541' title='bbox 1570 2639 1637 2662; x_wconf 85' lang='lat' dir='ltr'>non</span> <span class='ocrx_word' id='word_1_542' title='bbox 1655 2627 1714 2673; x_wconf 77' lang='lat' dir='ltr'>usa</span> <span class='ocrx_word' id='word_1_543' title='bbox 1735 2624 1911 2673; x_wconf 65' lang='lat' dir='ltr'>modeste]</span> <span class='ocrx_word' id='word_1_544' title='bbox 1940 2625 2070 2662; x_wconf 84' lang='lat' dir='ltr'>Malim</span> <span class='ocrx_word' id='word_1_545' title='bbox 2085 2651 2096 2669; x_wconf 87' lang='lat'><em>‚</em></span> <span class='ocrx_word' id='word_1_546' title='bbox 2125 2638 2213 2674; x_wconf 78' lang='lat' dir='ltr'>qua—</span> 
     </span>
     <span class='ocr_line' id='line_1_84' title="bbox 1178 2676 1875 2727; baseline -0.007 -13"><span class='ocrx_word' id='word_1_547' title='bbox 1178 2691 1241 2727; x_wconf 86' lang='lat' dir='ltr'>que</span> <span class='ocrx_word' id='word_1_548' title='bbox 1266 2677 1308 2722; x_wconf 78' lang='lat' dir='ltr'>est</span> <span class='ocrx_word' id='word_1_549' title='bbox 1328 2677 1443 2714; x_wconf 81' lang='lat' dir='ltr'>minus</span> <span class='ocrx_word' id='word_1_550' title='bbox 1469 2678 1528 2723; x_wconf 84' lang='lat' dir='ltr'>usa</span> <span class='ocrx_word' id='word_1_551' title='bbox 1555 2676 1702 2720; x_wconf 76' lang='lat' dir='ltr'>modeste.</span> <span class='ocrx_word' id='word_1_552' title='bbox 1734 2677 1875 2712; x_wconf 63' lang='lat' dir='ltr'>l-liixs.</span> 
     </span>
    </p>

    <p class='ocr_par' dir='ltr' id='par_1_24' title="bbox 1177 2726 2215 2878">
     <span class='ocr_line' id='line_1_85' title="bbox 1228 2726 2211 2776; baseline 0 -12"><span class='ocrx_word' id='word_1_553' title='bbox 1228 2727 1315 2765; x_wconf 92' lang='lat'><strong>608.</strong></span> <span class='ocrx_word' id='word_1_554' title='bbox 1343 2727 1455 2776; x_wconf 79' lang='lat' dir='ltr'>Eripit</span> <span class='ocrx_word' id='word_1_555' title='bbox 1475 2727 1556 2762; x_wconf 86' lang='lat' dir='ltr'>huic</span> <span class='ocrx_word' id='word_1_556' title='bbox 1581 2726 1775 2774; x_wconf 58' lang='lat' dir='ltr'>linguam]</span> <span class='ocrx_word' id='word_1_557' title='bbox 1807 2726 2120 2763; x_wconf 46' lang='lat' dir='ltr'>lime-Firmianus</span> <span class='ocrx_word' id='word_1_558' title='bbox 2134 2727 2211 2774; x_wconf 88' lang='lat' dir='ltr'>post</span> 
     </span>
     <span class='ocr_line' id='line_1_86' title="bbox 1177 2776 2215 2826; baseline -0.002 -10"><span class='ocrx_word' id='word_1_559' title='bbox 1177 2779 1233 2816; x_wconf 86' lang='lat' dir='ltr'>illa</span> <span class='ocrx_word' id='word_1_560' title='bbox 1253 2779 1354 2826; x_wconf 88' lang='lat' dir='ltr'>supra</span> <span class='ocrx_word' id='word_1_561' title='bbox 1375 2779 1502 2815; x_wconf 85' lang='lat' dir='ltr'>citata:</span> <span class='ocrx_word' id='word_1_562' title='bbox 1533 2779 1633 2824; x_wconf 49' lang='lat' dir='ltr'>(Quid</span> <span class='ocrx_word' id='word_1_563' title='bbox 1647 2777 1812 2825; x_wconf 71' lang='lat' dir='ltr'>praestare</span> <span class='ocrx_word' id='word_1_564' title='bbox 1840 2776 1970 2813; x_wconf 76' lang='lat' dir='ltr'>volenti</span> <span class='ocrx_word' id='word_1_565' title='bbox 1985 2777 2086 2825; x_wconf 65' lang='lat' dir='ltr'>potes}</span> <span class='ocrx_word' id='word_1_566' title='bbox 2108 2805 2118 2821; x_wconf 94' lang='lat'><strong>,</strong></span> <span class='ocrx_word' id='word_1_567' title='bbox 2155 2779 2215 2825; x_wconf 69' lang='lat' dir='ltr'>qui</span> 
     </span>
     <span class='ocr_line' id='line_1_87' title="bbox 1178 2828 1648 2878; baseline -0.002 -14"><span class='ocrx_word' id='word_1_568' title='bbox 1178 2829 1270 2878; x_wconf 81' lang='lat' dir='ltr'>loqui</span> <span class='ocrx_word' id='word_1_569' title='bbox 1291 2842 1357 2864; x_wconf 81' lang='lat' dir='ltr'>non</span> <span class='ocrx_word' id='word_1_570' title='bbox 1372 2828 1499 2877; x_wconf 79' lang='lat' dir='ltr'>potest?</span> <span class='ocrx_word' id='word_1_571' title='bbox 1527 2829 1648 2864; x_wconf 56' lang='lat' dir='ltr'>Nm).</span> 
     </span>
    </p>

    <p class='ocr_par' dir='ltr' id='par_1_25' title="bbox 1177 2876 2218 3028">
     <span class='ocr_line' id='line_1_88' title="bbox 1227 2876 2218 2927; baseline -0.002 -11"><span class='ocrx_word' id='word_1_572' title='bbox 1227 2879 1313 2916; x_wconf 68' lang='lat'><strong>608.</strong></span> <span class='ocrx_word' id='word_1_573' title='bbox 1343 2879 1622 2927; x_wconf 69' lang='lat' dir='ltr'>Mercuriumque</span> <span class='ocrx_word' id='word_1_574' title='bbox 1643 2877 1780 2925; x_wconf 52' lang='grc' dir='ltr'>παπ]</span> <span class='ocrx_word' id='word_1_575' title='bbox 1812 2876 2066 2913; x_wconf 71' lang='lat' dir='ltr'>MnnctUtsini</span> <span class='ocrx_word' id='word_1_576' title='bbox 2082 2905 2092 2919; x_wconf 80' lang='grc'><em>,</em></span> <span class='ocrx_word' id='word_1_577' title='bbox 2112 2876 2218 2915; x_wconf 79' lang='lat' dir='ltr'>Voss.</span> 
     </span>
     <span class='ocr_line' id='line_1_89' title="bbox 1177 2928 2217 2976; baseline -0.001 -11"><span class='ocrx_word' id='word_1_578' title='bbox 1177 2929 1318 2966; x_wconf 86' lang='lat' dir='ltr'>Zulich.</span> <span class='ocrx_word' id='word_1_579' title='bbox 1344 2929 1482 2966; x_wconf 84' lang='lat' dir='ltr'>Mazar.</span> <span class='ocrx_word' id='word_1_580' title='bbox 1513 2930 1549 2964; x_wconf 66' lang='grc' dir='ltr'>ὅ(</span> <span class='ocrx_word' id='word_1_581' title='bbox 1573 2937 1730 2975; x_wconf 82' lang='lat' dir='ltr'>quatuor</span> <span class='ocrx_word' id='word_1_582' title='bbox 1751 2929 1822 2965; x_wconf 71' lang='lat' dir='ltr'>atii.</span> <span class='ocrx_word' id='word_1_583' title='bbox 1849 2928 1990 2965; x_wconf 65' lang='lat' dir='ltr'>ree‘uus.</span> <span class='ocrx_word' id='word_1_584' title='bbox 2013 2930 2051 2965; x_wconf 83' lang='lat'>&amp;</span> <span class='ocrx_word' id='word_1_585' title='bbox 2072 2939 2138 2976; x_wconf 89' lang='lat' dir='ltr'>pro</span> <span class='ocrx_word' id='word_1_586' title='bbox 2169 2932 2217 2964; x_wconf 83' lang='lat' dir='ltr'>E-</span> 
     </span>
     <span class='ocr_line' id='line_1_90' title="bbox 1178 2978 1848 3028; baseline -0.001 -13"><span class='ocrx_word' id='word_1_587' title='bbox 1178 2981 1257 3028; x_wconf 67' lang='lat' dir='ltr'>ripit</span> <span class='ocrx_word' id='word_1_588' title='bbox 1278 2979 1358 3015; x_wconf 82' lang='lat' dir='ltr'>huic</span> <span class='ocrx_word' id='word_1_589' title='bbox 1372 3007 1382 3022; x_wconf 93' lang='lat'>‚</span> <span class='ocrx_word' id='word_1_590' title='bbox 1408 2979 1544 3025; x_wconf 78' lang='lat' dir='ltr'>Eripuit</span> <span class='ocrx_word' id='word_1_591' title='bbox 1564 2979 1688 3015; x_wconf 81' lang='lat' dir='ltr'>iidem.</span> <span class='ocrx_word' id='word_1_592' title='bbox 1717 2978 1848 3021; x_wconf 82' lang='lat' dir='ltr'>Forte,</span> 
     </span>
    </p>

    <p class='ocr_par' dir='ltr' id='par_1_26' title="bbox 1410 3036 1843 3077">
     <span class='ocr_line' id='line_1_91' title="bbox 1410 3036 1843 3077; baseline 0 -12"><span class='ocrx_word' id='word_1_593' title='bbox 1410 3036 1688 3077; x_wconf 77' lang='lat' dir='ltr'>Mercurusmque</span> <span class='ocrx_word' id='word_1_594' title='bbox 1708 3039 1821 3065; x_wconf 84' lang='lat' dir='ltr'>monet</span> <span class='ocrx_word' id='word_1_595' title='bbox 1834 3056 1843 3073; x_wconf 95' lang='lat'>,</span> 
     </span>
    </p>

    <p class='ocr_par' dir='ltr' id='par_1_27' title="bbox 1179 3080 2215 3230">
     <span class='ocr_line' id='line_1_92' title="bbox 1229 3080 1616 3117; baseline -0.005 -1"><span class='ocrx_word' id='word_1_596' title='bbox 1229 3086 1346 3117; x_wconf 84' lang='lat' dir='ltr'>Ducat</span> <span class='ocrx_word' id='word_1_597' title='bbox 1367 3090 1406 3115; x_wconf 88' lang='lat' dir='ltr'>ut</span> <span class='ocrx_word' id='word_1_598' title='bbox 1424 3080 1471 3116; x_wconf 79' lang='lat' dir='ltr'>ad</span> <span class='ocrx_word' id='word_1_599' title='bbox 1492 3092 1616 3115; x_wconf 80' lang='lat' dir='ltr'>manes.</span> 
     </span>
     <span class='ocr_line' id='line_1_93' title="bbox 1179 3131 2214 3178; baseline -0.002 -10"><span class='ocrx_word' id='word_1_600' title='bbox 1179 3131 1238 3168; x_wconf 83' lang='lat' dir='ltr'>vel</span> <span class='ocrx_word' id='word_1_601' title='bbox 1260 3134 1370 3168; x_wconf 85' lang='lat' dir='ltr'>etiam</span> <span class='ocrx_word' id='word_1_602' title='bbox 1395 3159 1405 3174; x_wconf 95' lang='lat'>,</span> <span class='ocrx_word' id='word_1_603' title='bbox 1433 3142 1517 3168; x_wconf 85' lang='lat' dir='ltr'>cum</span> <span class='ocrx_word' id='word_1_604' title='bbox 1552 3131 1628 3167; x_wconf 76' lang='lat' dir='ltr'>libri</span> <span class='ocrx_word' id='word_1_605' title='bbox 1659 3131 1833 3178; x_wconf 85' lang='lat' dir='ltr'>proximo</span> <span class='ocrx_word' id='word_1_606' title='bbox 1863 3131 2097 3168; x_wconf 84' lang='lat' dir='ltr'>Pentametro</span> <span class='ocrx_word' id='word_1_607' title='bbox 2121 3142 2214 3167; x_wconf 89' lang='lat' dir='ltr'>non-</span> 
     </span>
     <span class='ocr_line' id='line_1_94' title="bbox 1181 3181 2215 3230; baseline 0 -11"><span class='ocrx_word' id='word_1_608' title='bbox 1181 3182 1270 3220; x_wconf 87' lang='lat' dir='ltr'>nulli</span> <span class='ocrx_word' id='word_1_609' title='bbox 1288 3182 1443 3218; x_wconf 86' lang='lat' dir='ltr'>habeant</span> <span class='ocrx_word' id='word_1_610' title='bbox 1457 3208 1467 3225; x_wconf 90' lang='lat'><strong>,</strong></span> <span class='ocrx_word' id='word_1_611' title='bbox 1498 3181 1696 3230; x_wconf 66' lang='lat' dir='ltr'>Nympham</span> <span class='ocrx_word' id='word_1_612' title='bbox 1715 3181 1797 3217; x_wconf 82' lang='lat' dir='ltr'>haec</span> <span class='ocrx_word' id='word_1_613' title='bbox 1817 3181 1971 3228; x_wconf 79' lang='lat' dir='ltr'>infernae</span> <span class='ocrx_word' id='word_1_614' title='bbox 1987 3210 1995 3224; x_wconf 92' lang='lat'>,</span> <span class='ocrx_word' id='word_1_615' title='bbox 2017 3182 2086 3229; x_wconf 72' lang='lat' dir='ltr'>legi</span> <span class='ocrx_word' id='word_1_616' title='bbox 2099 3181 2215 3226; x_wconf 55' lang='lat' dir='ltr'>periit,</span> 
     </span>
    </p>

    <p class='ocr_par' dir='ltr' id='par_1_28' title="bbox 1233 3230 2161 3280">
     <span class='ocr_line' id='line_1_95' title="bbox 1233 3230 2161 3280; baseline -0.006 -12"><span class='ocrx_word' id='word_1_617' title='bbox 1233 3237 1312 3268; x_wconf 85' lang='lat' dir='ltr'>Duc</span> <span class='ocrx_word' id='word_1_618' title='bbox 1334 3232 1423 3266; x_wconf 81' lang='lat' dir='ltr'>hanc</span> <span class='ocrx_word' id='word_1_619' title='bbox 1441 3231 1487 3266; x_wconf 80' lang='lat' dir='ltr'>ad</span> <span class='ocrx_word' id='word_1_620' title='bbox 1507 3243 1624 3268; x_wconf 79' lang='lat' dir='ltr'>manes</span> <span class='ocrx_word' id='word_1_621' title='bbox 1645 3232 1755 3278; x_wconf 79' lang='lat' dir='ltr'>(locus</span> <span class='ocrx_word' id='word_1_622' title='bbox 1776 3231 1830 3268; x_wconf 66' lang='lat' dir='ltr'>ille</span> <span class='ocrx_word' id='word_1_623' title='bbox 1844 3231 2021 3280; x_wconf 69' lang='lat' dir='ltr'>silentibus</span> <span class='ocrx_word' id='word_1_624' title='bbox 2041 3230 2161 3272; x_wconf 52' lang='lat' dir='ltr'>a&#39;rusl</span> 
     </span>
    </p>

    <p class='ocr_par' dir='ltr' id='par_1_29' title="bbox 1284 3278 2223 3365">
     <span class='ocr_line' id='line_1_96' title="bbox 1284 3278 2221 3331; baseline -0.009 -10"><span class='ocrx_word' id='word_1_625' title='bbox 1284 3281 1486 3331; x_wconf 63' lang='lat' dir='ltr'>Nymplaam</span> <span class='ocrx_word' id='word_1_626' title='bbox 1502 3309 1512 3327; x_wconf 92' lang='lat'>,</span> <span class='ocrx_word' id='word_1_627' title='bbox 1540 3282 1612 3320; x_wconf 73' lang='lat' dir='ltr'>ait:</span> <span class='ocrx_word' id='word_1_628' title='bbox 1641 3283 1796 3329; x_wconf 55' lang='lat' dir='ltr'>infernae</span> <span class='ocrx_word' id='word_1_629' title='bbox 1819 3284 1967 3330; x_wconf 54' lang='lat' dir='ltr'>nynslxa</span> <span class='ocrx_word' id='word_1_630' title='bbox 1984 3278 2122 3329; x_wconf 58' lang='lat' dir='ltr'>paiz-..dis</span> <span class='ocrx_word' id='word_1_631' title='bbox 2145 3278 2221 3313; x_wconf 73' lang='lat' dir='ltr'>er⁷t.</span> 
     </span>
     <span class='ocr_line' id='line_1_97' title="bbox 2078 3330 2223 3365; baseline 0.014 -2"><span class='ocrx_word' id='word_1_632' title='bbox 2078 3330 2183 3364; x_wconf 51' lang='lat' dir='ltr'>sitit*</span> <span class='ocrx_word' id='word_1_633' title='bbox 2202 3353 2223 3365; x_wconf 91' lang='lat'><strong>-.</strong></span> 
     </span>
    </p>
   </div>
   <div class='ocr_carea' id='block_1_14' title="bbox 1231 3043 1379 3050">
    <p class='ocr_par' dir='ltr' id='par_1_30' title="bbox 1231 3043 1379 3050">
     <span class='ocr_line' id='line_1_98' title="bbox 1231 3043 1379 3050; baseline 0 0"><span class='ocrx_word' id='word_1_634' title='bbox 1231 3043 1379 3050; x_wconf 95' lang='lat' dir='ltr'> </span> 
     </span>
    </p>
   </div>
  </div>
 </body>
</html>
