2495 3675
693 213 754 270 P.
832 207 1245 269 OVIDII
1318 203 1853 265 NASONIS

376 332 476 402 385
515 330 561 386 Is
581 328 731 403 jubet
757 325 952 382 auferri
981 342 1176 398 pueros
1216 323 1271 376 &
1298 322 1351 377 in
1376 337 1531 376 amne
1559 320 1757 376 necari.

591 401 744 475 Quid
768 399 924 455 facis?
967 416 1036 452 ex
1059 397 1163 450 istis
1187 395 1454 450 Romulus
1480 396 1611 449 alter
1637 395 1756 450 erit.

518 475 656 549 Juffa
684 473 981 528 recusantes
1009 484 1269 539 peragunt
1296 467 1571 522 lacrimosa
1596 466 1833 521 ministri.

596 549 749 602 Flent
777 559 981 604 tamen,
1024 539 1078 593 &
1115 540 1357 611 geminos
1383 540 1437 592 in
1466 540 1583 594 loca
1606 539 1728 610 jussa
1758 539 1952 594 ferunt.

528 621 746 680 Albula,
783 633 943 688 quem
973 613 1225 685 Thybrin
1257 612 1455 666 mersus
1481 613 1776 667 Tiberinus
1805 614 1859 668 in
1889 612 2031 667 unda

603 690 900 751 Reddidit,
940 687 1173 741 hibernis
1199 685 1342 739 forte
1368 686 1605 740 tumebat
1631 687 1793 756 aquis.

529 765 643 821 Hic
675 804 688 824 ‚
732 762 820 815 ubi
848 779 988 815 nunc
1014 759 1151 813 Fora
1176 759 1293 812 sunt
1313 794 1326 817 ‚
1365 759 1547 811 lintres
1574 775 1749 811 errare
1775 759 2015 822 videres;

609 837 842 908 Quaque
866 834 1041 905 jacent
1067 834 1262 896 valleS,
1300 829 1544 885 Maxime
1575 829 1767 895 Circe,
1806 847 1941 886 tuae.

230 223 329 273 106

389 715 489 768 390

2260 903 2394 960 Huc

1403 1045 1487 1093 386.
1519 1049 1572 1081 Ex
1592 1042 1703 1092 illis.]
1735 1044 1879 1082 Omnes
1900 1041 1978 1081 libri
1999 1042 2139 1091 scripti,
2159 1043 2240 1091 istis.
2269 1056 2398 1083 emen-

1351 1095 1445 1134 date.
1475 1096 1642 1132 Ciornu.
1692 1095 1877 1132 Germana
1906 1094 2018 1132 lectio
2048 1096 2120 1133 mei
2150 1095 2262 1141 libri,
2297 1095 2400 1144 Qui

1343 1148 1463 1194 facis?
1490 1160 1531 1184 ex
1550 1147 1629 1192 Istis.
1661 1146 1786 1184 Neam.

1409 1199 1492 1245 387.
1530 1196 1768 1245 Recusames.]

245 1051 420 1092 bendum.
443 1059 504 1090 aut
525 1047 674 1086 Σιλουὶκ
704 1046 924 1094 simpliciter.
956 1045 1016 1084 sed
1046 1045 1149 1083 Iliam
1169 1052 1295 1084 amant

248 1104 425 1152 appellare
447 1106 595 1152 poetae.
623 1099 756 1147 Virgll.
773 1111 803 1135 1.
823 1097 910 1135 AEn.
929 1108 1012 1143 274.

301 1179 424 1210 Marte
436 1172 559 1221 gravis
572 1167 751 1218 geminam
765 1176 872 1215 partu
895 1166 994 1204 dabit
1018 1166 1084 1205 ilia
1099 1166 1240 1217 prolem.
1835 1196 1987 1233 Mallem
2053 1196 2257 1234 reluaames
2272 1213 2279 1220 .
2310 1209 2398 1236 nam

2004 1225 2013 1240 ,
2269 1226 2275 1233 .

252 1243 291 1281 ἃ
312 1255 367 1281 vx.
390 1242 472 1287 778.
1354 1256 1477 1296 aperte
1499 1246 1668 1285 recusasse
1697 1259 1773 1284 nori
1807 1247 1855 1284 est
1877 1247 2099 1285 verosimile.
2123 1249 2170 1284 ita
2194 1257 2401 1296 permutata

303 1309 491 1353 Romulus,
521 1304 678 1357 Assaraci
701 1315 801 1353 quem
812 1301 997 1351 sanguinis
1019 1301 1084 1339 Ilia
1112 1311 1224 1339 mater
1356 1298 1465 1335 verba
1484 1311 1528 1335 11.
1550 1299 1684 1335 Amor.
1705 1311 1803 1335 xvii.
1829 1299 1882 1335 ¹6.
1918 1298 1975 1335 vel
2007 1309 2241 1346 repugnantes⁴
2269 1300 2307 1336 &
2328 1300 2402 1338 hoc

305 1361 447 1397 Edam-
1357 1347 1686 1405 verbum-saepe&
1715 1349 1866 1386 librariis
1886 1347 1933 1386 est
1956 1361 2038 1386 cum
2053 1352 2163 1398 recuso
2192 1359 2405 1389 commuta·

255 1439 366 1480 atque
390 1432 439 1468 ita
460 1442 542 1468 eam
571 1433 683 1466 vocat
707 1424 833 1474 paffim
859 1423 1005 1463 Noster.
1040 1431 1081 1463 ut
1109 1422 1200 1462 Am.
1223 1432 1305 1460 111.
1358 1400 1560 1487 tumssgwd‘
1583 1399 1771 1456 xv¹¹·.Ep·
1795 1409 1876 1447 137·
1905 1412 1965 1436 ¹¹¹·
1988 1401 2082 1438 Met.
2106 1402 2187 1448 376·
2216 1401 2349 1457 llum·
2379 1453 2385 1459 .

258 1494 314 1520 Ἡ,
339 1483 374 1519 6·
1415 1462 1432 1499 3
1490 1480 1497 1487 .
1530 1457 1569 1486 In
1591 1449 1662 1485 loca
1676 1448 1807 1499 jussa]
1839 1449 1892 1486 Ita
1917 1449 2114 1497 legendum
2147 1463 2191 1488 ex
2212 1451 2341 1489 iisdem
2361 1452 2406 1490 li·

1362 1501 1442 1539 bris.
1477 1501 1642 1538 Ciorau.
1680 1501 1784 1549 Lege
1808 1529 1818 1545 ,
1859 1510 1898 1536 ut
1924 1501 2074 1548 geminos
2103 1502 2140 1537 in
2161 1502 2232 1538 loca
2246 1502 2334 1551 jussa
2348 1503 2407 1549 fe·

1362 1562 1459 1590 runt.
1496 1552 1549 1590 Ita
1578 1552 1682 1599 saepe
1702 1551 1797 1599 apud
1823 1551 1996 1588 Nostrum
2031 1561 2212 1600 peccatur.
2238 1553 2308 1589 loca
2329 1553 2415 1602 βία·

1361 1603 1512 1691 ςυίἓῑιιῃ
1526 1615 1570 1641 ex
1591 1602 1815 1640 melioribus.
1841 1603 1952 1640 etiam
1966 1602 2071 1640 bene.
2100 1602 2247 1640 Hiatus.
2261 1616 2288 1641 1.
2298 1604 2409 1644 Trist,

1364 1667 1409 1693 11.
1457 1667 1488 1692 2.

1415 1723 1518 1754 Hanc
1527 1715 1634 1767 sinite
1652 1716 1776 1763 infelix
1797 1716 1834 1753 in
1851 1715 1922 1752 loca
1935 1717 2025 1766 juffa
2039 1718 2166 1763 seram.

1418 1795 1503 1833 390.
1530 1781 1690 1820 Hibernis
1710 1783 1804 1829 forte
1834 1782 1990 1819 tumebat
2021 1782 2161 1833 aquis.]
2217 1783 2272 1820 M.
2292 1782 2414 1822 Varro

1366 1834 1428 1873 lib.
1449 1847 1502 1872 xv.
1523 1834 1568 1871 de
1592 1835 1636 1871 L.
1665 1834 1708 1870 L.
1736 1833 1942 1869 Cermalum
1963 1831 1987 1868 ιὶ
2015 1834 2189 1881 germanis
2211 1834 2351 1871 Romulo
2370 1847 2416 1875 ey·

1368 1892 1471 1923 Remo
1486 1914 1493 1929 ,
1523 1886 1612 1936 quod
1633 1884 1681 1921 ad
1692 1882 1799 1929 ficum
1817 1883 2028 1920 ruminalem
2050 1896 2094 1924 (φ’
2111 1884 2148 1921 hi
2166 1885 2331 1929 inventi,
2347 1885 2424 1935 quo·

1366 1951 1461 1987 aqua
1482 1937 1626 1973 hiberna
1650 1934 1774 1971 Tiberis
1787 1948 1836 1971 eos
1848 1934 2018 1972 detulerat
2038 1936 2075 1972 in
2096 1934 2229 1971 alveolo
2248 1935 2416 1985 expositos·e

1369 1989 1519 2025 Clarum
1544 2000 1589 2024 ex
1611 1988 1664 2024 liis
1679 2013 1688 2030 ‚
1717 1985 1866 2022 hiemali
1887 1994 2056 2034 ternpore
2077 1986 2112 2023 in
2140 1987 2261 2024 lucem
2286 1988 2419 2025 editos.

1372 2039 1413 2077 In
1436 2040 1530 2076 hanc
1552 2050 1629 2075 rem
1652 2036 1875 2074 tritissimum
1897 2036 2058 2074 Tarrutii
2082 2037 2338 2075 Mathematici
2359 2038 2417 2075 lo-

1374 2103 1458 2128 cum
1479 2097 1667 2137 praetereo
1689 2115 1698 2132 ‚
1736 2095 1776 2125 ut
1809 2087 1886 2124 satis
1904 2085 1924 2124 {i
1946 2087 2088 2125 Criticis
2110 2089 2147 2124 &
2167 2087 2419 2137 Chronologis

1375 2140 1587 2184 excuss'um3
1617 2141 1655 2177 ὅ(
1685 2138 1803 2175 obiter
1834 2139 1977 2187 corrigo
2010 2139 2240 2176 Plutarchum
2272 2141 2307 2176 in
2340 2140 2419 2177 Ro-

1377 2193 1502 2236 mulo,
1533 2192 1593 2228 ubi
1620 2190 1665 2227 de
1693 2189 1871 2226 Germalo
1903 2200 2010 2235 agens
2030 2217 2040 2233 ,
2072 2183 2120 2224 “O
2137 2192 2194 2225 νῦν
2215 2190 2418 2235 Κερμοινόν,

1376 2244 1519 2291 inquit,
1546 2242 1696 2278 καλοῦσι
1718 2267 1728 2283 ,
1766 2241 1889 2274 πάλαι
1919 2239 1959 2274 δὲ
1986 2242 2159 2283 Γερμανόν
2178 2269 2187 2284 ,
2215 2241 2259 2282 ὡς
2286 2240 2419 2285 ἐὀικεν,

1377 2298 1437 2330 καὶ
1468 2295 1550 2333 τοῦς
1584 2288 1767 2335 ἕιέελφσῦς
1787 2317 1797 2332 ,
1835 2293 2028 2333 remems—
2058 2291 2293 2338 ὀνομάζουσιν.
2344 2292 2421 2328 Le-

1376 2343 1538 2392 gendum
1553 2342 1711 2379 omnino
1726 2368 1735 2384 ,
1757 2334 1805 2375 “O
1825 2343 1881 2375 νῦν
1901 2340 2106 2384 Γερμκλὸν,
2137 2350 2175 2378 ut
2200 2349 2419 2389 pateatcum

1378 2395 1548 2432 Varrone
1569 2392 1760 2430 discrimen
1780 2391 1994 2439 antiquioris
2014 2391 2182 2428 voculae.
2211 2393 2334 2429 Nem.

1432 2457 1515 2494 391.
1544 2449 1670 2480 Errare
1693 2441 1866 2490 videres.]
1923 2442 2072 2490 Agitare
2102 2443 2240 2480 Mazar.
2263 2442 2423 2492 solebant

311 1532 380 1569 Ilia
395 1542 480 1582 pone
498 1540 620 1569 metus.

261 1602 301 1639 δε
321 1613 364 1639 11.
386 1613 467 1638 xiv.
499 1613 554 1647 15.

313 1671 379 1707 Ilia
393 1669 427 1720 fi
447 1669 580 1707 tumido
598 1664 797 1717 geminosin
808 1675 930 1704 ventre
949 1664 1100 1713 necaffet.

264 1735 376 1773 Trist.
401 1747 446 1771 tr.
466 1735 550 1772 260.
578 1733 671 1770 infra
694 1730 754 1768 lib.
773 1742 836 1768 xii.
858 1741 914 1766 11,
943 1740 987 1766 ex
1007 1727 1122 1767 veteri
1137 1725 1310 1766 Aronde-

263 1786 364 1823 liano
378 1813 388 1829 ,

320 1835 386 1872 ilia
408 1835 567 1882 Vestalis.-
596 1833 681 1882 quid
702 1832 792 1868 enim
814 1840 914 1867 vetat
927 1829 1009 1867 inde
1026 1829 1182 1869 moveri?

268 1902 401 1941 Noster
421 1903 526 1946 alibi,
556 1915 621 1939 iit.
646 1902 777 1938 Amor.
798 1911 850 1937 iv.
864 1911 923 1945 40.

321 1967 484 2006 Romulus
504 1968 627 2006 Iliades
647 1968 837 2017 Iliadesque
858 1971 995 2003 Remus.

267 2034 305 2072 &
326 2034 388 2072 lib.
408 2047 469 2071 1¹1.
502 2033 633 2070 Iliadae
652 2035 796 2079 fratres.
827 2030 954 2068 cadem
989 2029 1053 2067 Ilia
1086 2029 1122 2066 ὃ(
1144 2027 1313 2066 Tiberini

269 2097 365 2122 uxor
388 2085 481 2133 apud
505 2086 703 2123 Horatium
726 2084 785 2120 lib.
807 2095 833 2119 1.
856 2081 988 2118 Od.11.
1010 2081 1164 2117 Statium
1187 2081 1221 2117 iii
1237 2079 1316 2128 Syl-

267 2137 322 2173 vis
341 2148 417 2173 non
441 2149 515 2173 uno
536 2137 648 2180 loco,
679 2133 922 2171 Claudianum
946 2130 1057 2169 Coris.
1080 2131 1250 2179 Olybrii,
1280 2131 1317 2167 δε

271 2186 466 2224 Sidonium
492 2187 744 2234 Apollinarem
768 2184 996 2232 Panegyrico
1017 2182 1226 2230 Majoriani.
1247 2194 1319 2217 cae-

273 2235 367 2278 lefi’ia
388 2237 526 2285 semina
551 2248 693 2285 partum
722 2236 867 2272 Bonon.
902 2232 1048 2270 venusta
1077 2231 1321 2279 appositione.

273 2287 350 2324 duo
373 2289 462 2332 alii,
502 2288 628 2335 caelesti
652 2296 768 2336 partu.
804 2285 949 2321 Heius.
985 2282 1148 2330 Caelestia
1171 2283 1321 2319 numina

274 2337 364 2375 alter
381 2339 534 2376 Putean.
558 2340 595 2376 ὅ(
621 2348 690 2375 tres
709 2337 780 2373 alii.

332 2389 414 2437 384.
445 2396 575 2426 Patrue
604 2401 706 2436 regna
737 2395 870 2423 tenente
885 2383 985 2434 μα]
1026 2382 1204 2426 Amulio;
1234 2385 1321 2433 qui,

274 2439 383 2477 fratre
401 2440 503 2488 pulso
519 2468 527 2481 ‚
556 2450 708 2488 regnum
730 2437 936 2486 occupavit*
968 2436 1090 2472 ΝεΑῑ».

329 2490 412 2539 385.
440 2490 589 2535 Auferri
616 2487 782 2536 parvos.]
840 2486 988 2524 Rectius
1011 2485 1098 2534 quid
1119 2485 1153 2522 in
1175 2485 1323 2533 quibus-

277 2540 387 2585 dam,
416 2541 547 2587 auferri
562 2549 691 2589 pueros.
719 2539 854 2576 Naue.
885 2543 1008 2573 Pueros
1027 2537 1140 2573 etiam
1162 2544 1321 2584 quatuor

279 2592 425 2629 codices
457 2590 612 2628 Heinsio
643 2589 793 2638 inspeeti
827 2587 1040 2637 agnoscunt.
1073 2587 1111 2622 δε
1151 2586 1199 2623 ita
1230 2597 1321 2623 mox

278 2653 360 2685 4¹4-
390 2643 428 2678 ὅ(
447 2642 503 2679 lib.
525 2654 577 2678 vi.
602 2643 682 2679 160.
711 2642 745 2677 ὃ(
769 2649 865 2676 certe
887 2638 1031 2675 videtur
1058 2637 1172 2683 magis
1201 2637 1237 2673 in
1259 2637 1323 2674 usu

281 2690 385 2728 fuiffe
416 2704 487 2729 vox
505 2702 638 2741 parvus
660 2690 780 2728 seculo
803 2689 1000 2738 posteriore
1023 2686 1135 2735 quain
1167 2687 1324 2723 Ovidia-

280 2752 356 2779 no:
385 2754 469 2778 nam
490 2743 592 2791 quod
614 2755 658 2779 ex
683 2741 802 2778 Cicer.
825 2739 869 2775 ad
897 2738 1031 2784 Quirit.
1053 2736 1140 2784 post.
1159 2736 1324 2783 redcap,

280 2804 317 2829 2.
332 2801 463 2840 parvus
478 2793 558 2840 sum
575 2802 771 2840 procreatus
785 2817 794 2833 ,
807 2790 855 2826 ibi
868 2787 1100 2829 redtedelent
1114 2786 1191 2822 Viri
1207 2786 1322 2830 docti,

281 2851 425 2892 parvus.
446 2844 481 2878 ἃ
504 2855 598 2892 quae
618 2842 788 2890 producit
807 2839 924 2876 Barth.
943 2838 988 2875 ad
1011 2838 1098 2874 Stat.
1119 2850 1142 2873 1.
1165 2836 1251 2874 Silv.
1271 2849 1325 2874 vr.

285 2906 334 2938 44
371 2895 407 2929 ¹&
442 2905 511 2929 vit.
540 2893 661 2930 Theb.
687 2904 742 2941 13.
769 2891 897 2928 onmia
926 2889 1002 2938 post
1032 2888 1213 2925 Ovidium
1248 2888 1329 2925 sunt

286 2943 512 2990 Scriptorum
537 2944 755 2981 testimonia.
783 2954 860 2979 non
884 2950 1009 2978 tamen
1033 2939 1136 2986 plane
1155 2938 1329 2976 damnare

287 2993 408 3032 audeo
423 3021 432 3037 ,
460 2993 519 3030 sed
537 3004 676 3031 veteres
704 2994 816 3040 magis
842 3002 881 3029 ut
903 2991 1088 3039 adjeeiivo
1108 3017 1117 3033 ‚
1155 2989 1330 3037 adjuncto

288 3044 443 3082 nomine
467 3044 536 3080 alio
561 3072 570 3087 ‚
608 3045 829 3081 recentiores
849 3051 888 3079 ut
908 3041 1127 3078 substantivo
1147 3053 1212 3087 pro
1243 3052 1333 3088 pue-

287 3107 331 3132 ro
361 3094 439 3131 usos
462 3094 585 3131 video.
637 3093 723 3130 Vid.
747 3093 923 3129 Obrecht.
944 3092 989 3129 ad
1012 3091 1111 3127 niet.
1134 3092 1273 3127 Cret.i.
1300 3103 1332 3130 1.

290 3147 341 3184 ita
372 3144 467 3192 apud
500 3144 628 3181 Claud.
659 3143 745 3181 Bell.
780 3143 852 3181 Gil.
877 3154 959 3190 394.
1005 3143 1145 3178 variant
1175 3141 1334 3181 codices.

292 3202 341 3233 Et
366 3209 444 3245 quos
466 3195 529 3243 ipse
550 3194 624 3236 ssnu
643 3205 767 3243 parvos
795 3194 997 3241 gestaverat.
1043 3191 1101 3229 ubi
1124 3191 1181 3228 alii
1209 3201 1336 3233 pueros.

292 3248 377 3285 infr.
398 3259 462 3284 ιιι.
485 3248 567 3291 716.
590 3255 723 3293 parvus
753 3244 892 3280 inermis
924 3244 1105 3285 occurrit,
1134 3242 1191 3279 sed
1212 3243 1257 3279 ibi
1280 3256 1338 3280 re-

295 3298 353 3336 ἃς
368 3306 491 3346 partus
512 3295 683 3334 Heinsius
704 3296 802 3345 legit.
823 3294 932 3344 offerri
951 3295 1062 3334 etiam
1083 3293 1142 3332 hic
1164 3292 1334 3333 ueniens,

298 3351 342 3389 &v
355 3349 432 3390 duo
454 3349 527 3388 alii.
552 3348 683 3389 Euam.

1379 2496 1467 2535 duo.

1432 2558 1514 2596 392.
1543 2543 1704 2581 Maxime
1726 2542 1864 2593 Circa]
1905 2542 1992 2580 Erat
2018 2543 2144 2581 Circus
2177 2545 2363 2582 Maximus
2381 2544 2419 2580 in

1378 2610 1431 2635 xx.
1460 2597 1568 2635 Urbis
1598 2596 1749 2643 regione
1771 2621 1782 2639 ,
1817 2594 1879 2642 qui
1909 2593 2071 2641 capiebat
2093 2595 2172 2632 loca
2202 2605 2421 2632 ccctxxxv.

1380 2648 1469 2685 mill.
1488 2649 1564 2695 ejus
1581 2656 1708 2694 portae
1727 2657 1800 2682 xii.
1823 2646 1859 2681 Ρ.
1879 2643 2022 2681 Victor.
2050 2645 2137 2691 Ejus
2158 2655 2277 2682 autem
2303 2644 2428 2693 longi·

1380 2698 1547 2735 tudinem
1577 2696 1622 2733 ad
1653 2697 1714 2732 tria
1745 2695 1852 2733 stadia
1876 2722 1885 2738 ‚
1920 2693 2148 2731 latitudinem
2183 2707 2270 2732 vero
2292 2695 2335 2732 ad
2357 2699 2423 2732 lta-

1379 2747 1480 2785 dium
1504 2758 1616 2783 unum
1634 2774 1644 2790 ,
1672 2746 1729 2783 sed
1752 2758 1835 2783 curn
1849 2744 2019 2782 aedificiis
2038 2744 2265 2794 adjugerum
2280 2753 2427 2796 quater-

1379 2809 1469 2837 num
1493 2794 1701 2846 pertinuisse
1723 2796 1953 2835 observatum
1977 2794 2037 2833 est.

1609 2897 1746 2936 IMPE.
1775 2896 1970 2934 CAESAR.
1998 2896 2114 2935 D1V1
2142 2897 2181 2935 F.

1760 2962 2046 3001 AVGVSTVS

1635 3031 1905 3074 PONTIFEX
1935 3031 2182 3069 MAXIMVS

1463 3093 1673 3133 1MP.X11.
1709 3093 1818 3131 COS.
1845 3093 1911 3130 XI.
1942 3092 2078 3131 TRlss.
2106 3091 2229 3129 POT.
2249 3091 2353 3130 xtvi

1550 3162 1791 3199 AEGVPTO
1824 3162 1878 3199 IN
1907 3160 2280 3200 POTESTATEM

1551 3226 1743 3265 POPVLI
1771 3227 1992 3264 ROMANI
2023 3226 2285 3266 REDACTA.

1621 3292 1740 3330 SOLI
1769 3293 1972 3331 DONVM
2001 3293 2187 3334 DEDIT.

2358 3394 2397 3433 H
2402 3397 2444 3442 u}
