<?xml version="1.0" encoding="UTF-8"?>
<!DOCTYPE html PUBLIC "-//W3C//DTD XHTML 1.0 Transitional//EN"
    "http://www.w3.org/TR/xhtml1/DTD/xhtml1-transitional.dtd">
<html xmlns="http://www.w3.org/1999/xhtml" xml:lang="en" lang="en">
 <head>
  <title>
</title>
<meta http-equiv="Content-Type" content="text/html;charset=utf-8" />
  <meta name='ocr-system' content='tesseract 3.04.00' />
  <meta name='ocr-capabilities' content='ocr_page ocr_carea ocr_par ocr_line ocrx_word'/>
</head>
<body>
  <div class='ocr_page' id='page_1' title='image "./publiiovidiinaso03ovid_0701.png"; bbox 0 0 2495 3675; ppageno 0'>
   <div class='ocr_carea' id='block_1_1' title="bbox 437 146 1075 207">
    <p class='ocr_par' dir='ltr' id='par_1_1' title="bbox 437 146 1075 207">
     <span class='ocr_line' id='line_1_1' title="bbox 437 146 1075 207; baseline -0.003 0"><span class='ocrx_word' id='word_1_1' title='bbox 437 146 1075 207; x_wconf 85' lang='lat' dir='ltr'>TRISTIUM</span> 
     </span>
    </p>
   </div>
   <div class='ocr_carea' id='block_1_2' title="bbox 1155 136 2208 203">
    <p class='ocr_par' dir='ltr' id='par_1_2' title="bbox 1155 136 2208 203">
     <span class='ocr_line' id='line_1_2' title="bbox 1155 136 2208 203; baseline -0.009 0"><span class='ocrx_word' id='word_1_2' title='bbox 1155 147 1208 203; x_wconf 87' lang='lat' dir='ltr'>L</span> <span class='ocrx_word' id='word_1_3' title='bbox 1244 165 1268 202; x_wconf 88' lang='lat'>1</span> <span class='ocrx_word' id='word_1_4' title='bbox 1305 167 1352 203; x_wconf 64' lang='grc' dir='ltr'>Β.</span> <span class='ocrx_word' id='word_1_5' title='bbox 1428 146 1502 203; x_wconf 86' lang='lat' dir='ltr'>V.</span> <span class='ocrx_word' id='word_1_6' title='bbox 1576 145 1747 201; x_wconf 67' lang='lat' dir='ltr'>Eme.</span> <span class='ocrx_word' id='word_1_7' title='bbox 1784 141 1926 203; x_wconf 83' lang='lat' dir='ltr'>VIII.</span> <span class='ocrx_word' id='word_1_8' title='bbox 2112 136 2208 190; x_wconf 75' lang='lat'>681</span> 
     </span>
    </p>
   </div>
   <div class='ocr_carea' id='block_1_3' title="bbox 202 238 1754 608">
    <p class='ocr_par' dir='ltr' id='par_1_3' title="bbox 202 238 1754 608">
     <span class='ocr_line' id='line_1_3' title="bbox 202 238 1754 316; baseline -0.009 -14"><span class='ocrx_word' id='word_1_9' title='bbox 202 265 230 316; x_wconf 72' lang='grc' dir='ltr'><em>ς</em></span> <span class='ocrx_word' id='word_1_10' title='bbox 339 246 456 301; x_wconf 90' lang='lat' dir='ltr'>Nec</span> <span class='ocrx_word' id='word_1_11' title='bbox 484 244 617 298; x_wconf 84' lang='lat' dir='ltr'>mala</span> <span class='ocrx_word' id='word_1_12' title='bbox 642 256 696 298; x_wconf 89' lang='lat' dir='ltr'>te</span> <span class='ocrx_word' id='word_1_13' title='bbox 723 244 961 299; x_wconf 87' lang='lat' dir='ltr'>reddunt</span> <span class='ocrx_word' id='word_1_14' title='bbox 984 243 1172 298; x_wconf 91' lang='lat' dir='ltr'>mitem</span> <span class='ocrx_word' id='word_1_15' title='bbox 1196 241 1533 314; x_wconf 88' lang='lat' dir='ltr'>placidumve</span> <span class='ocrx_word' id='word_1_16' title='bbox 1551 238 1754 308; x_wconf 81' lang='lat' dir='ltr'>jacenti.</span> 
     </span>
     <span class='ocr_line' id='line_1_4' title="bbox 419 311 1628 390; baseline -0.008 -18"><span class='ocrx_word' id='word_1_17' title='bbox 419 317 638 380; x_wconf 88' lang='lat' dir='ltr'>Nostra,</span> <span class='ocrx_word' id='word_1_18' title='bbox 674 318 866 390; x_wconf 91' lang='lat' dir='ltr'>quibus</span> <span class='ocrx_word' id='word_1_19' title='bbox 894 315 1090 389; x_wconf 87' lang='lat' dir='ltr'>poffint</span> <span class='ocrx_word' id='word_1_20' title='bbox 1119 315 1429 370; x_wconf 87' lang='lat' dir='ltr'>illacrimare</span> <span class='ocrx_word' id='word_1_21' title='bbox 1454 311 1628 366; x_wconf 83' lang='lat' dir='ltr'>ferae-‚²</span> 
     </span>
     <span class='ocr_line' id='line_1_5' title="bbox 344 384 1606 447; baseline -0.007 0"><span class='ocrx_word' id='word_1_22' title='bbox 344 391 461 447; x_wconf 88' lang='lat' dir='ltr'>Nee</span> <span class='ocrx_word' id='word_1_23' title='bbox 487 396 680 445; x_wconf 86' lang='lat' dir='ltr'>metuis</span> <span class='ocrx_word' id='word_1_24' title='bbox 709 389 875 443; x_wconf 90' lang='lat' dir='ltr'>dubio</span> <span class='ocrx_word' id='word_1_25' title='bbox 900 387 1169 443; x_wconf 80' lang='lat' dir='ltr'>Fortunae</span> <span class='ocrx_word' id='word_1_26' title='bbox 1194 387 1369 441; x_wconf 90' lang='lat' dir='ltr'>stantis</span> <span class='ocrx_word' id='word_1_27' title='bbox 1393 387 1447 441; x_wconf 91' lang='lat' dir='ltr'>in</span> <span class='ocrx_word' id='word_1_28' title='bbox 1475 384 1606 440; x_wconf 89' lang='lat' dir='ltr'>orbe</span> 
     </span>
     <span class='ocr_line' id='line_1_6' title="bbox 419 457 1607 530; baseline -0.007 -12"><span class='ocrx_word' id='word_1_29' title='bbox 419 463 633 518; x_wconf 89' lang='lat' dir='ltr'>Numen</span> <span class='ocrx_word' id='word_1_30' title='bbox 650 501 664 524; x_wconf 94' lang='lat'>‚</span> <span class='ocrx_word' id='word_1_31' title='bbox 705 462 758 515; x_wconf 70' lang='grc' dir='ltr'>ἃ</span> <span class='ocrx_word' id='word_1_32' title='bbox 785 461 973 516; x_wconf 77' lang='lat' dir='ltr'>exosae</span> <span class='ocrx_word' id='word_1_33' title='bbox 999 460 1157 513; x_wconf 86' lang='lat' dir='ltr'>verba</span> <span class='ocrx_word' id='word_1_34' title='bbox 1184 459 1401 530; x_wconf 87' lang='lat' dir='ltr'>superba</span> <span class='ocrx_word' id='word_1_35' title='bbox 1428 457 1607 512; x_wconf 85' lang='lat' dir='ltr'>Deae?</span> 
     </span>
     <span class='ocr_line' id='line_1_7' title="bbox 343 530 1634 608; baseline -0.008 -17"><span class='ocrx_word' id='word_1_36' title='bbox 343 536 542 608; x_wconf 81' lang='lat' dir='ltr'>Exiget</span> <span class='ocrx_word' id='word_1_37' title='bbox 566 535 631 589; x_wconf 87' lang='lat' dir='ltr'>ah</span> <span class='ocrx_word' id='word_1_38' title='bbox 658 534 842 604; x_wconf 84' lang='lat' dir='ltr'>dignas</span> <span class='ocrx_word' id='word_1_39' title='bbox 869 533 1034 586; x_wconf 83' lang='lat' dir='ltr'>ultrix</span> <span class='ocrx_word' id='word_1_40' title='bbox 1056 531 1375 586; x_wconf 83' lang='lat' dir='ltr'>Rhamnusia</span> <span class='ocrx_word' id='word_1_41' title='bbox 1399 547 1594 602; x_wconf 90' lang='lat' dir='ltr'>poenas</span> <span class='ocrx_word' id='word_1_42' title='bbox 1612 530 1634 582; x_wconf 84' lang='lat'>!.</span> 
     </span>
    </p>
   </div>
   <div class='ocr_carea' id='block_1_4' title="bbox 207 629 274 664">
    <p class='ocr_par' dir='ltr' id='par_1_4' title="bbox 207 629 274 664">
     <span class='ocr_line' id='line_1_8' title="bbox 207 629 274 664; baseline 0 0"><span class='ocrx_word' id='word_1_43' title='bbox 207 629 274 664; x_wconf 76' lang='lat'>10</span> 
     </span>
    </p>
   </div>
   <div class='ocr_carea' id='block_1_5' title="bbox 420 604 1486 680">
    <p class='ocr_par' dir='ltr' id='par_1_5' title="bbox 420 604 1486 680">
     <span class='ocr_line' id='line_1_9' title="bbox 420 604 1486 680; baseline -0.008 -17"><span class='ocrx_word' id='word_1_44' title='bbox 420 606 669 680; x_wconf 79' lang='lat' dir='ltr'>Imposito</span> <span class='ocrx_word' id='word_1_45' title='bbox 696 607 860 658; x_wconf 86' lang='lat' dir='ltr'>calcas</span> <span class='ocrx_word' id='word_1_46' title='bbox 885 606 1018 674; x_wconf 88' lang='lat' dir='ltr'>quid</span> <span class='ocrx_word' id='word_1_47' title='bbox 1043 622 1158 658; x_wconf 83' lang='lat' dir='ltr'>mea</span> <span class='ocrx_word' id='word_1_48' title='bbox 1186 606 1289 657; x_wconf 88' lang='lat' dir='ltr'>fata</span> <span class='ocrx_word' id='word_1_49' title='bbox 1313 604 1486 671; x_wconf 84' lang='lat' dir='ltr'>pede?</span> 
     </span>
    </p>
   </div>
   <div class='ocr_carea' id='block_1_6' title="bbox 346 670 1916 967">
    <p class='ocr_par' dir='ltr' id='par_1_6' title="bbox 347 670 1916 819">
     <span class='ocr_line' id='line_1_10' title="bbox 347 670 1916 751; baseline -0.008 -15"><span class='ocrx_word' id='word_1_50' title='bbox 347 682 480 740; x_wconf 88' lang='lat' dir='ltr'>Vidi</span> <span class='ocrx_word' id='word_1_51' title='bbox 504 697 635 751; x_wconf 86' lang='lat' dir='ltr'>eg0,</span> <span class='ocrx_word' id='word_1_52' title='bbox 674 675 1112 747; x_wconf 80' lang='lat' dir='ltr'>naufragiumque</span> <span class='ocrx_word' id='word_1_53' title='bbox 1139 677 1278 729; x_wconf 85' lang='lat' dir='ltr'>viros</span> <span class='ocrx_word' id='word_1_54' title='bbox 1305 674 1439 728; x_wconf 83' lang='lat' dir='ltr'>&amp;in</span> <span class='ocrx_word' id='word_1_55' title='bbox 1462 691 1695 747; x_wconf 87' lang='lat' dir='ltr'>aequore</span> <span class='ocrx_word' id='word_1_56' title='bbox 1721 670 1916 742; x_wconf 69' lang='lat' dir='ltr'>mergi:</span> 
     </span>
     <span class='ocr_line' id='line_1_11' title="bbox 422 747 1607 819; baseline -0.006 -12"><span class='ocrx_word' id='word_1_57' title='bbox 422 752 522 815; x_wconf 89' lang='lat' dir='ltr'>Et,</span> <span class='ocrx_word' id='word_1_58' title='bbox 561 751 897 819; x_wconf 84' lang='lat' dir='ltr'>Numquam,</span> <span class='ocrx_word' id='word_1_59' title='bbox 939 749 1081 811; x_wconf 82' lang='lat' dir='ltr'>dixi,</span> <span class='ocrx_word' id='word_1_60' title='bbox 1114 747 1298 816; x_wconf 85' lang='lat' dir='ltr'>justior</span> <span class='ocrx_word' id='word_1_61' title='bbox 1326 747 1465 801; x_wconf 89' lang='lat' dir='ltr'>unda</span> <span class='ocrx_word' id='word_1_62' title='bbox 1492 747 1607 801; x_wconf 90' lang='lat' dir='ltr'>fuit.</span> 
     </span>
    </p>

    <p class='ocr_par' dir='ltr' id='par_1_7' title="bbox 346 820 1672 967">
     <span class='ocr_line' id='line_1_12' title="bbox 346 820 1672 896; baseline -0.008 -15"><span class='ocrx_word' id='word_1_63' title='bbox 346 825 487 882; x_wconf 85' lang='lat' dir='ltr'>Vilia</span> <span class='ocrx_word' id='word_1_64' title='bbox 514 822 605 896; x_wconf 93' lang='lat' dir='ltr'>qui</span> <span class='ocrx_word' id='word_1_65' title='bbox 629 821 900 893; x_wconf 89' lang='lat' dir='ltr'>quondam</span> <span class='ocrx_word' id='word_1_66' title='bbox 928 821 1124 874; x_wconf 87' lang='lat' dir='ltr'>miseris</span> <span class='ocrx_word' id='word_1_67' title='bbox 1147 820 1393 873; x_wconf 87' lang='lat' dir='ltr'>alimenta</span> <span class='ocrx_word' id='word_1_68' title='bbox 1419 831 1672 890; x_wconf 64' lang='lat' dir='ltr'>negarat,</span> 
     </span>
     <span class='ocr_line' id='line_1_13' title="bbox 424 891 1473 967; baseline -0.005 -15"><span class='ocrx_word' id='word_1_69' title='bbox 424 898 582 952; x_wconf 90' lang='lat' dir='ltr'>Nunc</span> <span class='ocrx_word' id='word_1_70' title='bbox 613 893 917 950; x_wconf 84' lang='lat' dir='ltr'>mendicato</span> <span class='ocrx_word' id='word_1_71' title='bbox 943 892 1168 967; x_wconf 87' lang='lat' dir='ltr'>pascitur</span> <span class='ocrx_word' id='word_1_72' title='bbox 1193 891 1300 965; x_wconf 84' lang='lat' dir='ltr'>ipse</span> <span class='ocrx_word' id='word_1_73' title='bbox 1324 891 1473 948; x_wconf 70' lang='lat' dir='ltr'>cib0.,</span> 
     </span>
    </p>
   </div>
   <div class='ocr_carea' id='block_1_7' title="bbox 66 1160 1118 3288">
    <p class='ocr_par' dir='ltr' id='par_1_8' title="bbox 66 1160 1110 1310">
     <span class='ocr_line' id='line_1_14' title="bbox 66 1160 1110 1211; baseline -0.009 -2"><span class='ocrx_word' id='word_1_74' title='bbox 66 1170 258 1210; x_wconf 64' lang='lat' dir='ltr'>Aue-ron.</span> <span class='ocrx_word' id='word_1_75' title='bbox 276 1166 426 1204; x_wconf 64' lang='lat' dir='ltr'>Emer.</span> <span class='ocrx_word' id='word_1_76' title='bbox 448 1162 657 1202; x_wconf 58' lang='lat' dir='ltr'>Emmaus.</span> <span class='ocrx_word' id='word_1_77' title='bbox 683 1161 802 1211; x_wconf 79' lang='lat' dir='ltr'><em>Exigit</em></span> <span class='ocrx_word' id='word_1_78' title='bbox 819 1170 858 1199; x_wconf 76' lang='lat' dir='ltr'>at</span> <span class='ocrx_word' id='word_1_79' title='bbox 874 1160 980 1210; x_wconf 81' lang='lat' dir='ltr'>justas</span> <span class='ocrx_word' id='word_1_80' title='bbox 998 1161 1110 1201; x_wconf 80' lang='lat' dir='ltr'>Fran·</span> 
     </span>
     <span class='ocr_line' id='line_1_15' title="bbox 67 1213 1109 1265; baseline -0.008 -5"><span class='ocrx_word' id='word_1_81' title='bbox 67 1222 142 1260; x_wconf 85' lang='lat' dir='ltr'>cof.</span> <span class='ocrx_word' id='word_1_82' title='bbox 165 1228 204 1258; x_wconf 90' lang='lat' dir='ltr'>ut</span> <span class='ocrx_word' id='word_1_83' title='bbox 232 1219 297 1256; x_wconf 91' lang='lat' dir='ltr'>inf.</span> <span class='ocrx_word' id='word_1_84' title='bbox 322 1217 423 1265; x_wconf 87' lang='lat' dir='ltr'>Eleg.</span> <span class='ocrx_word' id='word_1_85' title='bbox 444 1227 522 1252; x_wconf 79' lang='lat' dir='ltr'>xii.</span> <span class='ocrx_word' id='word_1_86' title='bbox 541 1223 606 1263; x_wconf 87' lang='lat'>47.</span> <span class='ocrx_word' id='word_1_87' title='bbox 633 1226 707 1251; x_wconf 90' lang='lat' dir='ltr'>mea</span> <span class='ocrx_word' id='word_1_88' title='bbox 727 1213 812 1251; x_wconf 85' lang='lat' dir='ltr'>colla</span> <span class='ocrx_word' id='word_1_89' title='bbox 835 1214 915 1263; x_wconf 83' lang='lat' dir='ltr'>pede</span> <span class='ocrx_word' id='word_1_90' title='bbox 933 1221 1002 1252; x_wconf 83' lang='lat' dir='ltr'>tres</span> <span class='ocrx_word' id='word_1_91' title='bbox 1028 1214 1109 1252; x_wconf 87' lang='lat' dir='ltr'>scri-</span> 
     </span>
     <span class='ocr_line' id='line_1_16' title="bbox 97 1281 137 1310; baseline -0.025 0"><span class='ocrx_word' id='word_1_92' title='bbox 97 1281 137 1310; x_wconf 86' lang='lat' dir='ltr'>n.</span> 
     </span>
    </p>

    <p class='ocr_par' dir='ltr' id='par_1_9' title="bbox 69 1284 1111 1567">
     <span class='ocr_line' id='line_1_17' title="bbox 69 1284 1109 1366; baseline -0.008 -6"><span class='ocrx_word' id='word_1_93' title='bbox 69 1284 94 1322; x_wconf 75' lang='lat' dir='ltr'>p</span> <span class='ocrx_word' id='word_1_94' title='bbox 123 1334 179 1360; x_wconf 83' lang='lat'>11.</span> <span class='ocrx_word' id='word_1_95' title='bbox 207 1319 284 1357; x_wconf 87' lang='lat' dir='ltr'>Vidi</span> <span class='ocrx_word' id='word_1_96' title='bbox 312 1331 366 1366; x_wconf 83' lang='lat' dir='ltr'>ego</span> <span class='ocrx_word' id='word_1_97' title='bbox 394 1316 686 1365; x_wconf 81' lang='lat' dir='ltr'>naufragiumque</span> <span class='ocrx_word' id='word_1_98' title='bbox 714 1313 809 1351; x_wconf 85' lang='lat' dir='ltr'>viros</span> <span class='ocrx_word' id='word_1_99' title='bbox 839 1324 883 1354; x_wconf 67' lang='grc' dir='ltr'>Θ·</span> <span class='ocrx_word' id='word_1_100' title='bbox 910 1313 948 1351; x_wconf 90' lang='lat' dir='ltr'>in</span> <span class='ocrx_word' id='word_1_101' title='bbox 969 1328 1109 1365; x_wconf 84' lang='lat' dir='ltr'>aequore</span> 
     </span>
     <span class='ocr_line' id='line_1_18' title="bbox 69 1364 1106 1421; baseline -0.007 -11"><span class='ocrx_word' id='word_1_102' title='bbox 69 1371 212 1421; x_wconf 82' lang='lat' dir='ltr'>mergi.]</span> <span class='ocrx_word' id='word_1_103' title='bbox 245 1369 400 1409; x_wconf 84' lang='lat' dir='ltr'>Numeri</span> <span class='ocrx_word' id='word_1_104' title='bbox 421 1366 556 1405; x_wconf 85' lang='lat' dir='ltr'>turbati</span> <span class='ocrx_word' id='word_1_105' title='bbox 571 1365 650 1404; x_wconf 87' lang='lat' dir='ltr'>satis</span> <span class='ocrx_word' id='word_1_106' title='bbox 672 1365 849 1402; x_wconf 87' lang='lat' dir='ltr'>evincunt</span> <span class='ocrx_word' id='word_1_107' title='bbox 868 1364 1012 1402; x_wconf 88' lang='lat' dir='ltr'>versum</span> <span class='ocrx_word' id='word_1_108' title='bbox 1036 1364 1106 1403; x_wconf 85' lang='lat' dir='ltr'>effe</span> 
     </span>
     <span class='ocr_line' id='line_1_19' title="bbox 69 1415 1108 1467; baseline -0.008 -5"><span class='ocrx_word' id='word_1_109' title='bbox 69 1422 306 1461; x_wconf 86' lang='lat' dir='ltr'>mendosum.</span> <span class='ocrx_word' id='word_1_110' title='bbox 332 1420 509 1467; x_wconf 88' lang='lat' dir='ltr'>Optimus</span> <span class='ocrx_word' id='word_1_111' title='bbox 519 1416 710 1454; x_wconf 89' lang='lat' dir='ltr'>Mediceus</span> <span class='ocrx_word' id='word_1_112' title='bbox 724 1443 733 1459; x_wconf 90' lang='lat'>,</span> <span class='ocrx_word' id='word_1_113' title='bbox 746 1415 1001 1464; x_wconf 76' lang='lat' dir='ltr'>naufragioque.</span> <span class='ocrx_word' id='word_1_114' title='bbox 1014 1417 1108 1454; x_wconf 86' lang='lat' dir='ltr'>Rot-</span> 
     </span>
     <span class='ocr_line' id='line_1_20' title="bbox 70 1466 1111 1522; baseline -0.008 -11"><span class='ocrx_word' id='word_1_115' title='bbox 70 1473 358 1522; x_wconf 84' lang='lat' dir='ltr'>tendorphianus</span> <span class='ocrx_word' id='word_1_116' title='bbox 387 1481 453 1519; x_wconf 90' lang='lat' dir='ltr'>pro</span> <span class='ocrx_word' id='word_1_117' title='bbox 475 1466 612 1507; x_wconf 81' lang='lat' dir='ltr'>diversa</span> <span class='ocrx_word' id='word_1_118' title='bbox 633 1466 794 1504; x_wconf 66' lang='lat' dir='ltr'>lectione</span> <span class='ocrx_word' id='word_1_119' title='bbox 808 1493 819 1511; x_wconf 92' lang='lat'>,</span> <span class='ocrx_word' id='word_1_120' title='bbox 846 1466 1111 1518; x_wconf 65' lang='lat' dir='ltr'>navifragoque.</span> 
     </span>
     <span class='ocr_line' id='line_1_21' title="bbox 70 1522 788 1567; baseline -0.01 -4"><span class='ocrx_word' id='word_1_121' title='bbox 70 1524 194 1563; x_wconf 87' lang='lat' dir='ltr'>Scribe</span> <span class='ocrx_word' id='word_1_122' title='bbox 209 1551 219 1567; x_wconf 89' lang='lat'><em>‚</em></span> <span class='ocrx_word' id='word_1_123' title='bbox 781 1522 788 1528; x_wconf 86' lang='lat'>&#39;</span> 
     </span>
    </p>

    <p class='ocr_par' dir='ltr' id='par_1_10' title="bbox 69 1568 1112 1781">
     <span class='ocr_line' id='line_1_22' title="bbox 126 1568 939 1622; baseline -0.007 -11"><span class='ocrx_word' id='word_1_124' title='bbox 126 1574 201 1611; x_wconf 85' lang='lat' dir='ltr'>Vidi</span> <span class='ocrx_word' id='word_1_125' title='bbox 223 1586 276 1622; x_wconf 86' lang='lat' dir='ltr'>ego</span> <span class='ocrx_word' id='word_1_126' title='bbox 297 1571 482 1619; x_wconf 80' lang='lat' dir='ltr'><em>navifrago</em></span> <span class='ocrx_word' id='word_1_127' title='bbox 503 1568 637 1618; x_wconf 75' lang='lat' dir='ltr'>piratas</span> <span class='ocrx_word' id='word_1_128' title='bbox 658 1580 800 1616; x_wconf 86' lang='lat' dir='ltr'>aequore</span> <span class='ocrx_word' id='word_1_129' title='bbox 822 1568 939 1616; x_wconf 80' lang='lat' dir='ltr'>mergi.</span> 
     </span>
     <span class='ocr_line' id='line_1_23' title="bbox 71 1629 1110 1680; baseline -0.008 -5"><span class='ocrx_word' id='word_1_130' title='bbox 71 1635 138 1675; x_wconf 85' lang='lat' dir='ltr'>nisi</span> <span class='ocrx_word' id='word_1_131' title='bbox 159 1636 273 1672; x_wconf 87' lang='lat' dir='ltr'>mavis</span> <span class='ocrx_word' id='word_1_132' title='bbox 289 1663 300 1678; x_wconf 90' lang='lat'>,</span> <span class='ocrx_word' id='word_1_133' title='bbox 327 1634 559 1680; x_wconf 81' lang='lat' dir='ltr'><em>navifragum</em></span> <span class='ocrx_word' id='word_1_134' title='bbox 590 1630 651 1679; x_wconf 87' lang='lat' dir='ltr'>qui</span> <span class='ocrx_word' id='word_1_135' title='bbox 670 1629 815 1677; x_wconf 78' lang='lat' dir='ltr'>riserat,</span> <span class='ocrx_word' id='word_1_136' title='bbox 845 1630 926 1675; x_wconf 91' lang='lat' dir='ltr'>vel,</span> <span class='ocrx_word' id='word_1_137' title='bbox 948 1630 1110 1676; x_wconf 86' lang='lat' dir='ltr'>navifra-</span> 
     </span>
     <span class='ocr_line' id='line_1_24' title="bbox 69 1680 1112 1735; baseline -0.005 -12"><span class='ocrx_word' id='word_1_138' title='bbox 69 1700 154 1735; x_wconf 87' lang='lat' dir='ltr'>gum</span> <span class='ocrx_word' id='word_1_139' title='bbox 184 1686 344 1723; x_wconf 73' lang='lat' dir='ltr'>ridentes.</span> <span class='ocrx_word' id='word_1_140' title='bbox 396 1684 466 1721; x_wconf 83' lang='lat' dir='ltr'>Sed</span> <span class='ocrx_word' id='word_1_141' title='bbox 497 1683 613 1730; x_wconf 88' lang='lat' dir='ltr'>prima</span> <span class='ocrx_word' id='word_1_142' title='bbox 643 1681 754 1718; x_wconf 68' lang='lat' dir='ltr'>leetio</span> <span class='ocrx_word' id='word_1_143' title='bbox 788 1680 920 1720; x_wconf 77' lang='lat' dir='ltr'>verior.</span> <span class='ocrx_word' id='word_1_144' title='bbox 957 1682 1032 1719; x_wconf 88' lang='lat' dir='ltr'>duo</span> <span class='ocrx_word' id='word_1_145' title='bbox 1070 1682 1112 1719; x_wconf 92' lang='lat' dir='ltr'>li-</span> 
     </span>
     <span class='ocr_line' id='line_1_25' title="bbox 73 1739 154 1781; baseline 0.012 -7"><span class='ocrx_word' id='word_1_146' title='bbox 73 1739 124 1775; x_wconf 85' lang='lat' dir='ltr'>bri</span> <span class='ocrx_word' id='word_1_147' title='bbox 144 1764 154 1781; x_wconf 95' lang='lat'>,</span> 
     </span>
    </p>

    <p class='ocr_par' dir='ltr' id='par_1_11' title="bbox 66 1781 1116 2637">
     <span class='ocr_line' id='line_1_26' title="bbox 122 1781 1028 1833; baseline -0.003 -11"><span class='ocrx_word' id='word_1_148' title='bbox 122 1808 194 1817; x_wconf 89' lang='lat'>—</span> <span class='ocrx_word' id='word_1_149' title='bbox 222 1784 458 1833; x_wconf 84' lang='lat' dir='ltr'><em>Naufragium</em></span> <span class='ocrx_word' id='word_1_150' title='bbox 482 1793 609 1820; x_wconf 83' lang='lat' dir='ltr'><em>nautas</em></span> <span class='ocrx_word' id='word_1_151' title='bbox 630 1793 673 1822; x_wconf 68' lang='lat' dir='ltr'>ey·</span> <span class='ocrx_word' id='word_1_152' title='bbox 695 1782 732 1818; x_wconf 87' lang='lat' dir='ltr'>in</span> <span class='ocrx_word' id='word_1_153' title='bbox 751 1794 892 1830; x_wconf 86' lang='lat' dir='ltr'>aequore</span> <span class='ocrx_word' id='word_1_154' title='bbox 911 1781 1028 1829; x_wconf 83' lang='lat' dir='ltr'>mergi.</span> 
     </span>
     <span class='ocr_line' id='line_1_27' title="bbox 71 1831 1112 1885; baseline -0.008 -9"><span class='ocrx_word' id='word_1_155' title='bbox 71 1838 220 1877; x_wconf 60' lang='lat' dir='ltr'>Hiems.</span> <span class='ocrx_word' id='word_1_156' title='bbox 247 1833 446 1885; x_wconf 82' lang='lat' dir='ltr'>Adjeciffet</span> <span class='ocrx_word' id='word_1_157' title='bbox 476 1836 616 1872; x_wconf 85' lang='lat' dir='ltr'>utinam</span> <span class='ocrx_word' id='word_1_158' title='bbox 643 1832 815 1870; x_wconf 77' lang='lat' dir='ltr'>Heinsius</span> <span class='ocrx_word' id='word_1_159' title='bbox 836 1831 861 1868; x_wconf 85' lang='lat' dir='ltr'>fi</span> <span class='ocrx_word' id='word_1_160' title='bbox 897 1833 986 1881; x_wconf 89' lang='lat' dir='ltr'>quid</span> <span class='ocrx_word' id='word_1_161' title='bbox 1007 1833 1045 1869; x_wconf 73' lang='grc' dir='ltr'>δε</span> <span class='ocrx_word' id='word_1_162' title='bbox 1076 1833 1112 1869; x_wconf 91' lang='lat' dir='ltr'>in</span> 
     </span>
     <span class='ocr_line' id='line_1_28' title="bbox 74 1883 1116 1928; baseline -0.008 -1"><span class='ocrx_word' id='word_1_163' title='bbox 74 1889 150 1928; x_wconf 84' lang='lat' dir='ltr'>aliis</span> <span class='ocrx_word' id='word_1_164' title='bbox 167 1888 262 1926; x_wconf 88' lang='lat' dir='ltr'>libris</span> <span class='ocrx_word' id='word_1_165' title='bbox 282 1886 476 1924; x_wconf 85' lang='lat' dir='ltr'>variatum.</span> <span class='ocrx_word' id='word_1_166' title='bbox 504 1884 657 1922; x_wconf 82' lang='lat' dir='ltr'>Nostrae</span> <span class='ocrx_word' id='word_1_167' title='bbox 677 1883 912 1920; x_wconf 76' lang='lat' dir='ltr'>membranae</span> <span class='ocrx_word' id='word_1_168' title='bbox 932 1909 942 1926; x_wconf 97' lang='lat'>,</span> <span class='ocrx_word' id='word_1_169' title='bbox 968 1886 1116 1928; x_wconf 83' lang='lat' dir='ltr'>naufra-</span> 
     </span>
     <span class='ocr_line' id='line_1_29' title="bbox 72 1933 1116 1988; baseline -0.007 -12"><span class='ocrx_word' id='word_1_170' title='bbox 72 1940 236 1988; x_wconf 81' lang='lat' dir='ltr'>giumque</span> <span class='ocrx_word' id='word_1_171' title='bbox 262 1937 420 1987; x_wconf 79' lang='lat' dir='ltr'>virosque</span> <span class='ocrx_word' id='word_1_172' title='bbox 446 1946 488 1976; x_wconf 62' lang='lat' dir='ltr'>a*</span> <span class='ocrx_word' id='word_1_173' title='bbox 509 1935 547 1972; x_wconf 84' lang='lat' dir='ltr'>in</span> <span class='ocrx_word' id='word_1_174' title='bbox 577 1946 705 1985; x_wconf 82' lang='lat' dir='ltr'>equore.</span> <span class='ocrx_word' id='word_1_175' title='bbox 733 1933 916 1970; x_wconf 84' lang='lat' dir='ltr'>Bersman.</span> <span class='ocrx_word' id='word_1_176' title='bbox 937 1933 1004 1970; x_wconf 84' lang='lat' dir='ltr'>Ed.</span> <span class='ocrx_word' id='word_1_177' title='bbox 1026 1946 1116 1969; x_wconf 88' lang='lat' dir='ltr'>nau-</span> 
     </span>
     <span class='ocr_line' id='line_1_30' title="bbox 66 1983 1116 2037; baseline -0.007 -11"><span class='ocrx_word' id='word_1_178' title='bbox 66 1990 296 2037; x_wconf 86' lang='lat' dir='ltr'>fragiumque</span> <span class='ocrx_word' id='word_1_179' title='bbox 307 1988 465 2035; x_wconf 78' lang='lat' dir='ltr'>virosque</span> <span class='ocrx_word' id='word_1_180' title='bbox 475 1985 541 2034; x_wconf 87' lang='lat' dir='ltr'>sub</span> <span class='ocrx_word' id='word_1_181' title='bbox 560 1998 712 2033; x_wconf 80' lang='lat' dir='ltr'>aequore.</span> <span class='ocrx_word' id='word_1_182' title='bbox 738 1984 839 2021; x_wconf 85' lang='lat' dir='ltr'>Prior</span> <span class='ocrx_word' id='word_1_183' title='bbox 853 1983 1007 2020; x_wconf 82' lang='lat' dir='ltr'>Heinsii.</span> <span class='ocrx_word' id='word_1_184' title='bbox 1025 1993 1116 2020; x_wconf 87' lang='lat' dir='ltr'>con-</span> 
     </span>
     <span class='ocr_line' id='line_1_31' title="bbox 73 2033 1116 2090; baseline -0.008 -13"><span class='ocrx_word' id='word_1_185' title='bbox 73 2040 215 2090; x_wconf 64' lang='lat' dir='ltr'>jectura</span> <span class='ocrx_word' id='word_1_186' title='bbox 249 2038 401 2086; x_wconf 78' lang='lat' dir='ltr'>longius</span> <span class='ocrx_word' id='word_1_187' title='bbox 428 2037 500 2074; x_wconf 86' lang='lat' dir='ltr'>abit</span> <span class='ocrx_word' id='word_1_188' title='bbox 526 2063 536 2080; x_wconf 93' lang='lat'>,</span> <span class='ocrx_word' id='word_1_189' title='bbox 565 2036 603 2072; x_wconf 69' lang='grc' dir='ltr'>ὃ(</span> <span class='ocrx_word' id='word_1_190' title='bbox 630 2045 650 2071; x_wconf 86' lang='lat' dir='ltr'>a</span> <span class='ocrx_word' id='word_1_191' title='bbox 675 2034 771 2071; x_wconf 87' lang='lat' dir='ltr'>libris</span> <span class='ocrx_word' id='word_1_192' title='bbox 802 2034 840 2071; x_wconf 69' lang='grc' dir='ltr'>ὃ(</span> <span class='ocrx_word' id='word_1_193' title='bbox 866 2045 885 2071; x_wconf 88' lang='lat' dir='ltr'>a</span> <span class='ocrx_word' id='word_1_194' title='bbox 914 2033 1088 2071; x_wconf 88' lang='lat' dir='ltr'>sententia</span> <span class='ocrx_word' id='word_1_195' title='bbox 1105 2061 1116 2078; x_wconf 93' lang='lat'>‚</span> 
     </span>
     <span class='ocr_line' id='line_1_32' title="bbox 76 2083 1116 2139; baseline -0.009 -11"><span class='ocrx_word' id='word_1_196' title='bbox 76 2102 188 2139; x_wconf 86' lang='lat' dir='ltr'>quam</span> <span class='ocrx_word' id='word_1_197' title='bbox 207 2090 311 2127; x_wconf 69' lang='lat' dir='ltr'>locus</span> <span class='ocrx_word' id='word_1_198' title='bbox 329 2087 472 2125; x_wconf 86' lang='lat' dir='ltr'>videtur</span> <span class='ocrx_word' id='word_1_199' title='bbox 493 2084 681 2134; x_wconf 84' lang='lat' dir='ltr'>postulare.</span> <span class='ocrx_word' id='word_1_200' title='bbox 723 2084 891 2127; x_wconf 85' lang='lat' dir='ltr'>Utravis,</span> <span class='ocrx_word' id='word_1_201' title='bbox 918 2083 1017 2121; x_wconf 91' lang='lat' dir='ltr'>unde</span> <span class='ocrx_word' id='word_1_202' title='bbox 1035 2091 1116 2120; x_wconf 88' lang='lat' dir='ltr'>tan-</span> 
     </span>
     <span class='ocr_line' id='line_1_33' title="bbox 74 2133 1115 2187; baseline -0.007 -10"><span class='ocrx_word' id='word_1_203' title='bbox 74 2147 113 2177; x_wconf 85' lang='lat' dir='ltr'>ta</span> <span class='ocrx_word' id='word_1_204' title='bbox 131 2139 250 2181; x_wconf 85' lang='lat' dir='ltr'>labes,</span> <span class='ocrx_word' id='word_1_205' title='bbox 279 2150 406 2187; x_wconf 81' lang='lat' dir='ltr'>parum</span> <span class='ocrx_word' id='word_1_206' title='bbox 427 2135 586 2179; x_wconf 87' lang='lat' dir='ltr'>indicat,</span> <span class='ocrx_word' id='word_1_207' title='bbox 613 2142 723 2183; x_wconf 84' lang='lat' dir='ltr'>atque</span> <span class='ocrx_word' id='word_1_208' title='bbox 754 2145 830 2171; x_wconf 86' lang='lat' dir='ltr'>rem</span> <span class='ocrx_word' id='word_1_209' title='bbox 863 2134 954 2171; x_wconf 84' lang='lat' dir='ltr'>mihi</span> <span class='ocrx_word' id='word_1_210' title='bbox 982 2134 1044 2171; x_wconf 80' lang='lat' dir='ltr'>vix</span> <span class='ocrx_word' id='word_1_211' title='bbox 1065 2133 1115 2171; x_wconf 84' lang='lat' dir='ltr'>sa-</span> 
     </span>
     <span class='ocr_line' id='line_1_34' title="bbox 75 2184 1115 2232; baseline -0.007 -5"><span class='ocrx_word' id='word_1_212' title='bbox 75 2191 120 2227; x_wconf 90' lang='lat' dir='ltr'>tis</span> <span class='ocrx_word' id='word_1_213' title='bbox 139 2190 348 2228; x_wconf 81' lang='lat' dir='ltr'>credibilem</span> <span class='ocrx_word' id='word_1_214' title='bbox 377 2195 509 2226; x_wconf 88' lang='lat' dir='ltr'>narrat.</span> <span class='ocrx_word' id='word_1_215' title='bbox 535 2186 633 2224; x_wconf 87' lang='lat' dir='ltr'>Nam</span> <span class='ocrx_word' id='word_1_216' title='bbox 655 2191 788 2232; x_wconf 89' lang='lat' dir='ltr'>quotus</span> <span class='ocrx_word' id='word_1_217' title='bbox 806 2185 984 2232; x_wconf 86' lang='lat' dir='ltr'>quisque,</span> <span class='ocrx_word' id='word_1_218' title='bbox 1013 2184 1115 2221; x_wconf 89' lang='lat' dir='ltr'>obse-</span> 
     </span>
     <span class='ocr_line' id='line_1_35' title="bbox 75 2231 1114 2285; baseline -0.007 -6"><span class='ocrx_word' id='word_1_219' title='bbox 75 2251 163 2285; x_wconf 89' lang='lat' dir='ltr'>cro,</span> <span class='ocrx_word' id='word_1_220' title='bbox 187 2240 359 2277; x_wconf 84' lang='lat' dir='ltr'>homines</span> <span class='ocrx_word' id='word_1_221' title='bbox 384 2237 579 2284; x_wconf 84' lang='lat' dir='ltr'>naufragos</span> <span class='ocrx_word' id='word_1_222' title='bbox 605 2231 736 2272; x_wconf 77' lang='lat' dir='ltr'>ridet?</span> <span class='ocrx_word' id='word_1_223' title='bbox 760 2242 822 2271; x_wconf 87' lang='lat' dir='ltr'>aut</span> <span class='ocrx_word' id='word_1_224' title='bbox 850 2233 912 2271; x_wconf 89' lang='lat' dir='ltr'>ubi</span> <span class='ocrx_word' id='word_1_225' title='bbox 941 2233 1114 2272; x_wconf 77' lang='lat' dir='ltr'>derisores</span> 
     </span>
     <span class='ocr_line' id='line_1_36' title="bbox 75 2282 1113 2334; baseline -0.006 -6"><span class='ocrx_word' id='word_1_226' title='bbox 75 2289 160 2328; x_wconf 87' lang='lat' dir='ltr'>istos</span> <span class='ocrx_word' id='word_1_227' title='bbox 183 2317 193 2334; x_wconf 89' lang='lat'>,</span> <span class='ocrx_word' id='word_1_228' title='bbox 220 2289 282 2327; x_wconf 89' lang='lat' dir='ltr'>ubi</span> <span class='ocrx_word' id='word_1_229' title='bbox 306 2299 396 2326; x_wconf 88' lang='lat' dir='ltr'>vero</span> <span class='ocrx_word' id='word_1_230' title='bbox 429 2294 491 2325; x_wconf 87' lang='lat' dir='ltr'>aut</span> <span class='ocrx_word' id='word_1_231' title='bbox 520 2287 650 2334; x_wconf 86' lang='lat' dir='ltr'>piratas</span> <span class='ocrx_word' id='word_1_232' title='bbox 679 2282 839 2321; x_wconf 90' lang='lat' dir='ltr'>Ovidius</span> <span class='ocrx_word' id='word_1_233' title='bbox 865 2283 929 2331; x_wconf 83' lang='lat' dir='ltr'>ipse</span> <span class='ocrx_word' id='word_1_234' title='bbox 954 2283 1113 2332; x_wconf 70' lang='lat' dir='ltr'>spectare</span> 
     </span>
     <span class='ocr_line' id='line_1_37' title="bbox 71 2332 1111 2390; baseline -0.007 -11"><span class='ocrx_word' id='word_1_235' title='bbox 71 2342 194 2390; x_wconf 85' lang='lat' dir='ltr'>potuit</span> <span class='ocrx_word' id='word_1_236' title='bbox 215 2339 404 2388; x_wconf 83' lang='lat' dir='ltr'>naufragio</span> <span class='ocrx_word' id='word_1_237' title='bbox 435 2343 626 2386; x_wconf 88' lang='lat' dir='ltr'>pereuntes</span> <span class='ocrx_word' id='word_1_238' title='bbox 648 2332 664 2372; x_wconf 87' lang='lat'>?</span> <span class='ocrx_word' id='word_1_239' title='bbox 693 2333 796 2382; x_wconf 89' lang='lat' dir='ltr'>Quid</span> <span class='ocrx_word' id='word_1_240' title='bbox 823 2333 983 2372; x_wconf 82' lang='lat' dir='ltr'>adfertur</span> <span class='ocrx_word' id='word_1_241' title='bbox 1009 2335 1111 2372; x_wconf 85' lang='lat' dir='ltr'>deni—</span> 
     </span>
     <span class='ocr_line' id='line_1_38' title="bbox 73 2384 1110 2440; baseline -0.011 -10"><span class='ocrx_word' id='word_1_242' title='bbox 73 2403 148 2440; x_wconf 89' lang='lat' dir='ltr'>que</span> <span class='ocrx_word' id='word_1_243' title='bbox 178 2393 344 2439; x_wconf 86' lang='lat' dir='ltr'>(praeter</span> <span class='ocrx_word' id='word_1_244' title='bbox 372 2400 483 2426; x_wconf 86' lang='lat' dir='ltr'>unam</span> <span class='ocrx_word' id='word_1_245' title='bbox 511 2385 663 2435; x_wconf 84' lang='lat' dir='ltr'>quidem</span> <span class='ocrx_word' id='word_1_246' title='bbox 692 2396 828 2422; x_wconf 87' lang='lat' dir='ltr'>vocem</span> <span class='ocrx_word' id='word_1_247' title='bbox 855 2412 865 2428; x_wconf 95' lang='lat'>,</span> <span class='ocrx_word' id='word_1_248' title='bbox 903 2384 1110 2434; x_wconf 79' lang='lat' dir='ltr'>navifrago,</span> 
     </span>
     <span class='ocr_line' id='line_1_39' title="bbox 74 2434 1112 2489; baseline -0.007 -9"><span class='ocrx_word' id='word_1_249' title='bbox 74 2442 137 2480; x_wconf 83' lang='lat' dir='ltr'>seu</span> <span class='ocrx_word' id='word_1_250' title='bbox 159 2441 411 2489; x_wconf 83' lang='lat' dir='ltr'>navifragum)</span> <span class='ocrx_word' id='word_1_251' title='bbox 438 2438 540 2487; x_wconf 89' lang='lat' dir='ltr'>quod</span> <span class='ocrx_word' id='word_1_252' title='bbox 560 2436 706 2474; x_wconf 89' lang='lat' dir='ltr'>morari·</span> <span class='ocrx_word' id='word_1_253' title='bbox 715 2436 836 2483; x_wconf 86' lang='lat' dir='ltr'>potuit</span> <span class='ocrx_word' id='word_1_254' title='bbox 854 2434 1112 2480; x_wconf 86' lang='lat' dir='ltr'>librarios‚aut</span> 
     </span>
     <span class='ocr_line' id='line_1_40' title="bbox 73 2484 1113 2536; baseline -0.007 -6"><span class='ocrx_word' id='word_1_255' title='bbox 73 2492 298 2530; x_wconf 81' lang='lat' dir='ltr'>medicinam</span> <span class='ocrx_word' id='word_1_256' title='bbox 331 2490 429 2528; x_wconf 86' lang='lat' dir='ltr'>suam</span> <span class='ocrx_word' id='word_1_257' title='bbox 461 2487 609 2536; x_wconf 89' lang='lat' dir='ltr'>poscere</span> <span class='ocrx_word' id='word_1_258' title='bbox 637 2484 782 2523; x_wconf 85' lang='lat' dir='ltr'>videri?</span> <span class='ocrx_word' id='word_1_259' title='bbox 808 2486 983 2533; x_wconf 89' lang='lat' dir='ltr'>Propono</span> <span class='ocrx_word' id='word_1_260' title='bbox 1003 2487 1113 2535; x_wconf 87' lang='lat' dir='ltr'>igitur</span> 
     </span>
     <span class='ocr_line' id='line_1_41' title="bbox 76 2536 1110 2588; baseline -0.005 -8"><span class='ocrx_word' id='word_1_261' title='bbox 76 2543 116 2579; x_wconf 85' lang='lat'>&amp;</span> <span class='ocrx_word' id='word_1_262' title='bbox 140 2553 262 2579; x_wconf 86' lang='lat' dir='ltr'>meam</span> <span class='ocrx_word' id='word_1_263' title='bbox 294 2539 543 2588; x_wconf 66' lang='lat' dir='ltr'>conjecturam</span> <span class='ocrx_word' id='word_1_264' title='bbox 568 2565 588 2581; x_wconf 82' lang='lat'>,.</span> <span class='ocrx_word' id='word_1_265' title='bbox 614 2536 823 2574; x_wconf 86' lang='lat' dir='ltr'>liberiorem</span> <span class='ocrx_word' id='word_1_266' title='bbox 854 2536 938 2573; x_wconf 90' lang='lat' dir='ltr'>sane</span> <span class='ocrx_word' id='word_1_267' title='bbox 959 2563 971 2582; x_wconf 96' lang='lat'>‚</span> <span class='ocrx_word' id='word_1_268' title='bbox 998 2548 1110 2586; x_wconf 83' lang='lat' dir='ltr'>quam</span> 
     </span>
     <span class='ocr_line' id='line_1_42' title="bbox 76 2588 577 2637; baseline -0.01 -7"><span class='ocrx_word' id='word_1_269' title='bbox 76 2592 224 2630; x_wconf 78' lang='lat' dir='ltr'>vellem.</span> <span class='ocrx_word' id='word_1_270' title='bbox 249 2591 309 2629; x_wconf 88' lang='lat' dir='ltr'>sed</span> <span class='ocrx_word' id='word_1_271' title='bbox 326 2590 488 2637; x_wconf 86' lang='lat' dir='ltr'>cogitent</span> <span class='ocrx_word' id='word_1_272' title='bbox 506 2588 577 2626; x_wconf 86' lang='lat' dir='ltr'>alii.</span> 
     </span>
    </p>

    <p class='ocr_par' dir='ltr' id='par_1_12' title="bbox 76 2639 1112 2794">
     <span class='ocr_line' id='line_1_43' title="bbox 131 2639 992 2690; baseline -0.003 -11"><span class='ocrx_word' id='word_1_273' title='bbox 131 2642 208 2680; x_wconf 85' lang='lat' dir='ltr'>Vidi</span> <span class='ocrx_word' id='word_1_274' title='bbox 227 2655 281 2690; x_wconf 83' lang='lat' dir='ltr'>ego</span> <span class='ocrx_word' id='word_1_275' title='bbox 301 2639 524 2688; x_wconf 80' lang='lat' dir='ltr'>naufragium</span> <span class='ocrx_word' id='word_1_276' title='bbox 543 2646 698 2686; x_wconf 81' lang='lat' dir='ltr'>rapturos</span> <span class='ocrx_word' id='word_1_277' title='bbox 714 2651 854 2688; x_wconf 85' lang='lat' dir='ltr'>aequore</span> <span class='ocrx_word' id='word_1_278' title='bbox 876 2639 992 2687; x_wconf 83' lang='lat' dir='ltr'>mergi.</span> 
     </span>
     <span class='ocr_line' id='line_1_44' title="bbox 76 2689 1112 2740; baseline -0.003 -9"><span class='ocrx_word' id='word_1_279' title='bbox 76 2693 293 2732; x_wconf 82' lang='lat' dir='ltr'>Hominum</span> <span class='ocrx_word' id='word_1_280' title='bbox 316 2702 429 2740; x_wconf 85' lang='lat' dir='ltr'>genus</span> <span class='ocrx_word' id='word_1_281' title='bbox 449 2690 485 2726; x_wconf 70' lang='grc' dir='ltr'>ὅ(</span> <span class='ocrx_word' id='word_1_282' title='bbox 507 2689 620 2726; x_wconf 89' lang='lat' dir='ltr'>hodie</span> <span class='ocrx_word' id='word_1_283' title='bbox 641 2690 678 2726; x_wconf 73' lang='grc' dir='ltr'>ὃ(</span> <span class='ocrx_word' id='word_1_284' title='bbox 701 2690 788 2727; x_wconf 90' lang='lat' dir='ltr'>olim</span> <span class='ocrx_word' id='word_1_285' title='bbox 805 2716 815 2733; x_wconf 91' lang='lat'>,</span> <span class='ocrx_word' id='word_1_286' title='bbox 845 2690 1002 2727; x_wconf 89' lang='lat' dir='ltr'>nimium</span> <span class='ocrx_word' id='word_1_287' title='bbox 1016 2700 1112 2739; x_wconf 82' lang='lat' dir='ltr'>quo-</span> 
     </span>
     <span class='ocr_line' id='line_1_45' title="bbox 77 2739 1061 2794; baseline -0.005 -12"><span class='ocrx_word' id='word_1_288' title='bbox 77 2755 174 2794; x_wconf 88' lang='lat' dir='ltr'>que,</span> <span class='ocrx_word' id='word_1_289' title='bbox 204 2751 362 2786; x_wconf 65' lang='lat' dir='ltr'>notum,</span> <span class='ocrx_word' id='word_1_290' title='bbox 391 2741 436 2778; x_wconf 92' lang='lat' dir='ltr'>de</span> <span class='ocrx_word' id='word_1_291' title='bbox 458 2751 535 2789; x_wconf 89' lang='lat' dir='ltr'>quo</span> <span class='ocrx_word' id='word_1_292' title='bbox 558 2739 738 2777; x_wconf 86' lang='lat' dir='ltr'>Phaedrus</span> <span class='ocrx_word' id='word_1_293' title='bbox 755 2740 812 2777; x_wconf 89' lang='lat' dir='ltr'>lib.</span> <span class='ocrx_word' id='word_1_294' title='bbox 827 2751 878 2776; x_wconf 82' lang='grc' dir='ltr'>ιν.</span> <span class='ocrx_word' id='word_1_295' title='bbox 905 2739 1061 2779; x_wconf 81' lang='lat' dir='ltr'>Fab.21.</span> 
     </span>
    </p>

    <p class='ocr_par' dir='ltr' id='par_1_13' title="bbox 77 2789 1117 3194">
     <span class='ocr_line' id='line_1_46' title="bbox 130 2789 1090 2839; baseline -0.003 -8"><span class='ocrx_word' id='word_1_296' title='bbox 130 2793 317 2831; x_wconf 83' lang='lat' dir='ltr'>Praedones</span> <span class='ocrx_word' id='word_1_297' title='bbox 335 2791 483 2837; x_wconf 82' lang='lat' dir='ltr'>adsunt,</span> <span class='ocrx_word' id='word_1_298' title='bbox 512 2789 652 2835; x_wconf 70' lang='lat' dir='ltr'>rapiunt</span> <span class='ocrx_word' id='word_1_299' title='bbox 683 2789 772 2836; x_wconf 88' lang='lat' dir='ltr'>quod</span> <span class='ocrx_word' id='word_1_300' title='bbox 793 2790 934 2839; x_wconf 86' lang='lat' dir='ltr'>quisque</span> <span class='ocrx_word' id='word_1_301' title='bbox 950 2791 1090 2829; x_wconf 69' lang='lat' dir='ltr'>mulir.</span> 
     </span>
     <span class='ocr_line' id='line_1_47' title="bbox 77 2840 1117 2888; baseline -0.005 -5"><span class='ocrx_word' id='word_1_302' title='bbox 77 2845 162 2883; x_wconf 83' lang='lat' dir='ltr'>Hos</span> <span class='ocrx_word' id='word_1_303' title='bbox 183 2854 306 2881; x_wconf 81' lang='lat' dir='ltr'>autem</span> <span class='ocrx_word' id='word_1_304' title='bbox 321 2871 332 2886; x_wconf 90' lang='lat'>,</span> <span class='ocrx_word' id='word_1_305' title='bbox 356 2841 636 2880; x_wconf 83' lang='lat' dir='ltr'>immanisfimos</span> <span class='ocrx_word' id='word_1_306' title='bbox 655 2842 878 2877; x_wconf 86' lang='lat' dir='ltr'>enatantium</span> <span class='ocrx_word' id='word_1_307' title='bbox 892 2840 1117 2888; x_wconf 84' lang='lat' dir='ltr'>spoliatores,</span> 
     </span>
     <span class='ocr_line' id='line_1_48' title="bbox 79 2889 1113 2941; baseline -0.004 -9"><span class='ocrx_word' id='word_1_308' title='bbox 79 2895 168 2932; x_wconf 87' lang='lat' dir='ltr'>dum</span> <span class='ocrx_word' id='word_1_309' title='bbox 192 2894 362 2932; x_wconf 84' lang='lat' dir='ltr'>aviditate</span> <span class='ocrx_word' id='word_1_310' title='bbox 385 2891 531 2941; x_wconf 87' lang='lat' dir='ltr'>rapinae</span> <span class='ocrx_word' id='word_1_311' title='bbox 554 2890 763 2938; x_wconf 80' lang='lat' dir='ltr'>procursant</span> <span class='ocrx_word' id='word_1_312' title='bbox 782 2889 817 2927; x_wconf 88' lang='lat' dir='ltr'>in</span> <span class='ocrx_word' id='word_1_313' title='bbox 833 2901 930 2927; x_wconf 82' lang='lat' dir='ltr'>mare</span> <span class='ocrx_word' id='word_1_314' title='bbox 945 2918 954 2934; x_wconf 95' lang='lat'><em>‚</em></span> <span class='ocrx_word' id='word_1_315' title='bbox 976 2892 1011 2928; x_wconf 88' lang='lat' dir='ltr'>in</span> <span class='ocrx_word' id='word_1_316' title='bbox 1035 2891 1113 2928; x_wconf 87' lang='lat' dir='ltr'>flui-</span> 
     </span>
     <span class='ocr_line' id='line_1_49' title="bbox 79 2940 1115 2992; baseline -0.006 -8"><span class='ocrx_word' id='word_1_317' title='bbox 79 2946 192 2984; x_wconf 54' lang='lat' dir='ltr'>tantia</span> <span class='ocrx_word' id='word_1_318' title='bbox 212 2943 441 2992; x_wconf 83' lang='lat' dir='ltr'>navigiorum</span> <span class='ocrx_word' id='word_1_319' title='bbox 466 2941 630 2979; x_wconf 86' lang='lat' dir='ltr'>membra</span> <span class='ocrx_word' id='word_1_320' title='bbox 653 2940 849 2978; x_wconf 87' lang='lat' dir='ltr'>escendunt</span> <span class='ocrx_word' id='word_1_321' title='bbox 872 2968 881 2984; x_wconf 93' lang='lat'>,</span> <span class='ocrx_word' id='word_1_322' title='bbox 906 2941 1115 2989; x_wconf 87' lang='lat' dir='ltr'>onustique,</span> 
     </span>
     <span class='ocr_line' id='line_1_50' title="bbox 80 2991 1114 3040; baseline -0.005 -7"><span class='ocrx_word' id='word_1_323' title='bbox 80 3003 120 3034; x_wconf 89' lang='lat' dir='ltr'>ut</span> <span class='ocrx_word' id='word_1_324' title='bbox 140 2995 200 3039; x_wconf 85' lang='lat' dir='ltr'>fit,</span> <span class='ocrx_word' id='word_1_325' title='bbox 229 2996 408 3038; x_wconf 86' lang='lat' dir='ltr'>rixantur,</span> <span class='ocrx_word' id='word_1_326' title='bbox 439 2993 476 3030; x_wconf 89' lang='lat' dir='ltr'>in</span> <span class='ocrx_word' id='word_1_327' title='bbox 498 2992 600 3040; x_wconf 87' lang='lat' dir='ltr'>aquis</span> <span class='ocrx_word' id='word_1_328' title='bbox 618 2991 816 3028; x_wconf 89' lang='lat' dir='ltr'>nonnullos</span> <span class='ocrx_word' id='word_1_329' title='bbox 840 2991 954 3039; x_wconf 88' lang='lat' dir='ltr'>perire</span> <span class='ocrx_word' id='word_1_330' title='bbox 976 2992 1114 3040; x_wconf 88' lang='lat' dir='ltr'>quivis,</span> 
     </span>
     <span class='ocr_line' id='line_1_51' title="bbox 80 3039 1116 3093; baseline -0.005 -9"><span class='ocrx_word' id='word_1_331' title='bbox 80 3045 190 3084; x_wconf 81' lang='lat' dir='ltr'>eredo</span> <span class='ocrx_word' id='word_1_332' title='bbox 206 3073 216 3089; x_wconf 90' lang='lat'>,</span> <span class='ocrx_word' id='word_1_333' title='bbox 244 3056 321 3082; x_wconf 89' lang='lat' dir='ltr'>non</span> <span class='ocrx_word' id='word_1_334' title='bbox 342 3042 567 3093; x_wconf 86' lang='lat' dir='ltr'>longiffimus</span> <span class='ocrx_word' id='word_1_335' title='bbox 591 3039 610 3078; x_wconf 71' lang='grc' dir='ltr'>ὲ</span> <span class='ocrx_word' id='word_1_336' title='bbox 633 3041 726 3078; x_wconf 88' lang='lat' dir='ltr'>duro</span> <span class='ocrx_word' id='word_1_337' title='bbox 742 3041 848 3078; x_wconf 85' lang='lat' dir='ltr'>litore</span> <span class='ocrx_word' id='word_1_338' title='bbox 870 3041 1048 3079; x_wconf 82' lang='lat' dir='ltr'>habitator</span> <span class='ocrx_word' id='word_1_339' title='bbox 1061 3044 1116 3080; x_wconf 86' lang='lat' dir='ltr'>vi-</span> 
     </span>
     <span class='ocr_line' id='line_1_52' title="bbox 80 3092 1117 3145; baseline -0.009 -12"><span class='ocrx_word' id='word_1_340' title='bbox 80 3095 166 3145; x_wconf 80' lang='lat' dir='ltr'>dere</span> <span class='ocrx_word' id='word_1_341' title='bbox 195 3095 310 3143; x_wconf 87' lang='lat' dir='ltr'>potest</span> <span class='ocrx_word' id='word_1_342' title='bbox 330 3092 549 3143; x_wconf 89' lang='lat' dir='ltr'>aliquando.</span> <span class='ocrx_word' id='word_1_343' title='bbox 577 3093 614 3129; x_wconf 89' lang='lat'>&amp;</span> <span class='ocrx_word' id='word_1_344' title='bbox 637 3092 807 3129; x_wconf 87' lang='lat' dir='ltr'>misereri.</span> <span class='ocrx_word' id='word_1_345' title='bbox 845 3092 954 3129; x_wconf 58' lang='lat' dir='ltr'>Talis&gt;</span> <span class='ocrx_word' id='word_1_346' title='bbox 976 3093 1013 3130; x_wconf 90' lang='lat' dir='ltr'>in</span> <span class='ocrx_word' id='word_1_347' title='bbox 1034 3093 1117 3131; x_wconf 89' lang='lat' dir='ltr'>No.</span> 
     </span>
     <span class='ocr_line' id='line_1_53' title="bbox 79 3142 748 3194; baseline -0.007 -11"><span class='ocrx_word' id='word_1_348' title='bbox 79 3145 189 3184; x_wconf 75' lang='lat' dir='ltr'>strum</span> <span class='ocrx_word' id='word_1_349' title='bbox 210 3145 277 3182; x_wconf 89' lang='lat' dir='ltr'>Ibis</span> <span class='ocrx_word' id='word_1_350' title='bbox 291 3172 302 3189; x_wconf 92' lang='lat'>,</span> <span class='ocrx_word' id='word_1_351' title='bbox 324 3146 361 3183; x_wconf 90' lang='lat' dir='ltr'>in</span> <span class='ocrx_word' id='word_1_352' title='bbox 378 3155 490 3194; x_wconf 88' lang='lat' dir='ltr'>quem</span> <span class='ocrx_word' id='word_1_353' title='bbox 508 3142 569 3181; x_wconf 90' lang='lat' dir='ltr'>ista</span> <span class='ocrx_word' id='word_1_354' title='bbox 591 3142 678 3179; x_wconf 85' lang='lat' dir='ltr'>vers.</span> <span class='ocrx_word' id='word_1_355' title='bbox 692 3152 748 3188; x_wconf 88' lang='lat'>17.</span> 
     </span>
    </p>

    <p class='ocr_par' dir='ltr' id='par_1_14' title="bbox 136 3191 1118 3249">
     <span class='ocr_line' id='line_1_54' title="bbox 136 3191 1118 3249; baseline -0.006 -17"><span class='ocrx_word' id='word_1_356' title='bbox 136 3200 292 3249; x_wconf 80' lang='lat' dir='ltr'>Cumque</span> <span class='ocrx_word' id='word_1_357' title='bbox 320 3208 372 3243; x_wconf 84' lang='lat' dir='ltr'>ego</span> <span class='ocrx_word' id='word_1_358' title='bbox 401 3192 518 3245; x_wconf 75' lang='lat' dir='ltr'>quassa</span> <span class='ocrx_word' id='word_1_359' title='bbox 538 3205 634 3230; x_wconf 79' lang='lat' dir='ltr'>meae</span> <span class='ocrx_word' id='word_1_360' title='bbox 660 3191 858 3242; x_wconf 67' lang='lat' dir='ltr'>complectar</span> <span class='ocrx_word' id='word_1_361' title='bbox 885 3193 1039 3234; x_wconf 84' lang='lat' dir='ltr'>membra</span> <span class='ocrx_word' id='word_1_362' title='bbox 1061 3208 1118 3233; x_wconf 82' lang='lat' dir='ltr'>ca.</span> 
     </span>
    </p>

    <p class='ocr_par' dir='ltr' id='par_1_15' title="bbox 234 3256 351 3288">
     <span class='ocr_line' id='line_1_55' title="bbox 234 3256 351 3288; baseline 0.017 -9"><span class='ocrx_word' id='word_1_363' title='bbox 234 3256 351 3288; x_wconf 77' lang='lat' dir='ltr'>rinae,</span> 
     </span>
    </p>
   </div>
   <div class='ocr_carea' id='block_1_8' title="bbox 184 3293 914 3347">
    <p class='ocr_par' dir='ltr' id='par_1_16' title="bbox 184 3293 914 3347">
     <span class='ocr_line' id='line_1_56' title="bbox 184 3293 914 3347; baseline 0.007 -15"><span class='ocrx_word' id='word_1_364' title='bbox 184 3294 372 3344; x_wconf 76' lang='lat' dir='ltr'>Naufragii</span> <span class='ocrx_word' id='word_1_365' title='bbox 393 3294 532 3347; x_wconf 62' lang='lat' dir='ltr'>rabulas</span> <span class='ocrx_word' id='word_1_366' title='bbox 544 3302 678 3346; x_wconf 75' lang='lat' dir='ltr'>pugnat</span> <span class='ocrx_word' id='word_1_367' title='bbox 695 3293 816 3337; x_wconf 73' lang='lat' dir='ltr'>habere</span> <span class='ocrx_word' id='word_1_368' title='bbox 835 3294 914 3337; x_wconf 84' lang='lat' dir='ltr'>mei.</span> 
     </span>
    </p>
   </div>
   <div class='ocr_carea' id='block_1_9' title="bbox 2082 1009 2202 1066">
    <p class='ocr_par' dir='ltr' id='par_1_17' title="bbox 2082 1009 2202 1066">
     <span class='ocr_line' id='line_1_57' title="bbox 2082 1009 2202 1066; baseline -0.017 0"><span class='ocrx_word' id='word_1_369' title='bbox 2082 1009 2202 1066; x_wconf 90' lang='lat' dir='ltr'>Pas-</span> 
     </span>
    </p>
   </div>
   <div class='ocr_carea' id='block_1_10' title="bbox 1160 1148 2222 2420">
    <p class='ocr_par' dir='ltr' id='par_1_18' title="bbox 1160 1148 2222 2420">
     <span class='ocr_line' id='line_1_58' title="bbox 1165 1148 2205 1209; baseline -0.013 -10"><span class='ocrx_word' id='word_1_370' title='bbox 1165 1159 1213 1199; x_wconf 78' lang='lat' dir='ltr'>Et</span> <span class='ocrx_word' id='word_1_371' title='bbox 1233 1160 1325 1200; x_wconf 84' lang='lat' dir='ltr'>haec</span> <span class='ocrx_word' id='word_1_372' title='bbox 1348 1158 1420 1209; x_wconf 86' lang='lat' dir='ltr'>ipsa</span> <span class='ocrx_word' id='word_1_373' title='bbox 1453 1158 1578 1209; x_wconf 82' lang='lat' dir='ltr'>Elegia</span> <span class='ocrx_word' id='word_1_374' title='bbox 1607 1157 1703 1197; x_wconf 87' lang='lat' dir='ltr'>credi</span> <span class='ocrx_word' id='word_1_375' title='bbox 1727 1156 1844 1207; x_wconf 84' lang='lat' dir='ltr'>potest</span> <span class='ocrx_word' id='word_1_376' title='bbox 1869 1155 1907 1194; x_wconf 80' lang='lat' dir='ltr'>in</span> <span class='ocrx_word' id='word_1_377' title='bbox 1938 1150 2097 1192; x_wconf 84' lang='lat' dir='ltr'>eundem</span> <span class='ocrx_word' id='word_1_378' title='bbox 2121 1148 2205 1205; x_wconf 81' lang='lat' dir='ltr'>scri-</span> 
     </span>
     <span class='ocr_line' id='line_1_59' title="bbox 1165 1200 2206 1260; baseline -0.014 -10"><span class='ocrx_word' id='word_1_379' title='bbox 1165 1221 1246 1260; x_wconf 89' lang='lat' dir='ltr'>pta;</span> <span class='ocrx_word' id='word_1_380' title='bbox 1278 1211 1443 1249; x_wconf 82' lang='lat' dir='ltr'>Eandem</span> <span class='ocrx_word' id='word_1_381' title='bbox 1473 1221 1570 1249; x_wconf 83' lang='lat' dir='ltr'>certe</span> <span class='ocrx_word' id='word_1_382' title='bbox 1598 1210 1783 1258; x_wconf 81' lang='lat' dir='ltr'>querelam</span> <span class='ocrx_word' id='word_1_383' title='bbox 1817 1207 1944 1245; x_wconf 86' lang='lat' dir='ltr'>iisdem</span> <span class='ocrx_word' id='word_1_384' title='bbox 1974 1214 2065 1252; x_wconf 88' lang='lat' dir='ltr'>pene</span> <span class='ocrx_word' id='word_1_385' title='bbox 2088 1200 2206 1256; x_wconf 81' lang='lat' dir='ltr'>verbls</span> 
     </span>
     <span class='ocr_line' id='line_1_60' title="bbox 1165 1252 2205 1312; baseline -0.013 -12"><span class='ocrx_word' id='word_1_386' title='bbox 1165 1264 1227 1300; x_wconf 90' lang='lat' dir='ltr'>hic</span> <span class='ocrx_word' id='word_1_387' title='bbox 1250 1262 1386 1310; x_wconf 78' lang='lat' dir='ltr'>signat,</span> <span class='ocrx_word' id='word_1_388' title='bbox 1416 1260 1565 1312; x_wconf 80' lang='lat' dir='ltr'>impofito</span> <span class='ocrx_word' id='word_1_389' title='bbox 1588 1261 1696 1296; x_wconf 84' lang='lat' dir='ltr'>calcas</span> <span class='ocrx_word' id='word_1_390' title='bbox 1715 1273 1789 1296; x_wconf 82' lang='lat' dir='ltr'>mea</span> <span class='ocrx_word' id='word_1_391' title='bbox 1808 1261 1892 1306; x_wconf 86' lang='lat' dir='ltr'>sata</span> <span class='ocrx_word' id='word_1_392' title='bbox 1905 1256 2007 1306; x_wconf 81' lang='lat' dir='ltr'>pede;</span> <span class='ocrx_word' id='word_1_393' title='bbox 2035 1262 2144 1300; x_wconf 79' lang='lat' dir='ltr'>atque</span> <span class='ocrx_word' id='word_1_394' title='bbox 2162 1252 2205 1287; x_wconf 86' lang='lat' dir='ltr'>il-</span> 
     </span>
     <span class='ocr_line' id='line_1_61' title="bbox 1163 1305 2203 1364; baseline -0.013 -14"><span class='ocrx_word' id='word_1_395' title='bbox 1163 1313 1234 1358; x_wconf 86' lang='lat' dir='ltr'>lic,</span> <span class='ocrx_word' id='word_1_396' title='bbox 1262 1312 1397 1360; x_wconf 82' lang='lat' dir='ltr'>calcasti</span> <span class='ocrx_word' id='word_1_397' title='bbox 1423 1314 1483 1364; x_wconf 75' lang='lat' dir='ltr'>qui</span> <span class='ocrx_word' id='word_1_398' title='bbox 1502 1326 1578 1354; x_wconf 85' lang='lat' dir='ltr'>me,</span> <span class='ocrx_word' id='word_1_399' title='bbox 1605 1311 1775 1354; x_wconf 80' lang='lat' dir='ltr'>violente,</span> <span class='ocrx_word' id='word_1_400' title='bbox 1799 1312 1982 1357; x_wconf 86' lang='lat' dir='ltr'>jacentem.</span> <span class='ocrx_word' id='word_1_401' title='bbox 2010 1305 2203 1344; x_wconf 85' lang='lat' dir='ltr'>Poterant,</span> 
     </span>
     <span class='ocr_line' id='line_1_62' title="bbox 1163 1352 2204 1412; baseline -0.012 -11"><span class='ocrx_word' id='word_1_402' title='bbox 1163 1363 1267 1412; x_wconf 90' lang='lat' dir='ltr'>quod</span> <span class='ocrx_word' id='word_1_403' title='bbox 1289 1363 1392 1400; x_wconf 84' lang='lat' dir='ltr'>restat</span> <span class='ocrx_word' id='word_1_404' title='bbox 1416 1392 1425 1408; x_wconf 90' lang='lat'>‚</span> <span class='ocrx_word' id='word_1_405' title='bbox 1463 1363 1599 1400; x_wconf 89' lang='lat' dir='ltr'>nescire</span> <span class='ocrx_word' id='word_1_406' title='bbox 1622 1361 1843 1399; x_wconf 60' lang='lat' dir='ltr'>correfiores</span> <span class='ocrx_word' id='word_1_407' title='bbox 1863 1387 1873 1403; x_wconf 92' lang='lat'>‚</span> <span class='ocrx_word' id='word_1_408' title='bbox 1900 1357 1987 1406; x_wconf 89' lang='lat' dir='ltr'>quid</span> <span class='ocrx_word' id='word_1_409' title='bbox 2010 1354 2070 1392; x_wconf 78' lang='lat' dir='ltr'>fibi</span> <span class='ocrx_word' id='word_1_410' title='bbox 2093 1352 2204 1389; x_wconf 83' lang='lat' dir='ltr'>vellet</span> 
     </span>
     <span class='ocr_line' id='line_1_63' title="bbox 1165 1400 2207 1463; baseline -0.012 -12"><span class='ocrx_word' id='word_1_411' title='bbox 1165 1414 1389 1462; x_wconf 80' lang='lat' dir='ltr'>naufragium</span> <span class='ocrx_word' id='word_1_412' title='bbox 1409 1424 1522 1463; x_wconf 81' lang='lat' dir='ltr'>rapere</span> <span class='ocrx_word' id='word_1_413' title='bbox 1536 1441 1546 1457; x_wconf 94' lang='lat'>‚</span> <span class='ocrx_word' id='word_1_414' title='bbox 1573 1421 1634 1449; x_wconf 87' lang='lat' dir='ltr'>aut</span> <span class='ocrx_word' id='word_1_415' title='bbox 1652 1413 1723 1450; x_wconf 88' lang='lat' dir='ltr'>dici</span> <span class='ocrx_word' id='word_1_416' title='bbox 1744 1409 1970 1458; x_wconf 80' lang='lat' dir='ltr'>naufragium</span> <span class='ocrx_word' id='word_1_417' title='bbox 1987 1435 1997 1450; x_wconf 94' lang='lat'>,</span> <span class='ocrx_word' id='word_1_418' title='bbox 2025 1400 2207 1460; x_wconf 76' lang='lat' dir='ltr'>quidquid</span> 
     </span>
     <span class='ocr_line' id='line_1_64' title="bbox 1165 1454 2207 1511; baseline -0.012 -8"><span class='ocrx_word' id='word_1_419' title='bbox 1165 1465 1276 1503; x_wconf 60' lang='lat' dir='ltr'>fraeta</span> <span class='ocrx_word' id='word_1_420' title='bbox 1299 1476 1415 1509; x_wconf 86' lang='lat' dir='ltr'>nave,</span> <span class='ocrx_word' id='word_1_421' title='bbox 1444 1465 1505 1502; x_wconf 85' lang='lat' dir='ltr'>seu</span> <span class='ocrx_word' id='word_1_422' title='bbox 1532 1465 1634 1501; x_wconf 84' lang='lat' dir='ltr'>navis</span> <span class='ocrx_word' id='word_1_423' title='bbox 1652 1462 1779 1511; x_wconf 76' lang='lat' dir='ltr'>ipsius,</span> <span class='ocrx_word' id='word_1_424' title='bbox 1806 1461 1866 1498; x_wconf 89' lang='lat' dir='ltr'>seu</span> <span class='ocrx_word' id='word_1_425' title='bbox 1898 1459 2097 1500; x_wconf 88' lang='lat' dir='ltr'>mercium,</span> <span class='ocrx_word' id='word_1_426' title='bbox 2124 1454 2207 1492; x_wconf 80' lang='lat' dir='ltr'>flui-</span> 
     </span>
     <span class='ocr_line' id='line_1_65' title="bbox 1165 1506 2207 1564; baseline -0.013 -10"><span class='ocrx_word' id='word_1_427' title='bbox 1165 1525 1240 1560; x_wconf 87' lang='lat' dir='ltr'>tet,</span> <span class='ocrx_word' id='word_1_428' title='bbox 1266 1516 1430 1563; x_wconf 87' lang='lat' dir='ltr'>ejiciatur</span> <span class='ocrx_word' id='word_1_429' title='bbox 1448 1522 1509 1552; x_wconf 89' lang='lat' dir='ltr'>aut</span> <span class='ocrx_word' id='word_1_430' title='bbox 1527 1514 1705 1564; x_wconf 84' lang='lat' dir='ltr'>perdatur.</span> <span class='ocrx_word' id='word_1_431' title='bbox 1733 1513 1908 1550; x_wconf 80' lang='lat' dir='ltr'>ldautem</span> <span class='ocrx_word' id='word_1_432' title='bbox 1928 1508 2073 1546; x_wconf 79' lang='lat' dir='ltr'>docebit</span> <span class='ocrx_word' id='word_1_433' title='bbox 2096 1506 2207 1542; x_wconf 89' lang='lat' dir='ltr'>Cice-</span> 
     </span>
     <span class='ocr_line' id='line_1_66' title="bbox 1165 1556 2205 1615; baseline -0.012 -12"><span class='ocrx_word' id='word_1_434' title='bbox 1165 1578 1206 1603; x_wconf 90' lang='lat' dir='ltr'>ro</span> <span class='ocrx_word' id='word_1_435' title='bbox 1232 1566 1338 1614; x_wconf 73' lang='lat' dir='ltr'>Epist</span> <span class='ocrx_word' id='word_1_436' title='bbox 1366 1577 1421 1615; x_wconf 89' lang='lat'>¹3·</span> <span class='ocrx_word' id='word_1_437' title='bbox 1451 1566 1512 1603; x_wconf 87' lang='lat' dir='ltr'>lib.</span> <span class='ocrx_word' id='word_1_438' title='bbox 1533 1579 1586 1603; x_wconf 76' lang='lat' dir='ltr'>iv.</span> <span class='ocrx_word' id='word_1_439' title='bbox 1606 1564 1650 1602; x_wconf 88' lang='lat' dir='ltr'>ad</span> <span class='ocrx_word' id='word_1_440' title='bbox 1664 1563 1790 1601; x_wconf 82' lang='lat' dir='ltr'>Famil.</span> <span class='ocrx_word' id='word_1_441' title='bbox 1812 1567 1918 1599; x_wconf 77' lang='lat' dir='ltr'>careo</span> <span class='ocrx_word' id='word_1_442' title='bbox 1941 1573 2017 1596; x_wconf 86' lang='lat' dir='ltr'>cum</span> <span class='ocrx_word' id='word_1_443' title='bbox 2039 1556 2205 1604; x_wconf 84' lang='lat' dir='ltr'>familia-</span> 
     </span>
     <span class='ocr_line' id='line_1_67' title="bbox 1165 1611 2206 1664; baseline -0.012 -11"><span class='ocrx_word' id='word_1_444' title='bbox 1165 1616 1300 1664; x_wconf 83' lang='lat' dir='ltr'>rifflmis</span> <span class='ocrx_word' id='word_1_445' title='bbox 1320 1617 1441 1655; x_wconf 71' lang='lat' dir='ltr'>multis</span> <span class='ocrx_word' id='word_1_446' title='bbox 1460 1618 1532 1653; x_wconf 67' lang='grc' dir='ltr'>ἃς.</span> <span class='ocrx_word' id='word_1_447' title='bbox 1559 1627 1636 1652; x_wconf 81' lang='lat' dir='ltr'>tum</span> <span class='ocrx_word' id='word_1_448' title='bbox 1664 1613 1819 1650; x_wconf 82' lang='lat' dir='ltr'>omnibus</span> <span class='ocrx_word' id='word_1_449' title='bbox 1839 1611 1958 1648; x_wconf 83' lang='lat' dir='ltr'>amicis</span> <span class='ocrx_word' id='word_1_450' title='bbox 1977 1611 2048 1646; x_wconf 83' lang='lat' dir='ltr'>&amp;c.</span> <span class='ocrx_word' id='word_1_451' title='bbox 2076 1612 2206 1655; x_wconf 67' lang='lat' dir='ltr'>versos⁴</span> 
     </span>
     <span class='ocr_line' id='line_1_68' title="bbox 1168 1658 2206 1716; baseline -0.011 -12"><span class='ocrx_word' id='word_1_452' title='bbox 1168 1682 1230 1716; x_wconf 83' lang='lat' dir='ltr'>que</span> <span class='ocrx_word' id='word_1_453' title='bbox 1248 1668 1285 1704; x_wconf 88' lang='lat' dir='ltr'>in</span> <span class='ocrx_word' id='word_1_454' title='bbox 1304 1680 1418 1704; x_wconf 85' lang='lat' dir='ltr'>eorum</span> <span class='ocrx_word' id='word_1_455' title='bbox 1431 1667 1623 1714; x_wconf 77' lang='lat' dir='ltr'>naufragiis</span> <span class='ocrx_word' id='word_1_456' title='bbox 1640 1675 1683 1704; x_wconf 73' lang='grc'>(9·</span> <span class='ocrx_word' id='word_1_457' title='bbox 1702 1665 1864 1700; x_wconf 80' lang='lat' dir='ltr'>honorum</span> <span class='ocrx_word' id='word_1_458' title='bbox 1884 1658 2141 1709; x_wconf 82' lang='lat' dir='ltr'>direptionibus.</span> <span class='ocrx_word' id='word_1_459' title='bbox 2167 1658 2206 1693; x_wconf 71' lang='grc' dir='ltr'>ὅ(</span> 
     </span>
     <span class='ocr_line' id='line_1_69' title="bbox 1169 1709 2216 1767; baseline -0.011 -12"><span class='ocrx_word' id='word_1_460' title='bbox 1169 1730 1234 1767; x_wconf 89' lang='lat' dir='ltr'>pro</span> <span class='ocrx_word' id='word_1_461' title='bbox 1249 1719 1374 1755; x_wconf 68' lang='lat' dir='ltr'>Sextio</span> <span class='ocrx_word' id='word_1_462' title='bbox 1389 1745 1399 1761; x_wconf 89' lang='lat'><em>‚</em></span> <span class='ocrx_word' id='word_1_463' title='bbox 1414 1717 1474 1765; x_wconf 81' lang='lat' dir='ltr'>fed</span> <span class='ocrx_word' id='word_1_464' title='bbox 1492 1717 1607 1766; x_wconf 72' lang='lat' dir='ltr'>necesse</span> <span class='ocrx_word' id='word_1_465' title='bbox 1618 1715 1661 1761; x_wconf 89' lang='lat' dir='ltr'>est</span> <span class='ocrx_word' id='word_1_466' title='bbox 1672 1717 1743 1752; x_wconf 69' lang='grc' dir='ltr'>δίς.</span> <span class='ocrx_word' id='word_1_467' title='bbox 1756 1723 1930 1750; x_wconf 76' lang='lat' dir='ltr'>metatum</span> <span class='ocrx_word' id='word_1_468' title='bbox 1944 1709 2122 1759; x_wconf 81' lang='lat' dir='ltr'>superioris</span> <span class='ocrx_word' id='word_1_469' title='bbox 2141 1721 2216 1743; x_wconf 74' lang='lat' dir='ltr'>an·</span> 
     </span>
     <span class='ocr_line' id='line_1_70' title="bbox 1170 1759 2207 1816; baseline -0.012 -12"><span class='ocrx_word' id='word_1_470' title='bbox 1170 1768 1208 1804; x_wconf 82' lang='lat' dir='ltr'>ni</span> <span class='ocrx_word' id='word_1_471' title='bbox 1228 1767 1328 1816; x_wconf 81' lang='lat' dir='ltr'>reipb.</span> <span class='ocrx_word' id='word_1_472' title='bbox 1348 1769 1572 1815; x_wconf 72' lang='lat' dir='ltr'>naufragium</span> <span class='ocrx_word' id='word_1_473' title='bbox 1592 1776 1750 1814; x_wconf 70' lang='lat' dir='ltr'>exponere</span> <span class='ocrx_word' id='word_1_474' title='bbox 1769 1778 1778 1801; x_wconf 70' lang='grc' dir='ltr'>ε</span> <span class='ocrx_word' id='word_1_475' title='bbox 1817 1764 1855 1799; x_wconf 88' lang='lat' dir='ltr'>in</span> <span class='ocrx_word' id='word_1_476' title='bbox 1875 1776 1938 1811; x_wconf 87' lang='lat' dir='ltr'>quo</span> <span class='ocrx_word' id='word_1_477' title='bbox 1969 1759 2149 1807; x_wconf 80' lang='lat' dir='ltr'>colligendo</span> <span class='ocrx_word' id='word_1_478' title='bbox 2166 1770 2207 1794; x_wconf 83' lang='lat' dir='ltr'>ac</span> 
     </span>
     <span class='ocr_line' id='line_1_71' title="bbox 1168 1809 2208 1865; baseline -0.011 -11"><span class='ocrx_word' id='word_1_479' title='bbox 1168 1817 1349 1864; x_wconf 86' lang='lat' dir='ltr'>reficienda</span> <span class='ocrx_word' id='word_1_480' title='bbox 1364 1818 1482 1865; x_wconf 74' lang='lat' dir='ltr'>salute</span> <span class='ocrx_word' id='word_1_481' title='bbox 1501 1845 1510 1861; x_wconf 87' lang='lat'>,</span> <span class='ocrx_word' id='word_1_482' title='bbox 1537 1818 1653 1853; x_wconf 77' lang='lat' dir='ltr'>omnia</span> <span class='ocrx_word' id='word_1_483' title='bbox 1678 1815 1882 1863; x_wconf 85' lang='lat' dir='ltr'>reperientur</span> <span class='ocrx_word' id='word_1_484' title='bbox 1902 1818 1940 1848; x_wconf 86' lang='lat' dir='ltr'>P.</span> <span class='ocrx_word' id='word_1_485' title='bbox 1961 1810 2068 1847; x_wconf 84' lang='lat' dir='ltr'>Sextii</span> <span class='ocrx_word' id='word_1_486' title='bbox 2089 1809 2181 1845; x_wconf 69' lang='lat' dir='ltr'>dreia</span> <span class='ocrx_word' id='word_1_487' title='bbox 2197 1834 2208 1851; x_wconf 86' lang='lat'><strong><em>‚</em></strong></span> 
     </span>
     <span class='ocr_line' id='line_1_72' title="bbox 1160 1859 2222 1916; baseline -0.01 -11"><span class='ocrx_word' id='word_1_488' title='bbox 1160 1869 1264 1914; x_wconf 61' lang='lat' dir='ltr'>sabia</span> <span class='ocrx_word' id='word_1_489' title='bbox 1278 1896 1287 1912; x_wconf 93' lang='lat'>,</span> <span class='ocrx_word' id='word_1_490' title='bbox 1315 1866 1452 1915; x_wconf 80' lang='lat' dir='ltr'>consilia</span> <span class='ocrx_word' id='word_1_491' title='bbox 1470 1867 1622 1916; x_wconf 83' lang='lat' dir='ltr'>versata.</span> <span class='ocrx_word' id='word_1_492' title='bbox 1644 1866 1681 1902; x_wconf 72' lang='grc' dir='ltr'>ὅ(</span> <span class='ocrx_word' id='word_1_493' title='bbox 1701 1877 1768 1914; x_wconf 92' lang='lat' dir='ltr'>pro</span> <span class='ocrx_word' id='word_1_494' title='bbox 1791 1864 1834 1900; x_wconf 90' lang='lat' dir='ltr'>C.</span> <span class='ocrx_word' id='word_1_495' title='bbox 1856 1863 1978 1900; x_wconf 86' lang='lat' dir='ltr'>Rabir.</span> <span class='ocrx_word' id='word_1_496' title='bbox 2008 1859 2108 1908; x_wconf 90' lang='lat' dir='ltr'>perd.</span> <span class='ocrx_word' id='word_1_497' title='bbox 2130 1870 2222 1895; x_wconf 88' lang='lat' dir='ltr'>reo..</span> 
     </span>
     <span class='ocr_line' id='line_1_73' title="bbox 1171 1908 2208 1968; baseline -0.011 -14"><span class='ocrx_word' id='word_1_498' title='bbox 1171 1924 1244 1955; x_wconf 85' lang='lat' dir='ltr'>Nec</span> <span class='ocrx_word' id='word_1_499' title='bbox 1265 1929 1345 1955; x_wconf 83' lang='lat' dir='ltr'>tuas</span> <span class='ocrx_word' id='word_1_500' title='bbox 1367 1931 1528 1968; x_wconf 87' lang='lat' dir='ltr'>unquam</span> <span class='ocrx_word' id='word_1_501' title='bbox 1548 1917 1697 1954; x_wconf 87' lang='lat' dir='ltr'>rationes</span> <span class='ocrx_word' id='word_1_502' title='bbox 1715 1915 1762 1952; x_wconf 85' lang='lat' dir='ltr'>ad</span> <span class='ocrx_word' id='word_1_503' title='bbox 1787 1928 1837 1951; x_wconf 85' lang='lat' dir='ltr'>eos</span> <span class='ocrx_word' id='word_1_504' title='bbox 1853 1912 1997 1962; x_wconf 78' lang='lat' dir='ltr'>scopulos</span> <span class='ocrx_word' id='word_1_505' title='bbox 2021 1908 2208 1959; x_wconf 71' lang='lat' dir='ltr'>appuliffet‚</span> 
     </span>
     <span class='ocr_line' id='line_1_74' title="bbox 1172 1960 2209 2019; baseline -0.011 -14"><span class='ocrx_word' id='word_1_506' title='bbox 1172 1969 1220 2005; x_wconf 87' lang='lat' dir='ltr'>ad</span> <span class='ocrx_word' id='word_1_507' title='bbox 1242 1982 1322 2019; x_wconf 79' lang='lat' dir='ltr'>quos</span> <span class='ocrx_word' id='word_1_508' title='bbox 1342 1975 1418 2006; x_wconf 84' lang='lat' dir='ltr'>Sex.</span> <span class='ocrx_word' id='word_1_509' title='bbox 1455 1969 1539 2006; x_wconf 79' lang='lat' dir='ltr'>Titii</span> <span class='ocrx_word' id='word_1_510' title='bbox 1567 1967 1733 2017; x_wconf 65' lang='lat' dir='ltr'>afflietam</span> <span class='ocrx_word' id='word_1_511' title='bbox 1765 1977 1918 2007; x_wconf 84' lang='lat' dir='ltr'>navem,</span> <span class='ocrx_word' id='word_1_512' title='bbox 1954 1973 1997 2002; x_wconf 65' lang='lat' dir='ltr'>ey</span> <span class='ocrx_word' id='word_1_513' title='bbox 2026 1962 2063 1998; x_wconf 78' lang='lat' dir='ltr'>in</span> <span class='ocrx_word' id='word_1_514' title='bbox 2086 1960 2209 2010; x_wconf 83' lang='lat' dir='ltr'>quibus</span> 
     </span>
     <span class='ocr_line' id='line_1_75' title="bbox 1171 2013 2205 2068; baseline -0.008 -13"><span class='ocrx_word' id='word_1_515' title='bbox 1171 2024 1213 2056; x_wconf 92' lang='lat' dir='ltr'>C.</span> <span class='ocrx_word' id='word_1_516' title='bbox 1228 2020 1372 2056; x_wconf 81' lang='lat' dir='ltr'>Deciani</span> <span class='ocrx_word' id='word_1_517' title='bbox 1383 2019 1847 2068; x_wconf 75' lang='lat' dir='ltr'>naufragiumforrunarum</span> <span class='ocrx_word' id='word_1_518' title='bbox 1861 2014 2004 2051; x_wconf 69' lang='lat' dir='ltr'>videras.</span> <span class='ocrx_word' id='word_1_519' title='bbox 2027 2013 2205 2049; x_wconf 65' lang='lat' dir='ltr'>Aueroa</span> 
     </span>
     <span class='ocr_line' id='line_1_76' title="bbox 1172 2062 2206 2111; baseline -0.009 -5"><span class='ocrx_word' id='word_1_520' title='bbox 1172 2069 1540 2108; x_wconf 71' lang='lat' dir='ltr'>ELEcr.EToN1-:N3.</span> <span class='ocrx_word' id='word_1_521' title='bbox 1569 2068 1672 2105; x_wconf 84' lang='lat' dir='ltr'>Nihil</span> <span class='ocrx_word' id='word_1_522' title='bbox 1685 2066 1864 2104; x_wconf 86' lang='lat' dir='ltr'>varietatis</span> <span class='ocrx_word' id='word_1_523' title='bbox 1877 2067 1911 2102; x_wconf 89' lang='lat' dir='ltr'>in</span> <span class='ocrx_word' id='word_1_524' title='bbox 1925 2062 2057 2111; x_wconf 88' lang='lat' dir='ltr'>scriptis</span> <span class='ocrx_word' id='word_1_525' title='bbox 2067 2070 2206 2109; x_wconf 88' lang='lat' dir='ltr'>praeter</span> 
     </span>
     <span class='ocr_line' id='line_1_77' title="bbox 1171 2118 2207 2169; baseline -0.009 -12"><span class='ocrx_word' id='word_1_526' title='bbox 1171 2131 1213 2156; x_wconf 87' lang='lat' dir='ltr'>ea</span> <span class='ocrx_word' id='word_1_527' title='bbox 1227 2147 1237 2163; x_wconf 92' lang='lat'>,</span> <span class='ocrx_word' id='word_1_528' title='bbox 1251 2131 1346 2169; x_wconf 90' lang='lat' dir='ltr'>quae</span> <span class='ocrx_word' id='word_1_529' title='bbox 1366 2119 1522 2157; x_wconf 86' lang='lat' dir='ltr'>indicata</span> <span class='ocrx_word' id='word_1_530' title='bbox 1542 2119 1622 2156; x_wconf 89' lang='lat' dir='ltr'>sunt</span> <span class='ocrx_word' id='word_1_531' title='bbox 1636 2145 1646 2161; x_wconf 88' lang='lat'>,</span> <span class='ocrx_word' id='word_1_532' title='bbox 1672 2118 1813 2165; x_wconf 88' lang='lat' dir='ltr'>repperi</span> <span class='ocrx_word' id='word_1_533' title='bbox 1825 2130 1833 2154; x_wconf 90' lang='lat'><strong>:</strong></span> <span class='ocrx_word' id='word_1_534' title='bbox 1846 2127 1967 2163; x_wconf 92' lang='lat' dir='ltr'>neque</span> <span class='ocrx_word' id='word_1_535' title='bbox 1979 2123 2103 2151; x_wconf 87' lang='lat' dir='ltr'>tamen</span> <span class='ocrx_word' id='word_1_536' title='bbox 2116 2123 2207 2149; x_wconf 87' lang='lat' dir='ltr'>con·</span> 
     </span>
     <span class='ocr_line' id='line_1_78' title="bbox 1164 2163 2208 2218; baseline -0.008 -11"><span class='ocrx_word' id='word_1_537' title='bbox 1164 2170 1332 2218; x_wconf 60' lang='lat' dir='ltr'>jeaurae</span> <span class='ocrx_word' id='word_1_538' title='bbox 1357 2169 1556 2207; x_wconf 60' lang='lat' dir='ltr'>doctorum</span> <span class='ocrx_word' id='word_1_539' title='bbox 1588 2171 1764 2205; x_wconf 84' lang='lat' dir='ltr'>virorum</span> <span class='ocrx_word' id='word_1_540' title='bbox 1782 2166 2022 2207; x_wconf 85' lang='lat' dir='ltr'>satisfaciunt,</span> <span class='ocrx_word' id='word_1_541' title='bbox 2050 2164 2135 2201; x_wconf 89' lang='lat' dir='ltr'>licet</span> <span class='ocrx_word' id='word_1_542' title='bbox 2156 2163 2208 2199; x_wconf 89' lang='lat' dir='ltr'>se-</span> 
     </span>
     <span class='ocr_line' id='line_1_79' title="bbox 1170 2216 2210 2263; baseline -0.009 -6"><span class='ocrx_word' id='word_1_543' title='bbox 1170 2220 1291 2258; x_wconf 87' lang='lat' dir='ltr'>cunda</span> <span class='ocrx_word' id='word_1_544' title='bbox 1315 2219 1457 2258; x_wconf 88' lang='lat' dir='ltr'>Heinfii</span> <span class='ocrx_word' id='word_1_545' title='bbox 1485 2219 1700 2257; x_wconf 81' lang='lat' dir='ltr'>sententiam</span> <span class='ocrx_word' id='word_1_546' title='bbox 1729 2218 1837 2255; x_wconf 85' lang='lat' dir='ltr'>faciat</span> <span class='ocrx_word' id='word_1_547' title='bbox 1863 2216 1941 2253; x_wconf 79' lang='lat' dir='ltr'>satis</span> <span class='ocrx_word' id='word_1_548' title='bbox 1957 2224 2091 2263; x_wconf 86' lang='lat' dir='ltr'>aptam.</span> <span class='ocrx_word' id='word_1_549' title='bbox 2120 2226 2210 2249; x_wconf 83' lang='lat' dir='ltr'>nau-</span> 
     </span>
     <span class='ocr_line' id='line_1_80' title="bbox 1161 2267 2207 2320; baseline -0.008 -13"><span class='ocrx_word' id='word_1_550' title='bbox 1161 2271 1320 2320; x_wconf 81' lang='lat' dir='ltr'>fragium</span> <span class='ocrx_word' id='word_1_551' title='bbox 1341 2279 1453 2318; x_wconf 75' lang='lat' dir='ltr'>rapere</span> <span class='ocrx_word' id='word_1_552' title='bbox 1466 2271 1554 2308; x_wconf 88' lang='lat' dir='ltr'>mihi</span> <span class='ocrx_word' id='word_1_553' title='bbox 1570 2268 1782 2307; x_wconf 83' lang='lat' dir='ltr'>insolentior</span> <span class='ocrx_word' id='word_1_554' title='bbox 1802 2267 1943 2304; x_wconf 86' lang='lat' dir='ltr'>locutio</span> <span class='ocrx_word' id='word_1_555' title='bbox 1963 2267 2114 2302; x_wconf 87' lang='lat' dir='ltr'>videtur.</span> <span class='ocrx_word' id='word_1_556' title='bbox 2141 2275 2207 2299; x_wconf 88' lang='lat' dir='ltr'>ne-</span> 
     </span>
     <span class='ocr_line' id='line_1_81' title="bbox 1169 2313 2208 2369; baseline -0.01 -10"><span class='ocrx_word' id='word_1_557' title='bbox 1169 2332 1241 2369; x_wconf 92' lang='lat' dir='ltr'>que</span> <span class='ocrx_word' id='word_1_558' title='bbox 1262 2322 1322 2359; x_wconf 88' lang='lat' dir='ltr'>hic</span> <span class='ocrx_word' id='word_1_559' title='bbox 1342 2321 1387 2358; x_wconf 91' lang='lat' dir='ltr'>de</span> <span class='ocrx_word' id='word_1_560' title='bbox 1407 2322 1622 2369; x_wconf 83' lang='lat' dir='ltr'>rapacitate,</span> <span class='ocrx_word' id='word_1_561' title='bbox 1650 2319 1709 2356; x_wconf 86' lang='lat' dir='ltr'>sed</span> <span class='ocrx_word' id='word_1_562' title='bbox 1737 2318 1782 2356; x_wconf 90' lang='lat' dir='ltr'>de</span> <span class='ocrx_word' id='word_1_563' title='bbox 1803 2318 1936 2355; x_wconf 81' lang='lat' dir='ltr'>immiti</span> <span class='ocrx_word' id='word_1_564' title='bbox 1960 2317 1996 2352; x_wconf 66' lang='grc' dir='ltr'>ὅ(</span> <span class='ocrx_word' id='word_1_565' title='bbox 2025 2316 2115 2352; x_wconf 84' lang='lat' dir='ltr'>duro</span> <span class='ocrx_word' id='word_1_566' title='bbox 2136 2313 2208 2356; x_wconf 61' lang='lat' dir='ltr'>hm,</span> 
     </span>
     <span class='ocr_line' id='line_1_82' title="bbox 1167 2365 2101 2420; baseline -0.01 -10"><span class='ocrx_word' id='word_1_567' title='bbox 1167 2372 1275 2409; x_wconf 87' lang='lat' dir='ltr'>minis</span> <span class='ocrx_word' id='word_1_568' title='bbox 1285 2373 1412 2409; x_wconf 90' lang='lat' dir='ltr'>animo</span> <span class='ocrx_word' id='word_1_569' title='bbox 1431 2372 1603 2420; x_wconf 86' lang='lat' dir='ltr'>queritur.</span> <span class='ocrx_word' id='word_1_570' title='bbox 1630 2381 1741 2419; x_wconf 85' lang='lat' dir='ltr'>quare</span> <span class='ocrx_word' id='word_1_571' title='bbox 1761 2370 1854 2406; x_wconf 90' lang='lat' dir='ltr'>forte</span> <span class='ocrx_word' id='word_1_572' title='bbox 1872 2367 1942 2416; x_wconf 86' lang='lat' dir='ltr'>legi</span> <span class='ocrx_word' id='word_1_573' title='bbox 1964 2365 2101 2414; x_wconf 77' lang='lat' dir='ltr'>pollet,</span> 
     </span>
    </p>
   </div>
   <div class='ocr_carea' id='block_1_11' title="bbox 1167 2430 2107 2534">
    <p class='ocr_par' dir='ltr' id='par_1_19' title="bbox 1167 2430 2107 2534">
     <span class='ocr_line' id='line_1_83' title="bbox 1215 2430 2107 2525; baseline -0.013 -49"><span class='ocrx_word' id='word_1_574' title='bbox 1215 2436 1296 2525; x_wconf 79' lang='lat' dir='ltr'>lVidi</span> <span class='ocrx_word' id='word_1_575' title='bbox 1312 2449 1366 2485; x_wconf 80' lang='lat' dir='ltr'>ego</span> <span class='ocrx_word' id='word_1_576' title='bbox 1389 2435 1572 2484; x_wconf 83' lang='lat' dir='ltr'>navifrago</span> <span class='ocrx_word' id='word_1_577' title='bbox 1589 2446 1670 2483; x_wconf 81' lang='lat' dir='ltr'>quot</span> <span class='ocrx_word' id='word_1_578' title='bbox 1693 2433 1793 2469; x_wconf 82' lang='lat' dir='ltr'>duros</span> <span class='ocrx_word' id='word_1_579' title='bbox 1815 2444 1956 2482; x_wconf 75' lang='lat' dir='ltr'>aequore</span> <span class='ocrx_word' id='word_1_580' title='bbox 1978 2430 2107 2478; x_wconf 79' lang='lat' dir='ltr'>mergi?</span> 
     </span>
     <span class='ocr_line' id='line_1_84' title="bbox 1167 2499 1256 2534; baseline 0 -9"><span class='ocrx_word' id='word_1_581' title='bbox 1167 2499 1213 2526; x_wconf 90' lang='lat' dir='ltr'>ve</span> <span class='ocrx_word' id='word_1_582' title='bbox 1244 2516 1256 2534; x_wconf 92' lang='lat'>,</span> 
     </span>
    </p>
   </div>
   <div class='ocr_carea' id='block_1_12' title="bbox 1221 2550 2137 2604">
    <p class='ocr_par' dir='ltr' id='par_1_20' title="bbox 1221 2550 2137 2604">
     <span class='ocr_line' id='line_1_85' title="bbox 1221 2550 2137 2604; baseline -0.004 -12"><span class='ocrx_word' id='word_1_583' title='bbox 1221 2554 1298 2592; x_wconf 74' lang='lat' dir='ltr'>Vidi</span> <span class='ocrx_word' id='word_1_584' title='bbox 1316 2567 1368 2604; x_wconf 86' lang='lat' dir='ltr'>ego</span> <span class='ocrx_word' id='word_1_585' title='bbox 1389 2554 1574 2604; x_wconf 78' lang='lat' dir='ltr'>navifrago</span> <span class='ocrx_word' id='word_1_586' title='bbox 1595 2554 1694 2591; x_wconf 77' lang='lat' dir='ltr'>duros</span> <span class='ocrx_word' id='word_1_587' title='bbox 1716 2562 1765 2590; x_wconf 81' lang='lat' dir='ltr'>tot</span> <span class='ocrx_word' id='word_1_588' title='bbox 1785 2552 1822 2589; x_wconf 84' lang='lat' dir='ltr'>in</span> <span class='ocrx_word' id='word_1_589' title='bbox 1842 2564 1984 2601; x_wconf 80' lang='lat' dir='ltr'>aequore</span> <span class='ocrx_word' id='word_1_590' title='bbox 2004 2550 2137 2597; x_wconf 78' lang='lat' dir='ltr'>mergi?</span> 
     </span>
    </p>
   </div>
   <div class='ocr_carea' id='block_1_13' title="bbox 1167 2617 2204 2719">
    <p class='ocr_par' dir='ltr' id='par_1_21' title="bbox 1167 2617 2204 2719">
     <span class='ocr_line' id='line_1_86' title="bbox 1167 2617 1228 2656; baseline -0.016 0"><span class='ocrx_word' id='word_1_591' title='bbox 1167 2617 1228 2656; x_wconf 81' lang='lat' dir='ltr'>vel</span> 
     </span>
     <span class='ocr_line' id='line_1_87' title="bbox 1223 2646 2204 2719; baseline -0.006 -13"><span class='ocrx_word' id='word_1_592' title='bbox 1223 2646 1300 2707; x_wconf 77' lang='lat' dir='ltr'>V’idi</span> <span class='ocrx_word' id='word_1_593' title='bbox 1317 2684 1370 2719; x_wconf 88' lang='lat' dir='ltr'>ego</span> <span class='ocrx_word' id='word_1_594' title='bbox 1388 2671 1617 2719; x_wconf 78' lang='lat' dir='ltr'>navifragum</span> <span class='ocrx_word' id='word_1_595' title='bbox 1638 2668 1698 2718; x_wconf 81' lang='lat' dir='ltr'>qui</span> <span class='ocrx_word' id='word_1_596' title='bbox 1717 2668 1859 2715; x_wconf 83' lang='lat' dir='ltr'>laeserat</span> <span class='ocrx_word' id='word_1_597' title='bbox 1871 2696 1882 2712; x_wconf 87' lang='lat'>‚</span> <span class='ocrx_word' id='word_1_598' title='bbox 1909 2680 2051 2717; x_wconf 85' lang='lat' dir='ltr'>aequore</span> <span class='ocrx_word' id='word_1_599' title='bbox 2070 2657 2175 2708; x_wconf 72' lang='lat' dir='ltr'>mergi</span> <span class='ocrx_word' id='word_1_600' title='bbox 2187 2666 2204 2696; x_wconf 61' lang='grc' dir='ltr'><strong><em>ἲ</em></strong></span> 
     </span>
    </p>
   </div>
   <div class='ocr_carea' id='block_1_14' title="bbox 1164 2734 2207 3342">
    <p class='ocr_par' dir='ltr' id='par_1_22' title="bbox 1164 2734 2207 3189">
     <span class='ocr_line' id='line_1_88' title="bbox 1168 2734 2203 2786; baseline -0.005 -12"><span class='ocrx_word' id='word_1_601' title='bbox 1168 2735 1193 2774; x_wconf 79' lang='lat' dir='ltr'>si</span> <span class='ocrx_word' id='word_1_602' title='bbox 1214 2746 1378 2786; x_wconf 82' lang='lat' dir='ltr'>ageretur</span> <span class='ocrx_word' id='word_1_603' title='bbox 1397 2737 1442 2774; x_wconf 89' lang='lat' dir='ltr'>de</span> <span class='ocrx_word' id='word_1_604' title='bbox 1472 2737 1612 2785; x_wconf 83' lang='lat' dir='ltr'>prodita</span> <span class='ocrx_word' id='word_1_605' title='bbox 1634 2737 1815 2779; x_wconf 85' lang='lat' dir='ltr'>amicitia,</span> <span class='ocrx_word' id='word_1_606' title='bbox 1842 2734 1956 2784; x_wconf 78' lang='lat' dir='ltr'>posset</span> <span class='ocrx_word' id='word_1_607' title='bbox 1978 2735 2203 2782; x_wconf 80' lang='lat' dir='ltr'>&amp;legi‚per·</span> 
     </span>
     <span class='ocr_line' id='line_1_89' title="bbox 1164 2786 2202 2836; baseline -0.004 -12"><span class='ocrx_word' id='word_1_608' title='bbox 1164 2788 1260 2836; x_wconf 81' lang='lat' dir='ltr'>juros</span> <span class='ocrx_word' id='word_1_609' title='bbox 1278 2801 1419 2834; x_wconf 84' lang='lat' dir='ltr'>aequore</span> <span class='ocrx_word' id='word_1_610' title='bbox 1440 2790 1554 2836; x_wconf 81' lang='lat' dir='ltr'>mergi.</span> <span class='ocrx_word' id='word_1_611' title='bbox 1577 2788 1646 2825; x_wconf 85' lang='lat' dir='ltr'>Sed</span> <span class='ocrx_word' id='word_1_612' title='bbox 1668 2789 1868 2835; x_wconf 83' lang='lat' dir='ltr'>relinquam</span> <span class='ocrx_word' id='word_1_613' title='bbox 1878 2800 1913 2824; x_wconf 87' lang='lat' dir='ltr'>us</span> <span class='ocrx_word' id='word_1_614' title='bbox 1936 2787 2055 2834; x_wconf 85' lang='lat' dir='ltr'>potius</span> <span class='ocrx_word' id='word_1_615' title='bbox 2077 2786 2202 2821; x_wconf 79' lang='lat' dir='ltr'>locum</span> 
     </span>
     <span class='ocr_line' id='line_1_90' title="bbox 1172 2835 2202 2886; baseline -0.005 -10"><span class='ocrx_word' id='word_1_616' title='bbox 1172 2839 1268 2876; x_wconf 80' lang='lat' dir='ltr'>male</span> <span class='ocrx_word' id='word_1_617' title='bbox 1287 2838 1459 2876; x_wconf 59' lang='lat' dir='ltr'>affeffium</span> <span class='ocrx_word' id='word_1_618' title='bbox 1483 2838 1700 2875; x_wconf 85' lang='lat' dir='ltr'>felicioribus</span> <span class='ocrx_word' id='word_1_619' title='bbox 1722 2840 1871 2886; x_wconf 81' lang='lat' dir='ltr'>ingeniis</span> <span class='ocrx_word' id='word_1_620' title='bbox 1884 2838 2092 2874; x_wconf 73' lang='lat' dir='ltr'>sanandum.</span> <span class='ocrx_word' id='word_1_621' title='bbox 2121 2835 2202 2871; x_wconf 85' lang='lat' dir='ltr'>ridi-</span> 
     </span>
     <span class='ocr_line' id='line_1_91' title="bbox 1170 2888 2205 2937; baseline -0.004 -12"><span class='ocrx_word' id='word_1_622' title='bbox 1170 2889 1294 2926; x_wconf 82' lang='lat' dir='ltr'>culum</span> <span class='ocrx_word' id='word_1_623' title='bbox 1318 2900 1407 2925; x_wconf 90' lang='lat' dir='ltr'>vero</span> <span class='ocrx_word' id='word_1_624' title='bbox 1430 2889 1499 2932; x_wconf 90' lang='lat' dir='ltr'>est,</span> <span class='ocrx_word' id='word_1_625' title='bbox 1529 2888 1630 2937; x_wconf 89' lang='lat' dir='ltr'>quod</span> <span class='ocrx_word' id='word_1_626' title='bbox 1652 2889 1793 2925; x_wconf 83' lang='lat' dir='ltr'>Merula</span> <span class='ocrx_word' id='word_1_627' title='bbox 1814 2890 1849 2924; x_wconf 86' lang='lat' dir='ltr'>in</span> <span class='ocrx_word' id='word_1_628' title='bbox 1872 2897 2102 2935; x_wconf 76' lang='lat' dir='ltr'>pentametro</span> <span class='ocrx_word' id='word_1_629' title='bbox 2114 2897 2205 2921; x_wconf 88' lang='lat' dir='ltr'>con·</span> 
     </span>
     <span class='ocr_line' id='line_1_92' title="bbox 1166 2936 2207 2988; baseline -0.005 -12"><span class='ocrx_word' id='word_1_630' title='bbox 1166 2940 1319 2988; x_wconf 83' lang='lat' dir='ltr'>jungat,</span> <span class='ocrx_word' id='word_1_631' title='bbox 1347 2939 1405 2976; x_wconf 89' lang='lat' dir='ltr'>illa</span> <span class='ocrx_word' id='word_1_632' title='bbox 1434 2952 1615 2986; x_wconf 84' lang='lat' dir='ltr'>nunquam</span> <span class='ocrx_word' id='word_1_633' title='bbox 1637 2938 1713 2974; x_wconf 78' lang='lat' dir='ltr'>dixi</span> <span class='ocrx_word' id='word_1_634' title='bbox 1735 2966 1745 2982; x_wconf 93' lang='lat'>‚</span> <span class='ocrx_word' id='word_1_635' title='bbox 1780 2938 1877 2986; x_wconf 80' lang='lat' dir='ltr'>quasi</span> <span class='ocrx_word' id='word_1_636' title='bbox 1901 2938 2057 2975; x_wconf 79' lang='lat' dir='ltr'>Ovidius</span> <span class='ocrx_word' id='word_1_637' title='bbox 2080 2938 2112 2973; x_wconf 82' lang='lat' dir='ltr'>se</span> <span class='ocrx_word' id='word_1_638' title='bbox 2131 2936 2207 2972; x_wconf 58' lang='lat' dir='ltr'>lau»</span> 
     </span>
     <span class='ocr_line' id='line_1_93' title="bbox 1172 2985 2205 3037; baseline -0.004 -11"><span class='ocrx_word' id='word_1_639' title='bbox 1172 2989 1293 3032; x_wconf 86' lang='lat' dir='ltr'>daret,</span> <span class='ocrx_word' id='word_1_640' title='bbox 1320 2989 1424 3037; x_wconf 77' lang='lat' dir='ltr'>quod</span> <span class='ocrx_word' id='word_1_641' title='bbox 1452 3001 1656 3037; x_wconf 83' lang='lat' dir='ltr'>numquam</span> <span class='ocrx_word' id='word_1_642' title='bbox 1688 2989 1787 3026; x_wconf 88' lang='lat' dir='ltr'>malo</span> <span class='ocrx_word' id='word_1_643' title='bbox 1807 2989 1928 3026; x_wconf 86' lang='lat' dir='ltr'>alieno</span> <span class='ocrx_word' id='word_1_644' title='bbox 1952 2988 2092 3036; x_wconf 80' lang='lat' dir='ltr'>gavisus</span> <span class='ocrx_word' id='word_1_645' title='bbox 2123 2985 2205 3023; x_wconf 82' lang='lat' dir='ltr'>fuis-</span> 
     </span>
     <span class='ocr_line' id='line_1_94' title="bbox 1171 3036 2204 3089; baseline -0.005 -12"><span class='ocrx_word' id='word_1_646' title='bbox 1171 3040 1233 3077; x_wconf 90' lang='lat' dir='ltr'>set.</span> <span class='ocrx_word' id='word_1_647' title='bbox 1261 3050 1344 3076; x_wconf 88' lang='lat' dir='ltr'>cum</span> <span class='ocrx_word' id='word_1_648' title='bbox 1369 3051 1484 3087; x_wconf 89' lang='lat' dir='ltr'>puero</span> <span class='ocrx_word' id='word_1_649' title='bbox 1506 3048 1624 3087; x_wconf 83' lang='lat' dir='ltr'>pateat</span> <span class='ocrx_word' id='word_1_650' title='bbox 1651 3052 1835 3089; x_wconf 81' lang='lat' dir='ltr'>nunquam</span> <span class='ocrx_word' id='word_1_651' title='bbox 1856 3040 1979 3076; x_wconf 85' lang='lat' dir='ltr'>referri</span> <span class='ocrx_word' id='word_1_652' title='bbox 2005 3040 2137 3074; x_wconf 74' lang='lat' dir='ltr'>debere</span> <span class='ocrx_word' id='word_1_653' title='bbox 2160 3036 2204 3072; x_wconf 88' lang='lat' dir='ltr'>ad</span> 
     </span>
     <span class='ocr_line' id='line_1_95' title="bbox 1166 3089 2204 3138; baseline -0.001 -13"><span class='ocrx_word' id='word_1_654' title='bbox 1166 3089 1296 3138; x_wconf 85' lang='lat' dir='ltr'>justior.</span> <span class='ocrx_word' id='word_1_655' title='bbox 1337 3091 1434 3127; x_wconf 89' lang='lat' dir='ltr'>unde</span> <span class='ocrx_word' id='word_1_656' title='bbox 1466 3091 1633 3128; x_wconf 84' lang='lat' dir='ltr'>videmus</span> <span class='ocrx_word' id='word_1_657' title='bbox 1664 3102 1773 3138; x_wconf 85' lang='lat' dir='ltr'>quam</span> <span class='ocrx_word' id='word_1_658' title='bbox 1801 3090 1888 3126; x_wconf 84' lang='lat' dir='ltr'>utile</span> <span class='ocrx_word' id='word_1_659' title='bbox 1918 3089 1957 3127; x_wconf 86' lang='lat' dir='ltr'>fit</span> <span class='ocrx_word' id='word_1_660' title='bbox 1988 3090 2204 3134; x_wconf 66' lang='lat' dir='ltr'>distinguere</span> 
     </span>
     <span class='ocr_line' id='line_1_96' title="bbox 1173 3138 2178 3189; baseline -0.004 -12"><span class='ocrx_word' id='word_1_661' title='bbox 1173 3150 1255 3189; x_wconf 87' lang='lat' dir='ltr'>apte</span> <span class='ocrx_word' id='word_1_662' title='bbox 1276 3140 1395 3177; x_wconf 80' lang='lat' dir='ltr'>verba.</span> <span class='ocrx_word' id='word_1_663' title='bbox 1412 3141 1450 3177; x_wconf 87' lang='lat' dir='ltr'>in</span> <span class='ocrx_word' id='word_1_664' title='bbox 1469 3153 1615 3188; x_wconf 78' lang='lat' dir='ltr'>aequora</span> <span class='ocrx_word' id='word_1_665' title='bbox 1639 3143 1685 3178; x_wconf 79' lang='lat' dir='ltr'>est</span> <span class='ocrx_word' id='word_1_666' title='bbox 1707 3141 1816 3177; x_wconf 86' lang='lat' dir='ltr'>etiam</span> <span class='ocrx_word' id='word_1_667' title='bbox 1837 3141 1871 3176; x_wconf 91' lang='lat' dir='ltr'>in</span> <span class='ocrx_word' id='word_1_668' title='bbox 1887 3140 2020 3177; x_wconf 84' lang='lat' dir='ltr'>multis.</span> <span class='ocrx_word' id='word_1_669' title='bbox 2049 3138 2178 3174; x_wconf 69' lang='lat' dir='ltr'>Euam,</span> 
     </span>
    </p>

    <p class='ocr_par' dir='ltr' id='par_1_23' title="bbox 1173 3191 2206 3290">
     <span class='ocr_line' id='line_1_97' title="bbox 1227 3191 2206 3239; baseline -0.007 -11"><span class='ocrx_word' id='word_1_670' title='bbox 1227 3202 1282 3239; x_wconf 85' lang='lat'>13.</span> <span class='ocrx_word' id='word_1_671' title='bbox 1310 3191 1504 3238; x_wconf 86' lang='lat' dir='ltr'>Negarat.]</span> <span class='ocrx_word' id='word_1_672' title='bbox 1537 3191 1692 3239; x_wconf 79' lang='lat' dir='ltr'>Negabat</span> <span class='ocrx_word' id='word_1_673' title='bbox 1713 3192 1858 3237; x_wconf 74' lang='lat' dir='ltr'>junian.</span> <span class='ocrx_word' id='word_1_674' title='bbox 1879 3194 1916 3227; x_wconf 72' lang='grc' dir='ltr'>ὅ(</span> <span class='ocrx_word' id='word_1_675' title='bbox 1938 3192 2084 3227; x_wconf 83' lang='lat' dir='ltr'>Putean.</span> <span class='ocrx_word' id='word_1_676' title='bbox 2106 3198 2206 3234; x_wconf 61' lang='lat' dir='ltr'>nega-</span> 
     </span>
     <span class='ocr_line' id='line_1_98' title="bbox 1173 3242 1678 3290; baseline 0 -11"><span class='ocrx_word' id='word_1_677' title='bbox 1173 3252 1223 3279; x_wconf 81' lang='lat' dir='ltr'>ret</span> <span class='ocrx_word' id='word_1_678' title='bbox 1240 3242 1349 3280; x_wconf 82' lang='lat' dir='ltr'>Leid.</span> <span class='ocrx_word' id='word_1_679' title='bbox 1370 3243 1511 3290; x_wconf 83' lang='lat' dir='ltr'>negavit</span> <span class='ocrx_word' id='word_1_680' title='bbox 1532 3243 1678 3279; x_wconf 70' lang='lat' dir='ltr'>Lovan.</span> 
     </span>
    </p>

    <p class='ocr_par' dir='ltr' id='par_1_24' title="bbox 1230 3291 1969 3342">
     <span class='ocr_line' id='line_1_99' title="bbox 1230 3291 1969 3342; baseline -0.007 -10"><span class='ocrx_word' id='word_1_681' title='bbox 1230 3304 1286 3341; x_wconf 85' lang='lat'>14.</span> <span class='ocrx_word' id='word_1_682' title='bbox 1315 3292 1374 3330; x_wconf 82' lang='lat' dir='ltr'>Ille</span> <span class='ocrx_word' id='word_1_683' title='bbox 1397 3291 1505 3341; x_wconf 58' lang='lat' dir='ltr'>ciba]</span> <span class='ocrx_word' id='word_1_684' title='bbox 1535 3297 1601 3342; x_wconf 75' lang='lat' dir='ltr'>Ipse</span> <span class='ocrx_word' id='word_1_685' title='bbox 1622 3292 1806 3332; x_wconf 77' lang='lat' dir='ltr'>meliores.</span> <span class='ocrx_word' id='word_1_686' title='bbox 1826 3292 1969 3330; x_wconf 71' lang='lat' dir='ltr'>Hsnu.</span> 
     </span>
    </p>
   </div>
   <div class='ocr_carea' id='block_1_15' title="bbox 1353 3340 2220 3391">
    <p class='ocr_par' dir='ltr' id='par_1_25' title="bbox 1353 3340 2220 3391">
     <span class='ocr_line' id='line_1_100' title="bbox 1353 3340 2220 3391; baseline -0.01 -9"><span class='ocrx_word' id='word_1_687' title='bbox 1353 3343 1466 3382; x_wconf 79' lang='lat' dir='ltr'>Rrrr</span> <span class='ocrx_word' id='word_1_688' title='bbox 1497 3351 1516 3391; x_wconf 84' lang='lat'><em>3</em></span> <span class='ocrx_word' id='word_1_689' title='bbox 2071 3348 2128 3386; x_wconf 85' lang='lat'>15.</span> <span class='ocrx_word' id='word_1_690' title='bbox 2157 3340 2220 3380; x_wconf 70' lang='lat' dir='ltr'>Vo-⁴</span> 
     </span>
    </p>
   </div>
  </div>
 </body>
</html>
