2495 3675
367 171 930 237 EPISTOLARUM
967 170 1075 229 EX
1114 169 1400 229 PONTO.
1440 171 1560 228 Lm.
1599 176 1658 230 II.
1699 177 1879 237 Emsr.
1915 179 2011 239 VI.

2154 198 2250 254 779

264 301 327 349 75
399 278 771 350 Succedatque
799 278 899 331 tuis
924 276 1064 330 orbis
1091 278 1403 331 moderator
1431 275 1662 329 habenis,

482 352 650 426 Quod
677 368 890 405 mecum
917 350 1100 420 populi
1125 365 1248 403 vota
1273 363 1553 420 precantur
1580 349 1745 403 idem.

111 494 215 542 sacra
235 491 451 535 commilitii,
482 491 518 529 ὃς
543 489 715 527 Carmina
737 486 885 534 confinia
905 485 1013 532 vestro
1032 487 1158 534 studio.

119 553 159 581 ut
180 544 219 581 sit
241 543 379 580 sensus:
409 543 494 589 Jure
528 543 635 590 igitur
667 540 833 577 detendis
857 538 1018 574 carmina
1042 538 1160 575 confi·

116 595 175 631 nia
192 622 201 637 ‚
232 595 268 630 ὃ(
291 593 388 642 quasi
411 601 564 640 cognata
592 591 707 628 vestro
723 618 732 634 ‚
765 587 885 632 idest,
912 589 1074 625 oratorio
1089 589 1160 626 stu-

119 645 206 681 dio:
239 646 275 681 ἓ(
296 645 388 680 sacra
419 643 629 680 commilitii
653 669 663 685 ,
702 641 774 677 hoc
797 638 869 681 est,
899 639 935 675 in
967 641 1096 686 quibus
1117 640 1158 676 ii-

117 694 204 731 dem
237 695 333 742 quasi
376 695 653 731 commilitones
681 691 813 727 sumus.
877 689 993 737 Quod
1032 698 1158 726 autem

119 757 210 783 mox
232 744 412 793 sequitur,
445 751 508 781 Pro
532 743 655 794 quibus
685 752 724 777 ut
746 753 909 784 maneas,
938 739 978 775 de
998 753 1062 788 quo
1083 753 1158 776 cen·

112 796 221 844 stris,
250 795 403 837 amicas,
434 801 631 843 Compreeor
661 792 708 829 ad
730 793 826 828 vitae
853 800 1001 838 tempora
1016 792 1160 838 summa

112 855 222 881 auae:
253 846 378 882 malim
401 846 521 895 legere
545 873 556 889 ,
596 851 661 881 Pro
681 842 803 890 quibus
827 853 867 876 ut
884 850 1052 884 maneat,
1089 852 1163 880 wc.

116 899 221 934 tertia
243 896 395 944 persona
418 924 428 940 ‚
466 905 506 934 ut
534 896 579 932 de
603 893 829 931 Germanico
863 892 1074 938 accipiatur.
1104 891 1161 928 sit-

118 959 192 995 que
213 946 349 984 sensus:
380 947 449 985 Pro
467 946 596 996 quibus
619 953 837 990 comprecor
850 969 859 984 ,
873 949 913 979 ut
931 940 991 978 ille
1005 968 1014 985 ‚
1029 941 1162 990 dequo

118 997 293 1041 censeris,
320 998 395 1034 hoc
417 998 488 1041 est,
516 997 553 1033 in
575 995 677 1043 cujus
699 993 858 1030 amicitia
881 1003 923 1030 ac
937 992 1161 1029 familiarita-

115 1055 154 1086 te
174 1057 348 1098 tanquam
364 1056 460 1084 certa
482 1047 601 1095 aliqua
626 1042 727 1082 claffe
752 1043 903 1081 censeris
926 1054 967 1080 ac
987 1054 1159 1081 numera-

117 1100 185 1137 ris:
215 1099 288 1136 five
307 1099 352 1136 de
374 1099 475 1146 cujus
499 1098 596 1135 fama
621 1107 663 1133 ac
684 1095 862 1144 dignitate
888 1121 897 1138 ,
925 1102 987 1131 tua
1007 1105 1161 1143 quoque

116 1149 270 1198 dignitas
292 1158 443 1198 augetur
464 1160 505 1185 ac
531 1147 678 1191 crescit,
706 1147 771 1183 tibi
795 1145 935 1183 amicus
956 1153 1104 1183 maneat
1116 1145 1161 1183 ad

116 1199 231 1238 finem
254 1201 350 1237 vitae
375 1211 487 1249 usque
506 1208 613 1236 tuae:
642 1196 818 1246 idemque
841 1195 1009 1234 succedat
1030 1197 1067 1234 in
1091 1197 1163 1233 im-

114 1251 219 1299 perio
238 1250 305 1288 suis
325 1250 494 1292 habenis,
521 1251 595 1288 hoc
615 1248 684 1292 est,
714 1248 777 1285 fibi
798 1247 926 1286 debitis
947 1259 989 1285 ac
1010 1246 1164 1284 destina-

115 1303 181 1347 tis,
210 1313 287 1339 non
311 1301 477 1349 Augusto
493 1327 503 1342 ,
531 1301 588 1338 cui
603 1299 681 1349 jam
705 1306 786 1336 turn
810 1296 988 1336 succeflor
1008 1297 1162 1336 destina—

116 1360 171 1390 tus
194 1360 269 1390 erat
291 1351 485 1389 Tiberius:
515 1350 574 1388 sed
595 1349 655 1387 vel
676 1349 834 1387 Tiberio
856 1348 920 1397 ipfi
935 1376 945 1393 ,
975 1348 1034 1386 vel
1055 1348 1162 1397 ipsius

114 1402 193 1441 filio
216 1402 349 1440 Druso.
401 1402 472 1438 Vel
503 1402 641 1439 rursum
665 1413 674 1437 ε
713 1404 766 1437 De
796 1413 861 1450 quo
880 1400 1039 1447 censoris,
1066 1411 1157 1447 pro,

117 1465 230 1502 quem
253 1452 369 1490 modo
389 1452 542 1500 poffides
556 1480 566 1497 ,
595 1453 659 1500 qui
684 1462 784 1488 nunc
803 1460 884 1488 tuus
903 1450 976 1494 est,
1005 1450 1043 1487 ὅ(
1057 1450 1160 1488 velut

114 1515 194 1553 pars
224 1503 402 1553 quaedam
441 1504 563 1541 census
588 1503 640 1540 tui
662 1529 674 1543 ,
713 1500 788 1539 five
819 1511 944 1538 earum
967 1512 1086 1538 rerum
1109 1501 1154 1539 de

113 1555 244 1602 quibus
267 1553 430 1591 censeris.
460 1553 519 1592 Sic
538 1555 639 1593 enim
661 1553 700 1591 δε
720 1553 814 1591 infra
839 1551 932 1590 libro
952 1560 1085 1602 quarto
1108 1551 1152 1590 ad

114 1604 266 1644 Sextum
289 1604 536 1654 Pompeium:

1268 493 1362 524 Inter
1373 497 1442 531 opes
1453 490 1531 536 (inq
1539 486 1604 530 uit}
1615 496 1723 527 &me
1733 500 1804 524 rem
1814 496 1966 536 parvam
1978 500 2059 540 parre
2078 500 2255 539 paternas,

1321 546 1407 574 Pars
1426 553 1480 586 ego
1492 542 1573 586 sum
1595 540 1706 584 census
1728 540 2042 589 quantulacunque
2065 544 2130 580 tui.

1219 588 1394 626 Micrtr.
1408 590 1456 626 Hi
1471 589 1589 626 versus
1607 598 1677 626 tres
1689 589 1732 625 ab
1745 591 1941 638 interprete
1955 594 2114 639 primum
2131 621 2139 635 ‚
2156 594 2257 632 deiri-

1218 640 1263 676 de
1286 652 1304 676 a
1328 639 1477 676 librariis
1496 640 1644 676 fuerunt
1667 641 1841 687 corrupti.
1864 641 1921 678 sed
1950 650 1988 679 ut
2013 655 2111 679 nunc
2134 644 2261 691 legun·

1218 699 1275 726 tur
1299 717 1310 733 ,
1339 692 1387 726 ita
1409 689 1494 725 recti
1522 689 1601 726 sunt
1623 689 1643 725 e
1666 690 1840 728 consensu
1862 692 1946 729 Aldi
1963 720 1972 733 ‚
2003 693 2144 733 Micvlli
2162 721 2171 736 ‚
2195 707 2259 732 co·

1216 740 1341 777 dicum
1379 749 1559 776 veterum.
1591 740 1697 776 Ordo
1717 742 1753 777 ὃ(
1785 741 1900 780 sensus
1933 743 1995 780 eft.
2051 735 2134 788 jure
2160 754 2262 790 putas

1215 790 1352 827 tuenda
1379 792 1542 827 carmina
1581 790 1698 827 studio
1732 792 1848 828 vestro
1872 820 1882 836 ,
1919 793 1955 830 id
1986 793 2034 830 est
2070 796 2261 840 oratorio,

1219 841 1404 885 confinia,
1435 843 1469 878 &
1502 841 1595 878 sacra
1627 841 1836 879 commilitii
1865 844 2000 881 tuenda
2023 853 2150 891 putas,
2179 847 2261 894 qui-

1219 892 1283 937 bus
1305 892 1406 929 sacris
1435 891 1535 941 quafi
1557 892 1834 929 commiiitones
1857 894 1969 931 dediti
1990 895 2101 931 ambo
2126 895 2260 934 sumus.

1219 942 1290 980 Pro
1313 942 1441 991 quibus
1464 942 1586 979 studiis
1617 940 1787 978 videlicet
1808 944 1843 979 δὲ
1868 944 1970 982 samis
1994 946 2130 982 mutuis
2154 957 2261 984 com-

1218 1005 1348 1041 precor
1389 1002 1427 1030 ut
1450 993 1494 1030 ad
1529 1001 1694 1029 extrema
1726 1004 1841 1041 usque
1874 996 1968 1031 vitae
1991 1004 2158 1042 tempora
2182 1009 2261 1034 ma-

1216 1053 1301 1081 neat
1323 1044 1387 1082 tibi
1408 1046 1547 1081 amicus
1563 1043 1804 1080 Germanicus
1819 1071 1828 1087 ,
1842 1044 1886 1081 de
1901 1057 1976 1093 quo
1990 1046 2139 1083 censeris
2153 1075 2163 1091 ‚
2184 1048 2262 1084 hoe

1218 1094 1267 1132 est
1283 1122 1293 1139 ‚
1312 1095 1357 1132 de
1391 1095 1492 1142 cujus
1530 1095 1659 1132 favore
1682 1094 1844 1142 pendent
1867 1096 2071 1134 aestimatio
2100 1104 2162 1135 tua
2180 1125 2190 1144 ,
2218 1099 2259 1135 &

1219 1144 1385 1194 dignitas.
1415 1146 1462 1182 ita
1483 1143 1544 1181 lib.
1566 1156 1627 1182 111.

1274 1203 1345 1232 Hoc
1367 1194 1485 1232 domui
1504 1195 1598 1231 debes
1614 1224 1625 1240 ‚
1654 1196 1694 1233 de
1711 1209 1783 1247 qua
1806 1198 1956 1245 cenftris.

1219 1247 1383 1285 Fassmc.
1413 1247 1585 1284 Carmina
1607 1247 1714 1293 nostro
1735 1249 1823 1284 Mss.
1846 1250 1882 1285 δε
1903 1250 1990 1287 editi
2008 1251 2174 1299 quidamss

1269 1308 1336 1346 75:
1359 1298 1588 1345 succedatque
1616 1298 1690 1346 suis
1721 1298 1809 1334 orbis
1842 1299 2035 1337 moderator
2073 1302 2254 1352 habenis.]

1219 1350 1302 1386 Tuis
1325 1348 1468 1386 habenis
1490 1359 1621 1397 magna
1642 1361 1686 1385 ex
1709 1358 1809 1397 parte
1832 1359 1971 1388 veteres
2012 1363 2077 1400 pro
2099 1353 2257 1390 modera-

1215 1410 1269 1437 tor
1290 1412 1384 1438 unus
1419 1397 1628 1437 Hafnienfis
1651 1427 1661 1443 ,
1700 1399 1927 1437 moderamen.
1956 1411 2095 1450 argute.
2126 1412 2165 1440 ut
2187 1405 2258 1441 im-

1214 1452 1357 1499 perium
1392 1450 1620 1488 Germanico
1651 1460 1787 1487 voveat
1813 1461 1854 1487 ac
1884 1460 2107 1499 apprecetur.
2135 1454 2260 1492 succe-

1213 1502 1274 1539 dat
1293 1502 1361 1540 tuis
1382 1501 1531 1539 habenis
1554 1512 1596 1538 ac
1615 1502 1782 1549 regimini
1805 1500 1901 1538 orbis
1920 1503 2259 1542 moderamen.Pu-

1210 1561 1308 1590 tean.
1329 1553 1367 1589 δί
1391 1563 1483 1589 unus
1506 1551 1657 1589 Thuan.
1678 1551 1919 1592 moderandus.
1942 1554 2158 1593 veterrimus
2173 1555 2255 1593 Sar-

1208 1603 1399 1648 ravianus,
1427 1602 1636 1641 moderatus.
1664 1602 1805 1641 Hnms.
2242 1595 2257 1603 ³

767 1789 1360 1857 EP1sT0LA
1449 1786 1557 1853 VI.

554 1937 1817 2024 GRAECINO.

404 2143 738 2263 CArmine
762 2142 1118 2205 Graecinum,
1155 2141 1246 2211 qui
1276 2137 1512 2211 praesens
1538 2152 1672 2190 voce
1701 2135 1926 2201 solebat,

585 2216 774 2269 Tristis
800 2215 862 2267 ab
893 2214 1114 2268 Euxinis
1136 2213 1279 2274 Naso
1301 2211 1483 2266 salutat
1509 2209 1672 2280 aquis,

398 2287 603 2342 Exsuiis
629 2287 760 2340 haec
786 2304 895 2341 vox
916 2285 1004 2340 est.
1043 2285 1262 2356 praestat
1290 2282 1419 2337 mihi
1443 2282 1591 2334 litera
1618 2281 1878 2353 linguam:

474 2360 575 2420 Et,
611 2359 650 2413 fi
676 2376 785 2413 non
813 2360 965 2412 liceat
994 2357 1254 2421 scribere,
1290 2368 1465 2410 mutus
1494 2371 1605 2407 ero.

263 2451 292 2500 5
401 2431 668 2503 CorripiS,
705 2444 764 2485 ut
792 2431 986 2492 debeS,
1025 2429 1165 2484 stulti
1194 2441 1409 2501 peccata
1434 2425 1649 2480 sodalis:

477 2502 547 2556 Et
572 2504 704 2557 mala
732 2520 819 2557 me
845 2503 1045 2557 meritis
1072 2502 1214 2560 ferre
1244 2500 1450 2555 minora
1475 2499 1654 2552 doces,

406 2576 551 2631 Vera
575 2574 729 2638 faciS‚
766 2576 854 2629 sed
883 2576 990 2628 sera
1009 2613 1023 2637 ‚
1061 2593 1210 2628 meae
1235 2573 1475 2626 convicia
1503 2572 1702 2640 cuipae,

480 2648 678 2719 Aspera
701 2646 939 2703 confeffo
963 2647 1126 2702 verba
1152 2647 1363 2702 remitte
1391 2659 1501 2697 reo,

173 2925 204 2953 ι.
232 2915 346 2961 {Quem
364 2911 552 2962 praestan]
583 2911 656 2960 Qi
676 2910 1153 2950 Sarrav.&Patav.H1=.ms.

123 2971 188 3003 Ore
205 2965 333 3014 solebat
356 2964 506 3000 Thuan.

172 3027 206 3063 3.
235 3015 375 3051 Praebet
389 3014 474 3050 mihi
487 3014 586 3050 litera
599 3011 786 3061 linguam]
816 3012 970 3061 Praestat
983 3011 1153 3050 Francos.

121 3065 225 3114 quod
242 3065 384 3102 rectius.
406 3065 482 3112 pius
501 3066 599 3101 enim
618 3063 785 3112 praestare
807 3063 855 3100 est
877 3092 887 3108 ,
925 3075 1035 3111 quam
1055 3072 1155 3111 prae-

122 3115 207 3153 bere.
229 3115 299 3151 vid.
321 3115 521 3152 Manut.ad
545 3115 730 3151 Cicemv.
749 3112 794 3150 ad
810 3113 939 3151 Famil.
961 3112 995 3153 8.
1022 3113 1155 3150 Buum.

171 3179 203 3212 5.
230 3165 385 3212 Corripis.
401 3164 415 3213 ]
456 3166 618 3203 imitatus
636 3164 764 3201 attestor
784 3164 951 3202 carminis
970 3164 1008 3201 in
1025 3162 1153 3201 Ansel-

121 3228 226 3255 mum
249 3215 344 3261 apud
364 3215 484 3253 Baluz.
504 3217 526 3253 l.
548 3228 599 3254 iv.
626 3215 727 3252 Misc.
749 3227 783 3263 p.
810 3213 893 3264 558.

177 3265 327 3313 Argui5‚
355 3275 393 3299 ut
413 3264 525 3311 debes,
555 3265 708 3303 homines
721 3275 858 3315 peccata
880 3265 1066 3303 lucrantes.

122 3316 246 3371 ‚Missa
265 3314 390 3364 sodalis
408 3325 511 3354 unus.
536 3317 671 3366 corrigis
692 3317 803 3356 etiam
822 3324 905 3357 tres.
932 3316 1063 3356 Bona.

2098 2769 2242 2824 Cum

1259 2910 1294 2946 6.
1322 2913 1367 2945 Et
1388 2906 1484 2943 mala
1505 2918 1558 2942 me
1587 2905 1719 2943 meritis
1739 2906 1828 2951 ferre
1851 2905 1986 2942 minora
2005 2905 2134 2956 dole5.]
2187 2905 2242 2944 Ita

1208 2959 1327 3008 scripti
1350 2958 1564 2996 constanter.
1586 2967 1707 3003 neque
1730 2964 1854 2993 tamen
1875 2959 2100 2994 conveniens
2120 2958 2247 2994 homi-

1209 3012 1246 3048 ni
1269 3011 1391 3047 amico
1413 3009 1460 3046 est
1499 3007 1558 3044 ista
1580 3014 1655 3042 tam
1691 3008 1863 3043 immanis
1903 3008 2066 3055 asperitas
2087 3008 2242 3051 mentis,

1208 3070 1248 3098 ut
1272 3061 1418 3104 doleat,
1438 3068 1595 3106 poenam
1615 3057 1748 3094 Nasoni
1764 3058 1828 3101 ‚ab
1842 3057 2007 3106 Augusto
2030 3059 2240 3106 irrogatam,

1209 3109 1279 3149 effe
1297 3112 1390 3148 infra
1423 3110 1498 3156 ejus
1528 3109 1713 3144 meritum.
1772 3110 1898 3155 Quare
1928 3107 2096 3146 assentior
2117 3108 2241 3144 Tana-

1208 3162 1325 3209 quino
1346 3160 1486 3202 Fabro‚
1515 3159 1707 3204 reponenti
1734 3157 1794 3195 lib.
1814 3171 1837 3193 1.
1872 3158 1938 3206 Ep.
1967 3170 2023 3202 71.
2061 3158 2150 3192 doces
2171 3165 2236 3200 pro

1208 3211 1310 3251 doles.
1337 3212 1477 3249 Hertz-s.
1525 3216 1649 3258 Meque
1667 3208 1748 3245 meis
1768 3208 1898 3246 meritis
1921 3210 2067 3246 Putean.
2087 3208 2125 3242 ὅ(
2147 3203 2237 3241 Mo-

1206 3273 1284 3302 reti.

1256 3323 1295 3363 7.
1321 3318 1405 3351 Vera
1416 3312 1507 3359 facis
1521 3337 1532 3358 ,
1550 3309 1612 3360 sed
1623 3312 1702 3361 sera
1728 3322 1820 3349 meae
1841 3307 1993 3361 convicia
2010 3303 2122 3354 culpae
2131 3310 2239 3390 gods,
