<?xml version="1.0" encoding="UTF-8"?>
<!DOCTYPE html PUBLIC "-//W3C//DTD XHTML 1.0 Transitional//EN"
    "http://www.w3.org/TR/xhtml1/DTD/xhtml1-transitional.dtd">
<html xmlns="http://www.w3.org/1999/xhtml" xml:lang="en" lang="en">
 <head>
  <title>
</title>
<meta http-equiv="Content-Type" content="text/html;charset=utf-8" />
  <meta name='ocr-system' content='tesseract 3.04.00' />
  <meta name='ocr-capabilities' content='ocr_page ocr_carea ocr_par ocr_line ocrx_word'/>
</head>
<body>
  <div class='ocr_page' id='page_1' title='image "./publiiovidiinaso03ovid_0364.png"; bbox 0 0 2495 3675; ppageno 0'>
   <div class='ocr_carea' id='block_1_1' title="bbox 258 197 360 251">
    <p class='ocr_par' dir='ltr' id='par_1_1' title="bbox 258 197 360 251">
     <span class='ocr_line' id='line_1_1' title="bbox 258 197 360 251; baseline 0.02 -2"><span class='ocrx_word' id='word_1_1' title='bbox 258 197 360 251; x_wconf 74' lang='lat'><strong>350</strong></span> 
     </span>
    </p>
   </div>
   <div class='ocr_carea' id='block_1_2' title="bbox 722 161 1880 229">
    <p class='ocr_par' dir='ltr' id='par_1_2' title="bbox 722 161 1880 229">
     <span class='ocr_line' id='line_1_2' title="bbox 722 161 1880 229; baseline -0.003 -1"><span class='ocrx_word' id='word_1_2' title='bbox 722 170 784 229; x_wconf 88' lang='lat' dir='ltr'><strong>P.</strong></span> <span class='ocrx_word' id='word_1_3' title='bbox 856 162 1270 227; x_wconf 85' lang='lat' dir='ltr'>0·V1D11</span> <span class='ocrx_word' id='word_1_4' title='bbox 1343 161 1880 224; x_wconf 84' lang='lat' dir='ltr'>NASONIS</span> 
     </span>
    </p>
   </div>
   <div class='ocr_carea' id='block_1_3' title="bbox 416 264 2009 631">
    <p class='ocr_par' dir='ltr' id='par_1_3' title="bbox 416 264 2009 631">
     <span class='ocr_line' id='line_1_3' title="bbox 416 264 1970 344; baseline -0.008 -14"><span class='ocrx_word' id='word_1_5' title='bbox 416 290 515 344; x_wconf 84' lang='lat'><strong>535</strong></span> <span class='ocrx_word' id='word_1_6' title='bbox 550 271 720 330; x_wconf 85' lang='lat' dir='ltr'><strong>Hunc</strong></span> <span class='ocrx_word' id='word_1_7' title='bbox 746 270 1019 342; x_wconf 75' lang='lat' dir='ltr'><strong>HyrieuS,</strong></span> <span class='ocrx_word' id='word_1_8' title='bbox 1060 267 1184 341; x_wconf 88' lang='lat' dir='ltr'><strong>quia</strong></span> <span class='ocrx_word' id='word_1_9' title='bbox 1210 266 1277 321; x_wconf 83' lang='lat' dir='ltr'><strong>fic</strong></span> <span class='ocrx_word' id='word_1_10' title='bbox 1302 264 1540 338; x_wconf 69' lang='lat' dir='ltr'><strong>genum,</strong></span> <span class='ocrx_word' id='word_1_11' title='bbox 1577 278 1736 321; x_wconf 86' lang='lat' dir='ltr'><strong>vocat</strong></span> <span class='ocrx_word' id='word_1_12' title='bbox 1749 266 1970 326; x_wconf 72' lang='lat' dir='ltr'><strong>Uriona.</strong></span> 
     </span>
     <span class='ocr_line' id='line_1_4' title="bbox 635 338 1780 415; baseline -0.007 -13"><span class='ocrx_word' id='word_1_13' title='bbox 635 345 880 403; x_wconf 84' lang='lat' dir='ltr'>Perdidit</span> <span class='ocrx_word' id='word_1_14' title='bbox 904 343 1181 415; x_wconf 84' lang='lat' dir='ltr'><strong>antiquum</strong></span> <span class='ocrx_word' id='word_1_15' title='bbox 1210 342 1359 394; x_wconf 89' lang='lat' dir='ltr'><strong>litera</strong></span> <span class='ocrx_word' id='word_1_16' title='bbox 1382 339 1551 411; x_wconf 86' lang='lat' dir='ltr'><strong>prima</strong></span> <span class='ocrx_word' id='word_1_17' title='bbox 1575 338 1780 394; x_wconf 89' lang='lat' dir='ltr'><strong>sonum.</strong></span> 
     </span>
     <span class='ocr_line' id='line_1_5' title="bbox 560 411 2009 475; baseline -0.003 0"><span class='ocrx_word' id='word_1_18' title='bbox 560 420 821 475; x_wconf 85' lang='lat' dir='ltr'><strong>Creverat</strong></span> <span class='ocrx_word' id='word_1_19' title='bbox 847 415 1194 472; x_wconf 86' lang='lat' dir='ltr'><strong>immensum:</strong></span> <span class='ocrx_word' id='word_1_20' title='bbox 1232 413 1494 467; x_wconf 90' lang='lat' dir='ltr'><strong>comitem</strong></span> <span class='ocrx_word' id='word_1_21' title='bbox 1519 411 1610 467; x_wconf 88' lang='lat' dir='ltr'><strong>fibi</strong></span> <span class='ocrx_word' id='word_1_22' title='bbox 1638 412 1790 468; x_wconf 90' lang='lat' dir='ltr'><strong>Delia</strong></span> <span class='ocrx_word' id='word_1_23' title='bbox 1816 412 2009 471; x_wconf 76' lang='lat' dir='ltr'><strong>sumsit.</strong></span> 
     </span>
     <span class='ocr_line' id='line_1_6' title="bbox 634 487 1643 550; baseline -0.007 -4"><span class='ocrx_word' id='word_1_24' title='bbox 634 493 723 547; x_wconf 90' lang='lat' dir='ltr'><strong>Ille</strong></span> <span class='ocrx_word' id='word_1_25' title='bbox 753 492 901 545; x_wconf 83' lang='lat' dir='ltr'><strong>Deae</strong></span> <span class='ocrx_word' id='word_1_26' title='bbox 930 487 1139 550; x_wconf 86' lang='lat' dir='ltr'><strong>custos,</strong></span> <span class='ocrx_word' id='word_1_27' title='bbox 1175 487 1261 540; x_wconf 89' lang='lat' dir='ltr'><strong>ille</strong></span> <span class='ocrx_word' id='word_1_28' title='bbox 1284 487 1483 540; x_wconf 80' lang='lat' dir='ltr'>satelles</span> <span class='ocrx_word' id='word_1_29' title='bbox 1516 500 1643 540; x_wconf 87' lang='lat' dir='ltr'><strong>erat.</strong></span> 
     </span>
     <span class='ocr_line' id='line_1_7' title="bbox 566 558 1942 631; baseline -0.003 -11"><span class='ocrx_word' id='word_1_30' title='bbox 566 565 749 621; x_wconf 85' lang='lat' dir='ltr'><strong>Verba</strong></span> <span class='ocrx_word' id='word_1_31' title='bbox 777 575 997 617; x_wconf 88' lang='lat' dir='ltr'><strong>movent</strong></span> <span class='ocrx_word' id='word_1_32' title='bbox 1021 561 1118 615; x_wconf 86' lang='lat' dir='ltr'><strong>iras</strong></span> <span class='ocrx_word' id='word_1_33' title='bbox 1140 576 1249 614; x_wconf 90' lang='lat' dir='ltr'><strong>non</strong></span> <span class='ocrx_word' id='word_1_34' title='bbox 1276 558 1655 631; x_wconf 66' lang='lat' dir='ltr'><strong>circumspecia</strong></span> <span class='ocrx_word' id='word_1_35' title='bbox 1680 559 1942 616; x_wconf 83' lang='lat' dir='ltr'><strong>Deorum.</strong></span> 
     </span>
    </p>
   </div>
   <div class='ocr_carea' id='block_1_4' title="bbox 420 657 523 709">
    <p class='ocr_par' dir='ltr' id='par_1_4' title="bbox 420 657 523 709">
     <span class='ocr_line' id='line_1_8' title="bbox 420 657 523 709; baseline 0 0"><span class='ocrx_word' id='word_1_36' title='bbox 420 657 523 709; x_wconf 79' lang='lat'><strong>540</strong></span> 
     </span>
    </p>
   </div>
   <div class='ocr_carea' id='block_1_5' title="bbox 634 632 2049 708">
    <p class='ocr_par' dir='ltr' id='par_1_5' title="bbox 634 632 2049 708">
     <span class='ocr_line' id='line_1_9' title="bbox 634 632 2049 708; baseline 0 -18"><span class='ocrx_word' id='word_1_37' title='bbox 634 637 813 708; x_wconf 85' lang='lat' dir='ltr'><strong>Quam</strong></span> <span class='ocrx_word' id='word_1_38' title='bbox 841 651 1132 707; x_wconf 85' lang='lat' dir='ltr'><strong>nequeam,</strong></span> <span class='ocrx_word' id='word_1_39' title='bbox 1175 632 1339 696; x_wconf 81' lang='lat' dir='ltr'>dixit,</span> <span class='ocrx_word' id='word_1_40' title='bbox 1376 633 1623 694; x_wconf 89' lang='lat' dir='ltr'><strong>vincere,</strong></span> <span class='ocrx_word' id='word_1_41' title='bbox 1661 635 1800 688; x_wconf 92' lang='lat' dir='ltr'><strong>nulla</strong></span> <span class='ocrx_word' id='word_1_42' title='bbox 1825 634 1935 690; x_wconf 90' lang='lat' dir='ltr'><strong>fera</strong></span> <span class='ocrx_word' id='word_1_43' title='bbox 1958 635 2049 690; x_wconf 88' lang='lat' dir='ltr'><strong>est.</strong></span> 
     </span>
    </p>
   </div>
   <div class='ocr_carea' id='block_1_6' title="bbox 425 705 1940 1288">
    <p class='ocr_par' dir='ltr' id='par_1_6' title="bbox 425 705 1940 1288">
     <span class='ocr_line' id='line_1_10' title="bbox 570 705 1802 780; baseline -0.002 -15"><span class='ocrx_word' id='word_1_44' title='bbox 570 710 832 780; x_wconf 81' lang='lat' dir='ltr'><strong>Scorpion</strong></span> <span class='ocrx_word' id='word_1_45' title='bbox 855 707 1069 762; x_wconf 73' lang='lat' dir='ltr'><strong>immitit</strong></span> <span class='ocrx_word' id='word_1_46' title='bbox 1093 705 1299 761; x_wconf 83' lang='lat' dir='ltr'><strong>Tellus.</strong></span> <span class='ocrx_word' id='word_1_47' title='bbox 1339 705 1440 759; x_wconf 83' lang='lat' dir='ltr'><strong>fuit</strong></span> <span class='ocrx_word' id='word_1_48' title='bbox 1474 706 1704 777; x_wconf 87' lang='lat' dir='ltr'><strong>impetus</strong></span> <span class='ocrx_word' id='word_1_49' title='bbox 1728 708 1802 762; x_wconf 88' lang='lat' dir='ltr'><strong>illi</strong></span> 
     </span>
     <span class='ocr_line' id='line_1_11' title="bbox 642 778 1790 851; baseline 0 -16"><span class='ocrx_word' id='word_1_50' title='bbox 642 782 822 836; x_wconf 87' lang='lat' dir='ltr'><strong>Curva</strong></span> <span class='ocrx_word' id='word_1_51' title='bbox 849 781 1218 851; x_wconf 78' lang='lat' dir='ltr'><strong>gemelliparae</strong></span> <span class='ocrx_word' id='word_1_52' title='bbox 1243 778 1438 850; x_wconf 88' lang='lat' dir='ltr'><strong>spicula</strong></span> <span class='ocrx_word' id='word_1_53' title='bbox 1461 778 1601 833; x_wconf 86' lang='lat' dir='ltr'><strong>ferre</strong></span> <span class='ocrx_word' id='word_1_54' title='bbox 1628 779 1790 836; x_wconf 90' lang='lat' dir='ltr'><strong>Deae.</strong></span> 
     </span>
     <span class='ocr_line' id='line_1_12' title="bbox 564 851 1738 911; baseline -0.003 0"><span class='ocrx_word' id='word_1_55' title='bbox 564 854 785 911; x_wconf 87' lang='lat' dir='ltr'><strong>Obstitit</strong></span> <span class='ocrx_word' id='word_1_56' title='bbox 809 853 1001 908; x_wconf 89' lang='lat' dir='ltr'><strong>Orion.</strong></span> <span class='ocrx_word' id='word_1_57' title='bbox 1040 853 1252 907; x_wconf 87' lang='lat' dir='ltr'><strong>Latona</strong></span> <span class='ocrx_word' id='word_1_58' title='bbox 1280 851 1572 906; x_wconf 84' lang='lat' dir='ltr'><strong>nitentibus</strong></span> <span class='ocrx_word' id='word_1_59' title='bbox 1595 853 1738 908; x_wconf 83' lang='lat' dir='ltr'><strong>astris</strong></span> 
     </span>
     <span class='ocr_line' id='line_1_13' title="bbox 641 925 1940 996; baseline 0.002 -14"><span class='ocrx_word' id='word_1_60' title='bbox 641 927 900 982; x_wconf 86' lang='lat' dir='ltr'><strong>Addidit:</strong></span> <span class='ocrx_word' id='word_1_61' title='bbox 944 927 1028 990; x_wconf 74' lang='grc' dir='ltr'><strong>δε,</strong></span> <span class='ocrx_word' id='word_1_62' title='bbox 1068 925 1253 980; x_wconf 86' lang='lat' dir='ltr'><strong>Meriti</strong></span> <span class='ocrx_word' id='word_1_63' title='bbox 1287 925 1547 996; x_wconf 85' lang='lat' dir='ltr'><strong>praemia,</strong></span> <span class='ocrx_word' id='word_1_64' title='bbox 1586 926 1750 990; x_wconf 81' lang='lat' dir='ltr'><strong>dixit,</strong></span> <span class='ocrx_word' id='word_1_65' title='bbox 1791 928 1940 984; x_wconf 88' lang='lat' dir='ltr'><strong>habe.</strong></span> 
     </span>
     <span class='ocr_line' id='line_1_14' title="bbox 425 998 1932 1075; baseline 0.001 -20"><span class='ocrx_word' id='word_1_66' title='bbox 425 1020 526 1075; x_wconf 82' lang='lat'><strong>545</strong></span> <span class='ocrx_word' id='word_1_67' title='bbox 661 1001 743 1055; x_wconf 73' lang='lat' dir='ltr'><strong>Ed</strong></span> <span class='ocrx_word' id='word_1_68' title='bbox 767 1000 898 1073; x_wconf 91' lang='lat' dir='ltr'><strong>quid</strong></span> <span class='ocrx_word' id='word_1_69' title='bbox 929 998 983 1053; x_wconf 71' lang='grc' dir='ltr'><strong>δε</strong></span> <span class='ocrx_word' id='word_1_70' title='bbox 1009 1000 1212 1062; x_wconf 91' lang='lat' dir='ltr'><strong>Orion,</strong></span> <span class='ocrx_word' id='word_1_71' title='bbox 1248 998 1304 1052; x_wconf 82' lang='lat'>&amp;</span> <span class='ocrx_word' id='word_1_72' title='bbox 1330 1012 1506 1052; x_wconf 90' lang='lat' dir='ltr'><strong>cetera</strong></span> <span class='ocrx_word' id='word_1_73' title='bbox 1532 998 1700 1053; x_wconf 70' lang='lat' dir='ltr'><strong>fidet-a</strong></span> <span class='ocrx_word' id='word_1_74' title='bbox 1724 1004 1932 1056; x_wconf 91' lang='lat' dir='ltr'><strong>mundo</strong></span> 
     </span>
     <span class='ocr_line' id='line_1_15' title="bbox 569 1005 1885 1142; baseline 0.002 -15"><span class='ocrx_word' id='word_1_75' title='bbox 569 1005 652 1140; x_wconf 80' lang='lat' dir='ltr'>S</span> <span class='ocrx_word' id='word_1_76' title='bbox 730 1073 944 1128; x_wconf 88' lang='lat' dir='ltr'><strong>Cedere</strong></span> <span class='ocrx_word' id='word_1_77' title='bbox 969 1072 1242 1132; x_wconf 80' lang='lat' dir='ltr'><strong>festinant,</strong></span> <span class='ocrx_word' id='word_1_78' title='bbox 1280 1089 1499 1142; x_wconf 83' lang='lat' dir='ltr'><strong>noxque</strong></span> <span class='ocrx_word' id='word_1_79' title='bbox 1525 1086 1725 1126; x_wconf 88' lang='lat' dir='ltr'><strong>coartat</strong></span> <span class='ocrx_word' id='word_1_80' title='bbox 1752 1074 1885 1129; x_wconf 88' lang='lat' dir='ltr'><strong>iter?</strong></span> 
     </span>
     <span class='ocr_line' id='line_1_16' title="bbox 566 1144 1924 1222; baseline 0 -20"><span class='ocrx_word' id='word_1_81' title='bbox 566 1147 718 1222; x_wconf 85' lang='lat' dir='ltr'><strong>Quid</strong></span> <span class='ocrx_word' id='word_1_82' title='bbox 745 1146 899 1200; x_wconf 91' lang='lat' dir='ltr'><strong>solito</strong></span> <span class='ocrx_word' id='word_1_83' title='bbox 926 1145 1080 1199; x_wconf 87' lang='lat' dir='ltr'><strong>citius</strong></span> <span class='ocrx_word' id='word_1_84' title='bbox 1114 1144 1324 1217; x_wconf 89' lang='lat' dir='ltr'><strong>liquido</strong></span> <span class='ocrx_word' id='word_1_85' title='bbox 1343 1145 1496 1215; x_wconf 89' lang='lat' dir='ltr'><strong>jubar</strong></span> <span class='ocrx_word' id='word_1_86' title='bbox 1521 1163 1755 1217; x_wconf 89' lang='lat' dir='ltr'><strong>aequore</strong></span> <span class='ocrx_word' id='word_1_87' title='bbox 1784 1148 1924 1202; x_wconf 85' lang='lat' dir='ltr'><strong>tollit</strong></span> 
     </span>
     <span class='ocr_line' id='line_1_17' title="bbox 643 1217 1822 1288; baseline -0.001 -13"><span class='ocrx_word' id='word_1_88' title='bbox 643 1218 890 1275; x_wconf 86' lang='lat' dir='ltr'><strong>Candida</strong></span> <span class='ocrx_word' id='word_1_89' title='bbox 906 1257 921 1283; x_wconf 92' lang='lat'><strong>,</strong></span> <span class='ocrx_word' id='word_1_90' title='bbox 960 1217 1220 1273; x_wconf 84' lang='lat' dir='ltr'><strong>Lucifero</strong></span> <span class='ocrx_word' id='word_1_91' title='bbox 1245 1218 1652 1288; x_wconf 84' lang='lat' dir='ltr'><strong>praeveniente,</strong></span> <span class='ocrx_word' id='word_1_92' title='bbox 1676 1218 1822 1274; x_wconf 79' lang='lat' dir='ltr'><strong>dies?</strong></span> 
     </span>
    </p>
   </div>
   <div class='ocr_carea' id='block_1_7' title="bbox 274 1428 1330 1900">
    <p class='ocr_par' dir='ltr' id='par_1_7' title="bbox 274 1428 1328 1576">
     <span class='ocr_line' id='line_1_18' title="bbox 274 1428 1328 1482; baseline -0.008 -7"><span class='ocrx_word' id='word_1_93' title='bbox 274 1437 315 1475; x_wconf 87' lang='lat'>&amp;</span> <span class='ocrx_word' id='word_1_94' title='bbox 355 1442 437 1474; x_wconf 86' lang='lat' dir='ltr'><strong>tum</strong></span> <span class='ocrx_word' id='word_1_95' title='bbox 483 1438 702 1472; x_wconf 65' lang='lat' dir='ltr'><strong>:innuerunt</strong></span> <span class='ocrx_word' id='word_1_96' title='bbox 732 1443 885 1482; x_wconf 89' lang='lat' dir='ltr'><strong>quoque</strong></span> <span class='ocrx_word' id='word_1_97' title='bbox 924 1429 1138 1481; x_wconf 86' lang='lat' dir='ltr'><strong>legendum.</strong></span> <span class='ocrx_word' id='word_1_98' title='bbox 1192 1428 1328 1469; x_wconf 83' lang='lat' dir='ltr'><strong>:Scribe</strong></span> 
     </span>
     <span class='ocr_line' id='line_1_19' title="bbox 276 1480 1327 1536; baseline -0.006 -11"><span class='ocrx_word' id='word_1_99' title='bbox 276 1487 388 1525; x_wconf 87' lang='lat' dir='ltr'><strong>etiam</strong></span> <span class='ocrx_word' id='word_1_100' title='bbox 415 1514 425 1530; x_wconf 95' lang='lat'><strong>‚</strong></span> <span class='ocrx_word' id='word_1_101' title='bbox 458 1486 640 1536; x_wconf 81' lang='lat' dir='ltr'><strong>juvencae.</strong></span> <span class='ocrx_word' id='word_1_102' title='bbox 666 1495 816 1522; x_wconf 89' lang='lat' dir='ltr'><strong>vaccam</strong></span> <span class='ocrx_word' id='word_1_103' title='bbox 850 1483 894 1521; x_wconf 89' lang='lat' dir='ltr'><strong>ab</strong></span> <span class='ocrx_word' id='word_1_104' title='bbox 921 1484 963 1521; x_wconf 86' lang='lat' dir='ltr'><strong>iis</strong></span> <span class='ocrx_word' id='word_1_105' title='bbox 993 1483 1124 1521; x_wconf 84' lang='lat' dir='ltr'><strong>initam</strong></span> <span class='ocrx_word' id='word_1_106' title='bbox 1149 1480 1327 1520; x_wconf 88' lang='lat' dir='ltr'><strong>describit.</strong></span> 
     </span>
     <span class='ocr_line' id='line_1_20' title="bbox 276 1539 425 1576; baseline -0.007 0"><span class='ocrx_word' id='word_1_107' title='bbox 276 1539 425 1576; x_wconf 64' lang='lat' dir='ltr'><strong>Hiatus.</strong></span> 
     </span>
    </p>

    <p class='ocr_par' dir='ltr' id='par_1_8' title="bbox 275 1583 1325 1798">
     <span class='ocr_line' id='line_1_21' title="bbox 326 1583 1325 1639; baseline -0.005 -14"><span class='ocrx_word' id='word_1_108' title='bbox 326 1600 411 1637; x_wconf 83' lang='lat'><strong>532·</strong></span> <span class='ocrx_word' id='word_1_109' title='bbox 441 1588 557 1626; x_wconf 82' lang='lat' dir='ltr'><strong>Pudor</strong></span> <span class='ocrx_word' id='word_1_110' title='bbox 573 1586 617 1636; x_wconf 84' lang='lat' dir='ltr'><strong>est</strong></span> <span class='ocrx_word' id='word_1_111' title='bbox 639 1586 803 1623; x_wconf 82' lang='lat' dir='ltr'><strong>ulteriora</strong></span> <span class='ocrx_word' id='word_1_112' title='bbox 823 1584 956 1634; x_wconf 71' lang='lat' dir='ltr'><strong>loqui]</strong></span> <span class='ocrx_word' id='word_1_113' title='bbox 994 1585 1148 1639; x_wconf 49' lang='lat' dir='ltr'><strong>(forium</strong></span> <span class='ocrx_word' id='word_1_114' title='bbox 1171 1583 1325 1632; x_wconf 87' lang='lat' dir='ltr'><strong>juvenci</strong></span> 
     </span>
     <span class='ocr_line' id='line_1_22' title="bbox 276 1633 1325 1686; baseline -0.006 -8"><span class='ocrx_word' id='word_1_115' title='bbox 276 1641 455 1678; x_wconf 81' lang='lat' dir='ltr'><strong>minxere.</strong></span> <span class='ocrx_word' id='word_1_116' title='bbox 484 1649 519 1677; x_wconf 88' lang='lat' dir='ltr'><strong>at</strong></span> <span class='ocrx_word' id='word_1_117' title='bbox 537 1638 779 1686; x_wconf 85' lang='lat' dir='ltr'><strong>Euphorion:</strong></span> <span class='ocrx_word' id='word_1_118' title='bbox 808 1635 973 1679; x_wconf 65' lang='grc' dir='ltr'><em>Αωέέντες</em></span> <span class='ocrx_word' id='word_1_119' title='bbox 1001 1639 1034 1676; x_wconf 77' lang='grc' dir='ltr'><strong>ἐν</strong></span> <span class='ocrx_word' id='word_1_120' title='bbox 1064 1638 1091 1675; x_wconf 85' lang='grc' dir='ltr'><strong>οἱ</strong></span> <span class='ocrx_word' id='word_1_121' title='bbox 1119 1637 1188 1675; x_wconf 64' lang='grc' dir='ltr'><strong>θεοὶ</strong></span> <span class='ocrx_word' id='word_1_122' title='bbox 1211 1633 1278 1673; x_wconf 55' lang='grc' dir='ltr'><strong>τὼ)</strong></span> <span class='ocrx_word' id='word_1_123' title='bbox 1298 1634 1325 1678; x_wconf 61' lang='grc' dir='ltr'><strong>ἕξ</strong></span> 
     </span>
     <span class='ocr_line' id='line_1_23' title="bbox 275 1690 1323 1746; baseline -0.01 -8"><span class='ocrx_word' id='word_1_124' title='bbox 275 1695 339 1745; x_wconf 69' lang='grc' dir='ltr'><strong>ἷῑρὲ</strong></span> <span class='ocrx_word' id='word_1_125' title='bbox 357 1694 513 1740; x_wconf 69' lang='grc' dir='ltr'><strong>Ύηθέντος</strong></span> <span class='ocrx_word' id='word_1_126' title='bbox 533 1694 644 1735; x_wconf 69' lang='grc' dir='ltr'><strong><em>αὐτοῖς</em></strong></span> <span class='ocrx_word' id='word_1_127' title='bbox 661 1696 734 1739; x_wconf 67' lang='grc' dir='ltr'><strong>βοὸς</strong></span> <span class='ocrx_word' id='word_1_128' title='bbox 749 1692 874 1746; x_wconf 63' lang='grc' dir='ltr'><strong>βόρα-σιν</strong></span> <span class='ocrx_word' id='word_1_129' title='bbox 886 1693 1141 1745; x_wconf 49' lang='lat' dir='ltr'><strong>vineo-vigattuti</strong></span> <span class='ocrx_word' id='word_1_130' title='bbox 1161 1694 1202 1734; x_wconf 72' lang='grc' dir='ltr'><strong>εἰς</strong></span> <span class='ocrx_word' id='word_1_131' title='bbox 1212 1690 1323 1733; x_wconf 56' lang='grc' dir='ltr'><em>αὐτῇ.</em></span> 
     </span>
     <span class='ocr_line' id='line_1_24' title="bbox 275 1747 1009 1798; baseline -0.004 -11"><span class='ocrx_word' id='word_1_132' title='bbox 275 1750 390 1792; x_wconf 91' lang='lat' dir='ltr'><strong>Hoc,</strong></span> <span class='ocrx_word' id='word_1_133' title='bbox 420 1759 510 1798; x_wconf 91' lang='lat' dir='ltr'><strong>puto</strong></span> <span class='ocrx_word' id='word_1_134' title='bbox 526 1777 537 1792; x_wconf 87' lang='lat'><strong>,</strong></span> <span class='ocrx_word' id='word_1_135' title='bbox 563 1749 623 1786; x_wconf 89' lang='lat' dir='ltr'><strong>fibi</strong></span> <span class='ocrx_word' id='word_1_136' title='bbox 642 1749 720 1785; x_wconf 90' lang='lat' dir='ltr'><strong>vult</strong></span> <span class='ocrx_word' id='word_1_137' title='bbox 744 1748 855 1785; x_wconf 70' lang='lat' dir='ltr'><strong>Naso.</strong></span> <span class='ocrx_word' id='word_1_138' title='bbox 884 1747 1009 1785; x_wconf 70' lang='grc' dir='ltr'>ΝεΑῐ).</span> 
     </span>
    </p>

    <p class='ocr_par' dir='ltr' id='par_1_9' title="bbox 275 1796 1330 1900">
     <span class='ocr_line' id='line_1_25' title="bbox 327 1796 1330 1849; baseline -0.002 -13"><span class='ocrx_word' id='word_1_139' title='bbox 327 1811 412 1848; x_wconf 78' lang='lat'><strong>535.</strong></span> <span class='ocrx_word' id='word_1_140' title='bbox 441 1807 543 1836; x_wconf 83' lang='lat' dir='ltr'><strong>Hunc</strong></span> <span class='ocrx_word' id='word_1_141' title='bbox 562 1806 717 1848; x_wconf 63' lang='lat' dir='ltr'><strong>Hyrieus,</strong></span> <span class='ocrx_word' id='word_1_142' title='bbox 745 1799 828 1848; x_wconf 80' lang='lat' dir='ltr'><strong>quia</strong></span> <span class='ocrx_word' id='word_1_143' title='bbox 857 1797 904 1847; x_wconf 81' lang='lat' dir='ltr'><strong>sic</strong></span> <span class='ocrx_word' id='word_1_144' title='bbox 918 1799 1054 1849; x_wconf 79' lang='lat' dir='ltr'><strong>genitus</strong></span> <span class='ocrx_word' id='word_1_145' title='bbox 1068 1826 1079 1843; x_wconf 92' lang='lat'><strong>,</strong></span> <span class='ocrx_word' id='word_1_146' title='bbox 1106 1808 1211 1836; x_wconf 81' lang='lat' dir='ltr'><strong>vocat</strong></span> <span class='ocrx_word' id='word_1_147' title='bbox 1232 1796 1330 1835; x_wconf 87' lang='lat' dir='ltr'><strong>Urio·</strong></span> 
     </span>
     <span class='ocr_line' id='line_1_26' title="bbox 275 1850 943 1900; baseline 0 -12"><span class='ocrx_word' id='word_1_148' title='bbox 275 1850 363 1900; x_wconf 82' lang='lat' dir='ltr'><strong>na.]</strong></span> <span class='ocrx_word' id='word_1_149' title='bbox 394 1851 551 1899; x_wconf 79' lang='lat' dir='ltr'><strong>Scaliger</strong></span> <span class='ocrx_word' id='word_1_150' title='bbox 574 1852 609 1887; x_wconf 90' lang='lat' dir='ltr'><strong>in</strong></span> <span class='ocrx_word' id='word_1_151' title='bbox 631 1850 806 1898; x_wconf 88' lang='lat' dir='ltr'><strong>superiori</strong></span> <span class='ocrx_word' id='word_1_152' title='bbox 830 1850 943 1896; x_wconf 90' lang='lat' dir='ltr'><strong>loco,</strong></span> 
     </span>
    </p>
   </div>
   <div class='ocr_carea' id='block_1_8' title="bbox 328 1910 1239 2013">
    <p class='ocr_par' dir='ltr' id='par_1_10' title="bbox 328 1910 1239 2013">
     <span class='ocr_line' id='line_1_27' title="bbox 328 1910 1146 1964; baseline -0.01 -9"><span class='ocrx_word' id='word_1_153' title='bbox 328 1923 429 1954; x_wconf 85' lang='lat' dir='ltr'><strong>Forte</strong></span> <span class='ocrx_word' id='word_1_154' title='bbox 441 1917 545 1964; x_wconf 82' lang='lat' dir='ltr'><strong>senex</strong></span> <span class='ocrx_word' id='word_1_155' title='bbox 567 1921 700 1963; x_wconf 69' lang='lat' dir='ltr'><strong>Hyreus</strong></span> <span class='ocrx_word' id='word_1_156' title='bbox 715 1941 724 1958; x_wconf 94' lang='lat'><strong>,</strong></span> <span class='ocrx_word' id='word_1_157' title='bbox 745 1913 879 1961; x_wconf 81' lang='lat' dir='ltr'><strong>angusli</strong></span> <span class='ocrx_word' id='word_1_158' title='bbox 901 1912 1011 1950; x_wconf 83' lang='lat' dir='ltr'><strong>cultor</strong></span> <span class='ocrx_word' id='word_1_159' title='bbox 1029 1910 1146 1960; x_wconf 80' lang='lat' dir='ltr'><strong>agelli,</strong></span> 
     </span>
     <span class='ocr_line' id='line_1_28' title="bbox 381 1962 1239 2013; baseline -0.006 -9"><span class='ocrx_word' id='word_1_160' title='bbox 381 1975 450 2004; x_wconf 85' lang='lat' dir='ltr'><strong>Hos</strong></span> <span class='ocrx_word' id='word_1_161' title='bbox 472 1967 571 2003; x_wconf 82' lang='lat' dir='ltr'><strong>videt</strong></span> <span class='ocrx_word' id='word_1_162' title='bbox 585 1994 595 2009; x_wconf 89' lang='lat'><strong>,</strong></span> <span class='ocrx_word' id='word_1_163' title='bbox 622 1965 784 2013; x_wconf 79' lang='lat' dir='ltr'><strong>exiguam</strong></span> <span class='ocrx_word' id='word_1_164' title='bbox 795 1963 914 2012; x_wconf 87' lang='lat' dir='ltr'><strong>stabat</strong></span> <span class='ocrx_word' id='word_1_165' title='bbox 936 1974 976 2001; x_wconf 86' lang='lat' dir='ltr'><strong>ut</strong></span> <span class='ocrx_word' id='word_1_166' title='bbox 997 1975 1080 2000; x_wconf 85' lang='lat' dir='ltr'><strong>ante</strong></span> <span class='ocrx_word' id='word_1_167' title='bbox 1099 1962 1215 2011; x_wconf 80' lang='lat' dir='ltr'><strong>casam</strong></span> <span class='ocrx_word' id='word_1_168' title='bbox 1229 1989 1239 2007; x_wconf 90' lang='lat'><strong>,</strong></span> 
     </span>
    </p>
   </div>
   <div class='ocr_carea' id='block_1_9' title="bbox 274 2023 1330 2279">
    <p class='ocr_par' dir='ltr' id='par_1_11' title="bbox 274 2023 1330 2279">
     <span class='ocr_line' id='line_1_29' title="bbox 277 2023 1328 2077; baseline -0.005 -11"><span class='ocrx_word' id='word_1_169' title='bbox 277 2033 370 2066; x_wconf 83' lang='lat' dir='ltr'><strong>Ireus</strong></span> <span class='ocrx_word' id='word_1_170' title='bbox 392 2028 546 2077; x_wconf 85' lang='lat' dir='ltr'><strong>legebat.</strong></span> <span class='ocrx_word' id='word_1_171' title='bbox 595 2025 713 2074; x_wconf 90' lang='lat' dir='ltr'><strong>Quod</strong></span> <span class='ocrx_word' id='word_1_172' title='bbox 744 2025 770 2062; x_wconf 90' lang='lat' dir='ltr'><strong>fi</strong></span> <span class='ocrx_word' id='word_1_173' title='bbox 802 2030 904 2062; x_wconf 82' lang='lat' dir='ltr'><strong>Ureus</strong></span> <span class='ocrx_word' id='word_1_174' title='bbox 928 2026 1024 2074; x_wconf 88' lang='lat' dir='ltr'><strong>legas</strong></span> <span class='ocrx_word' id='word_1_175' title='bbox 1048 2053 1058 2068; x_wconf 94' lang='lat'><strong>,</strong></span> <span class='ocrx_word' id='word_1_176' title='bbox 1095 2032 1196 2072; x_wconf 87' lang='lat' dir='ltr'><strong>patet</strong></span> <span class='ocrx_word' id='word_1_177' title='bbox 1221 2023 1328 2061; x_wconf 85' lang='lat' dir='ltr'><strong>ratio.</strong></span> 
     </span>
     <span class='ocr_line' id='line_1_30' title="bbox 274 2075 1330 2125; baseline -0.007 -8"><span class='ocrx_word' id='word_1_178' title='bbox 274 2079 349 2117; x_wconf 91' lang='lat' dir='ltr'><strong>hoc</strong></span> <span class='ocrx_word' id='word_1_179' title='bbox 362 2079 409 2116; x_wconf 89' lang='lat' dir='ltr'><strong>est</strong></span> <span class='ocrx_word' id='word_1_180' title='bbox 425 2108 434 2122; x_wconf 93' lang='lat'><strong>‚</strong></span> <span class='ocrx_word' id='word_1_181' title='bbox 464 2077 603 2121; x_wconf 70' lang='grc' dir='ltr'>Οέρεῦς.</span> <span class='ocrx_word' id='word_1_182' title='bbox 624 2075 949 2125; x_wconf 89' lang='lat' dir='ltr'><strong>quemadmodum</strong></span> <span class='ocrx_word' id='word_1_183' title='bbox 963 2075 1079 2118; x_wconf 75' lang='grc' dir='ltr'>οὐρεῦς</span> <span class='ocrx_word' id='word_1_184' title='bbox 1099 2075 1218 2112; x_wconf 89' lang='lat' dir='ltr'><strong>mulus</strong></span> <span class='ocrx_word' id='word_1_185' title='bbox 1232 2102 1243 2119; x_wconf 91' lang='lat'><strong>,</strong></span> <span class='ocrx_word' id='word_1_186' title='bbox 1257 2086 1330 2110; x_wconf 78' lang='lat' dir='ltr'><strong>mt-</strong></span> 
     </span>
     <span class='ocr_line' id='line_1_31' title="bbox 276 2126 1330 2175; baseline -0.001 -12"><span class='ocrx_word' id='word_1_187' title='bbox 276 2132 319 2175; x_wconf 74' lang='grc' dir='ltr'><strong>ρέι</strong></span> <span class='ocrx_word' id='word_1_188' title='bbox 342 2130 384 2166; x_wconf 74' lang='grc' dir='ltr'><strong>τὸ</strong></span> <span class='ocrx_word' id='word_1_189' title='bbox 405 2129 527 2170; x_wconf 66' lang='grc' dir='ltr'><em>οὗρώδη</em></span> <span class='ocrx_word' id='word_1_190' title='bbox 546 2132 647 2174; x_wconf 67' lang='grc' dir='ltr'><em>γονὴν</em></span> <span class='ocrx_word' id='word_1_191' title='bbox 668 2128 768 2173; x_wconf 79' lang='grc' dir='ltr'><em>’ἐχειν</em></span> <span class='ocrx_word' id='word_1_192' title='bbox 791 2155 801 2171; x_wconf 86' lang='grc'><strong><em>,</em></strong></span> <span class='ocrx_word' id='word_1_193' title='bbox 837 2127 965 2165; x_wconf 88' lang='lat' dir='ltr'><strong>dicunt</strong></span> <span class='ocrx_word' id='word_1_194' title='bbox 986 2126 1242 2164; x_wconf 80' lang='lat' dir='ltr'><strong>Gramlnatici.</strong></span> <span class='ocrx_word' id='word_1_195' title='bbox 1275 2126 1330 2163; x_wconf 92' lang='lat' dir='ltr'><strong>Ut</strong></span> 
     </span>
     <span class='ocr_line' id='line_1_32' title="bbox 275 2179 1330 2230; baseline -0.004 -11"><span class='ocrx_word' id='word_1_196' title='bbox 275 2182 380 2219; x_wconf 86' lang='lat' dir='ltr'><strong>litera</strong></span> <span class='ocrx_word' id='word_1_197' title='bbox 400 2182 515 2230; x_wconf 88' lang='lat' dir='ltr'><strong>prima</strong></span> <span class='ocrx_word' id='word_1_198' title='bbox 535 2180 575 2217; x_wconf 87' lang='lat' dir='ltr'><strong>fit</strong></span> <span class='ocrx_word' id='word_1_199' title='bbox 597 2180 826 2216; x_wconf 86' lang='lat' dir='ltr'><strong>Graecorum</strong></span> <span class='ocrx_word' id='word_1_200' title='bbox 846 2191 862 2213; x_wconf 89' lang='grc' dir='ltr'><em>ο</em></span> <span class='ocrx_word' id='word_1_201' title='bbox 889 2179 1068 2227; x_wconf 86' lang='lat' dir='ltr'><strong>exiguum</strong></span> <span class='ocrx_word' id='word_1_202' title='bbox 1092 2191 1101 2215; x_wconf 88' lang='lat'>:</span> <span class='ocrx_word' id='word_1_203' title='bbox 1140 2187 1262 2226; x_wconf 87' lang='lat' dir='ltr'><strong>quae,</strong></span> <span class='ocrx_word' id='word_1_204' title='bbox 1289 2184 1330 2215; x_wconf 92' lang='lat' dir='ltr'><strong>ut</strong></span> 
     </span>
     <span class='ocr_line' id='line_1_33' title="bbox 274 2228 1129 2279; baseline -0.005 -9"><span class='ocrx_word' id='word_1_205' title='bbox 274 2232 392 2271; x_wconf 81' lang='lat' dir='ltr'><strong>Poeta</strong></span> <span class='ocrx_word' id='word_1_206' title='bbox 417 2241 521 2269; x_wconf 87' lang='lat' dir='ltr'><strong>notat</strong></span> <span class='ocrx_word' id='word_1_207' title='bbox 543 2259 553 2276; x_wconf 90' lang='lat'><strong>,</strong></span> <span class='ocrx_word' id='word_1_208' title='bbox 592 2231 788 2279; x_wconf 80' lang='lat' dir='ltr'><strong>antiquum</strong></span> <span class='ocrx_word' id='word_1_209' title='bbox 808 2229 939 2268; x_wconf 87' lang='lat' dir='ltr'><strong>sonum</strong></span> <span class='ocrx_word' id='word_1_210' title='bbox 960 2228 1129 2278; x_wconf 88' lang='lat' dir='ltr'><strong>perdidit.</strong></span> 
     </span>
    </p>
   </div>
   <div class='ocr_carea' id='block_1_10' title="bbox 275 2297 1329 3289">
    <p class='ocr_par' dir='ltr' id='par_1_12' title="bbox 275 2297 1131 2390">
     <span class='ocr_line' id='line_1_34' title="bbox 325 2297 1131 2350; baseline 0.001 -13"><span class='ocrx_word' id='word_1_211' title='bbox 325 2300 486 2337; x_wconf 80' lang='lat' dir='ltr'><strong>Perdidit</strong></span> <span class='ocrx_word' id='word_1_212' title='bbox 506 2299 694 2350; x_wconf 79' lang='lat' dir='ltr'><strong>antiquum</strong></span> <span class='ocrx_word' id='word_1_213' title='bbox 716 2297 837 2336; x_wconf 79' lang='lat' dir='ltr'><strong>littera</strong></span> <span class='ocrx_word' id='word_1_214' title='bbox 855 2298 976 2349; x_wconf 83' lang='lat' dir='ltr'><strong>prima</strong></span> <span class='ocrx_word' id='word_1_215' title='bbox 989 2299 1131 2349; x_wconf 78' lang='lat' dir='ltr'><strong>fimum.</strong></span> 
     </span>
     <span class='ocr_line' id='line_1_35' title="bbox 275 2351 552 2390; baseline -0.007 0"><span class='ocrx_word' id='word_1_216' title='bbox 275 2351 384 2390; x_wconf 80' lang='lat' dir='ltr'><strong>DAN.</strong></span> <span class='ocrx_word' id='word_1_217' title='bbox 410 2353 552 2389; x_wconf 64' lang='lat' dir='ltr'><strong>biems.</strong></span> 
     </span>
    </p>

    <p class='ocr_par' dir='ltr' id='par_1_13' title="bbox 327 2411 1233 2464">
     <span class='ocr_line' id='line_1_36' title="bbox 327 2411 1233 2464; baseline 0.001 -13"><span class='ocrx_word' id='word_1_218' title='bbox 327 2427 413 2464; x_wconf 77' lang='lat'><strong>535.</strong></span> <span class='ocrx_word' id='word_1_219' title='bbox 442 2416 539 2462; x_wconf 56' lang='lat' dir='ltr'><strong>{Quia</strong></span> <span class='ocrx_word' id='word_1_220' title='bbox 551 2413 600 2463; x_wconf 82' lang='lat' dir='ltr'><strong>sic</strong></span> <span class='ocrx_word' id='word_1_221' title='bbox 616 2412 790 2463; x_wconf 77' lang='lat' dir='ltr'><strong>genitus.]</strong></span> <span class='ocrx_word' id='word_1_222' title='bbox 821 2414 884 2450; x_wconf 83' lang='grc' dir='ltr'><strong>Ἐκ</strong></span> <span class='ocrx_word' id='word_1_223' title='bbox 908 2413 973 2451; x_wconf 77' lang='grc' dir='ltr'><strong>τοῦ</strong></span> <span class='ocrx_word' id='word_1_224' title='bbox 992 2411 1079 2458; x_wconf 64' lang='grc' dir='ltr'><em>Ἆρον.</em></span> <span class='ocrx_word' id='word_1_225' title='bbox 1108 2414 1233 2453; x_wconf 76' lang='grc' dir='ltr'>ΝΕΑΡ.</span> 
     </span>
    </p>

    <p class='ocr_par' dir='ltr' id='par_1_14' title="bbox 275 2463 1324 2560">
     <span class='ocr_line' id='line_1_37' title="bbox 325 2463 1324 2515; baseline 0 -11"><span class='ocrx_word' id='word_1_226' title='bbox 325 2477 412 2515; x_wconf 76' lang='lat'><strong>535.</strong></span> <span class='ocrx_word' id='word_1_227' title='bbox 443 2472 543 2502; x_wconf 81' lang='lat' dir='ltr'><strong>Vocat</strong></span> <span class='ocrx_word' id='word_1_228' title='bbox 555 2465 713 2515; x_wconf 64' lang='lat' dir='ltr'><strong>Uriona]</strong></span> <span class='ocrx_word' id='word_1_229' title='bbox 745 2465 919 2503; x_wconf 87' lang='lat' dir='ltr'><strong>Omnino</strong></span> <span class='ocrx_word' id='word_1_230' title='bbox 940 2463 988 2503; x_wconf 89' lang='lat' dir='ltr'><strong>fic</strong></span> <span class='ocrx_word' id='word_1_231' title='bbox 1005 2465 1324 2514; x_wconf 88' lang='lat' dir='ltr'><strong>legendum,non</strong></span> 
     </span>
     <span class='ocr_line' id='line_1_38' title="bbox 275 2516 935 2560; baseline -0.002 -6"><span class='ocrx_word' id='word_1_232' title='bbox 275 2517 430 2560; x_wconf 79' lang='lat' dir='ltr'><strong>Oriona3</strong></span> <span class='ocrx_word' id='word_1_233' title='bbox 463 2525 502 2553; x_wconf 87' lang='lat' dir='ltr'><strong>ut</strong></span> <span class='ocrx_word' id='word_1_234' title='bbox 519 2517 638 2553; x_wconf 85' lang='lat' dir='ltr'><strong>adhuc</strong></span> <span class='ocrx_word' id='word_1_235' title='bbox 663 2517 782 2554; x_wconf 89' lang='lat' dir='ltr'><strong>multi.</strong></span> <span class='ocrx_word' id='word_1_236' title='bbox 810 2516 935 2553; x_wconf 73' lang='lat' dir='ltr'><strong>NEAP.</strong></span> 
     </span>
    </p>

    <p class='ocr_par' dir='ltr' id='par_1_15' title="bbox 275 2566 1329 2807">
     <span class='ocr_line' id='line_1_39' title="bbox 328 2566 1329 2617; baseline 0.002 -13"><span class='ocrx_word' id='word_1_237' title='bbox 328 2569 411 2617; x_wconf 80' lang='lat'><strong>536.</strong></span> <span class='ocrx_word' id='word_1_238' title='bbox 442 2567 572 2604; x_wconf 81' lang='lat' dir='ltr'><strong>Littera</strong></span> <span class='ocrx_word' id='word_1_239' title='bbox 585 2567 704 2616; x_wconf 86' lang='lat' dir='ltr'><strong>prima</strong></span> <span class='ocrx_word' id='word_1_240' title='bbox 716 2566 882 2616; x_wconf 67' lang='lat' dir='ltr'><strong>sonum]</strong></span> <span class='ocrx_word' id='word_1_241' title='bbox 913 2569 964 2603; x_wconf 91' lang='grc' dir='ltr'><strong>Ου</strong></span> <span class='ocrx_word' id='word_1_242' title='bbox 983 2566 1119 2606; x_wconf 88' lang='lat' dir='ltr'><strong>scilicet</strong></span> <span class='ocrx_word' id='word_1_243' title='bbox 1140 2576 1329 2607; x_wconf 89' lang='lat' dir='ltr'><strong>verterunt</strong></span> 
     </span>
     <span class='ocr_line' id='line_1_40' title="bbox 275 2617 1329 2666; baseline 0.001 -11"><span class='ocrx_word' id='word_1_244' title='bbox 275 2618 385 2655; x_wconf 83' lang='lat' dir='ltr'><strong>ino:</strong></span> <span class='ocrx_word' id='word_1_245' title='bbox 413 2617 552 2656; x_wconf 88' lang='lat' dir='ltr'><strong>diversa</strong></span> <span class='ocrx_word' id='word_1_246' title='bbox 583 2627 709 2655; x_wconf 85' lang='lat' dir='ltr'><strong>tamen</strong></span> <span class='ocrx_word' id='word_1_247' title='bbox 738 2617 844 2655; x_wconf 84' lang='lat' dir='ltr'><strong>sentit</strong></span> <span class='ocrx_word' id='word_1_248' title='bbox 873 2618 1001 2655; x_wconf 85' lang='lat' dir='ltr'><strong>Strabo</strong></span> <span class='ocrx_word' id='word_1_249' title='bbox 1024 2645 1033 2658; x_wconf 83' lang='lat'><strong>.</strong></span> <span class='ocrx_word' id='word_1_250' title='bbox 1061 2620 1125 2666; x_wconf 88' lang='lat' dir='ltr'><strong>qui</strong></span> <span class='ocrx_word' id='word_1_251' title='bbox 1155 2620 1201 2658; x_wconf 91' lang='lat' dir='ltr'><strong>de</strong></span> <span class='ocrx_word' id='word_1_252' title='bbox 1223 2620 1329 2657; x_wconf 87' lang='lat' dir='ltr'><strong>Oreo</strong></span> 
     </span>
     <span class='ocr_line' id='line_1_41' title="bbox 276 2665 1329 2712; baseline 0 -7"><span class='ocrx_word' id='word_1_253' title='bbox 276 2678 408 2706; x_wconf 85' lang='lat' dir='ltr'><strong>monte</strong></span> <span class='ocrx_word' id='word_1_254' title='bbox 428 2668 545 2707; x_wconf 86' lang='lat' dir='ltr'><strong>scribit</strong></span> <span class='ocrx_word' id='word_1_255' title='bbox 566 2669 627 2706; x_wconf 85' lang='lat' dir='ltr'><strong>lib.</strong></span> <span class='ocrx_word' id='word_1_256' title='bbox 650 2681 684 2705; x_wconf 84' lang='lat' dir='ltr'><strong>x.</strong></span> <span class='ocrx_word' id='word_1_257' title='bbox 712 2670 822 2703; x_wconf 81' lang='grc' dir='ltr'><em>Δοκεῖ</em></span> <span class='ocrx_word' id='word_1_258' title='bbox 834 2667 875 2703; x_wconf 74' lang='grc' dir='ltr'><strong>δὲ</strong></span> <span class='ocrx_word' id='word_1_259' title='bbox 896 2669 957 2704; x_wconf 72' lang='grc' dir='ltr'><strong>καὶ</strong></span> <span class='ocrx_word' id='word_1_260' title='bbox 978 2666 994 2703; x_wconf 84' lang='grc' dir='ltr'>ὁ</span> <span class='ocrx_word' id='word_1_261' title='bbox 1020 2665 1153 2712; x_wconf 72' lang='grc' dir='ltr'><strong><em>Ὠρίων</em></strong></span> <span class='ocrx_word' id='word_1_262' title='bbox 1173 2670 1329 2706; x_wconf 61' lang='grc' dir='ltr'><strong>ἐνταῦθα</strong></span> 
     </span>
     <span class='ocr_line' id='line_1_42' title="bbox 276 2717 1325 2765; baseline 0.003 -12"><span class='ocrx_word' id='word_1_263' title='bbox 276 2718 426 2764; x_wconf 73' lang='grc' dir='ltr'>τρκΦεῖς</span> <span class='ocrx_word' id='word_1_264' title='bbox 439 2748 450 2764; x_wconf 88' lang='grc'><strong><em>,</em></strong></span> <span class='ocrx_word' id='word_1_265' title='bbox 477 2719 584 2763; x_wconf 69' lang='grc' dir='ltr'>οὕτως</span> <span class='ocrx_word' id='word_1_266' title='bbox 605 2717 840 2765; x_wconf 72' lang='grc' dir='ltr'><strong>ὀνομασθῆναι.</strong></span> <span class='ocrx_word' id='word_1_267' title='bbox 859 2718 1039 2756; x_wconf 78' lang='lat' dir='ltr'><strong>NEAPOL.</strong></span> <span class='ocrx_word' id='word_1_268' title='bbox 1068 2718 1194 2756; x_wconf 86' lang='lat' dir='ltr'><strong>Prima</strong></span> <span class='ocrx_word' id='word_1_269' title='bbox 1213 2720 1325 2756; x_wconf 79' lang='lat' dir='ltr'><em>locum</em></span> 
     </span>
     <span class='ocr_line' id='line_1_43' title="bbox 275 2768 425 2807; baseline -0.007 0"><span class='ocrx_word' id='word_1_270' title='bbox 275 2768 425 2807; x_wconf 87' lang='lat' dir='ltr'><strong>Thuan.</strong></span> 
     </span>
    </p>

    <p class='ocr_par' dir='ltr' id='par_1_16' title="bbox 276 2818 1325 2922">
     <span class='ocr_line' id='line_1_44' title="bbox 326 2818 1325 2870; baseline 0.004 -14"><span class='ocrx_word' id='word_1_271' title='bbox 326 2831 410 2867; x_wconf 81' lang='lat'><strong>537.</strong></span> <span class='ocrx_word' id='word_1_272' title='bbox 438 2826 607 2858; x_wconf 85' lang='lat' dir='ltr'><strong>Creverat</strong></span> <span class='ocrx_word' id='word_1_273' title='bbox 627 2818 866 2870; x_wconf 73' lang='lat' dir='ltr'><strong>immensum]</strong></span> <span class='ocrx_word' id='word_1_274' title='bbox 892 2819 1021 2857; x_wconf 83' lang='lat' dir='ltr'><strong>Crevit</strong></span> <span class='ocrx_word' id='word_1_275' title='bbox 1032 2818 1204 2870; x_wconf 76' lang='lat' dir='ltr'><strong>immensis</strong></span> <span class='ocrx_word' id='word_1_276' title='bbox 1216 2820 1325 2860; x_wconf 86' lang='lat' dir='ltr'><strong>Bern.</strong></span> 
     </span>
     <span class='ocr_line' id='line_1_45' title="bbox 276 2870 867 2922; baseline 0 -14"><span class='ocrx_word' id='word_1_277' title='bbox 276 2870 386 2908; x_wconf 84' lang='lat' dir='ltr'><strong>crevit</strong></span> <span class='ocrx_word' id='word_1_278' title='bbox 407 2870 445 2906; x_wconf 86' lang='lat' dir='ltr'><strong>in</strong></span> <span class='ocrx_word' id='word_1_279' title='bbox 464 2872 670 2918; x_wconf 79' lang='lat' dir='ltr'><strong>immensum</strong></span> <span class='ocrx_word' id='word_1_280' title='bbox 689 2874 867 2922; x_wconf 88' lang='lat' dir='ltr'><strong>quinque.</strong></span> 
     </span>
    </p>

    <p class='ocr_par' dir='ltr' id='par_1_17' title="bbox 277 2921 1323 3018">
     <span class='ocr_line' id='line_1_46' title="bbox 326 2921 1323 2971; baseline 0.006 -15"><span class='ocrx_word' id='word_1_281' title='bbox 326 2932 412 2970; x_wconf 79' lang='lat'><strong>537.</strong></span> <span class='ocrx_word' id='word_1_282' title='bbox 439 2921 541 2957; x_wconf 77' lang='lat' dir='ltr'><strong>Delia</strong></span> <span class='ocrx_word' id='word_1_283' title='bbox 555 2922 737 2971; x_wconf 80' lang='lat' dir='ltr'><strong>sumpstt.]</strong></span> <span class='ocrx_word' id='word_1_284' title='bbox 769 2922 859 2958; x_wconf 81' lang='lat' dir='ltr'><strong>Fecit</strong></span> <span class='ocrx_word' id='word_1_285' title='bbox 878 2923 1031 2960; x_wconf 87' lang='lat' dir='ltr'><strong>Putean.</strong></span> <span class='ocrx_word' id='word_1_286' title='bbox 1054 2923 1094 2961; x_wconf 90' lang='lat'>&amp;</span> <span class='ocrx_word' id='word_1_287' title='bbox 1115 2923 1269 2962; x_wconf 81' lang='lat' dir='ltr'><strong>Sarravii</strong></span> <span class='ocrx_word' id='word_1_288' title='bbox 1283 2924 1323 2962; x_wconf 89' lang='lat'>&amp;</span> 
     </span>
     <span class='ocr_line' id='line_1_47' title="bbox 277 2971 1046 3018; baseline 0.001 -7"><span class='ocrx_word' id='word_1_289' title='bbox 277 2972 368 3011; x_wconf 55' lang='lat' dir='ltr'><strong>otto</strong></span> <span class='ocrx_word' id='word_1_290' title='bbox 389 2971 459 3009; x_wconf 91' lang='lat' dir='ltr'><strong>alii.</strong></span> <span class='ocrx_word' id='word_1_291' title='bbox 487 2971 606 3018; x_wconf 84' lang='lat' dir='ltr'><strong>postea</strong></span> <span class='ocrx_word' id='word_1_292' title='bbox 623 3000 633 3015; x_wconf 94' lang='lat'>‚</span> <span class='ocrx_word' id='word_1_293' title='bbox 656 2973 740 3009; x_wconf 81' lang='lat' dir='ltr'><strong>Inde</strong></span> <span class='ocrx_word' id='word_1_294' title='bbox 763 2978 857 3008; x_wconf 87' lang='lat' dir='ltr'><strong>Deae</strong></span> <span class='ocrx_word' id='word_1_295' title='bbox 876 2973 1046 3013; x_wconf 82' lang='lat' dir='ltr'><strong>Sarravii.</strong></span> 
     </span>
    </p>

    <p class='ocr_par' dir='ltr' id='par_1_18' title="bbox 328 3021 1104 3071">
     <span class='ocr_line' id='line_1_48' title="bbox 328 3021 1104 3071; baseline 0.006 -14"><span class='ocrx_word' id='word_1_296' title='bbox 328 3034 410 3071; x_wconf 78' lang='lat'><strong>541.</strong></span> <span class='ocrx_word' id='word_1_297' title='bbox 438 3021 591 3068; x_wconf 84' lang='lat' dir='ltr'><strong>Scorpion</strong></span> <span class='ocrx_word' id='word_1_298' title='bbox 612 3021 753 3070; x_wconf 77' lang='lat' dir='ltr'><strong>immiste</strong></span> <span class='ocrx_word' id='word_1_299' title='bbox 779 3023 917 3071; x_wconf 80' lang='lat' dir='ltr'><strong>tellus.]</strong></span> <span class='ocrx_word' id='word_1_300' title='bbox 949 3025 1104 3062; x_wconf 82' lang='lat' dir='ltr'><strong>Aratus:</strong></span> 
     </span>
    </p>

    <p class='ocr_par' dir='ltr' id='par_1_19' title="bbox 329 3082 1041 3135">
     <span class='ocr_line' id='line_1_49' title="bbox 329 3082 1041 3135; baseline 0 -15"><span class='ocrx_word' id='word_1_301' title='bbox 329 3087 372 3124; x_wconf 85' lang='lat' dir='ltr'><strong>&#39;H</strong></span> <span class='ocrx_word' id='word_1_302' title='bbox 392 3092 410 3133; x_wconf 71' lang='grc'>5</span> <span class='ocrx_word' id='word_1_303' title='bbox 429 3084 459 3129; x_wconf 75' lang='grc' dir='ltr'><strong>ἐξ</strong></span> <span class='ocrx_word' id='word_1_304' title='bbox 480 3083 581 3123; x_wconf 67' lang='grc' dir='ltr'><strong>κῦτῆς</strong></span> <span class='ocrx_word' id='word_1_305' title='bbox 599 3083 780 3120; x_wconf 64' lang='grc' dir='ltr'><strong>ἐπε-τείνατο</strong></span> <span class='ocrx_word' id='word_1_306' title='bbox 801 3082 918 3129; x_wconf 57' lang='lat' dir='ltr'><strong>&amp;messor</strong></span> <span class='ocrx_word' id='word_1_307' title='bbox 943 3082 1041 3135; x_wconf 56' lang='lat' dir='ltr'><strong>Simo,</strong></span> 
     </span>
    </p>

    <p class='ocr_par' dir='ltr' id='par_1_20' title="bbox 329 3135 1148 3192">
     <span class='ocr_line' id='line_1_50' title="bbox 329 3135 1148 3192; baseline 0.002 -16"><span class='ocrx_word' id='word_1_308' title='bbox 329 3136 427 3181; x_wconf 61' lang='lat' dir='ltr'><strong>bleso-8</strong></span> <span class='ocrx_word' id='word_1_309' title='bbox 450 3135 657 3190; x_wconf 64' lang='grc' dir='ltr'><strong>οἷνοιῤῥῆξοισοι</strong></span> <span class='ocrx_word' id='word_1_310' title='bbox 678 3137 787 3187; x_wconf 69' lang='grc' dir='ltr'><em>μέσας</em></span> <span class='ocrx_word' id='word_1_311' title='bbox 807 3136 965 3191; x_wconf 55' lang='grc' dir='ltr'><strong>ἑκάτερθε</strong></span> <span class='ocrx_word' id='word_1_312' title='bbox 984 3137 1148 3192; x_wconf 69' lang='grc' dir='ltr'><strong>κολώνας,</strong></span> 
     </span>
    </p>

    <p class='ocr_par' dir='ltr' id='par_1_21' title="bbox 276 3194 500 3289">
     <span class='ocr_line' id='line_1_51' title="bbox 330 3194 500 3247; baseline 0.006 -16"><span class='ocrx_word' id='word_1_313' title='bbox 330 3194 500 3247; x_wconf 64' lang='grc' dir='ltr'><strong><em>Σκοξπιόν.</em></strong></span> 
     </span>
     <span class='ocr_line' id='line_1_52' title="bbox 276 3251 455 3289; baseline -0.022 0"><span class='ocrx_word' id='word_1_314' title='bbox 276 3251 455 3289; x_wconf 70' lang='lat' dir='ltr'><strong>NEAPOL.</strong></span> 
     </span>
    </p>
   </div>
   <div class='ocr_carea' id='block_1_11' title="bbox 324 3313 1187 3370">
    <p class='ocr_par' dir='ltr' id='par_1_22' title="bbox 324 3313 1187 3370">
     <span class='ocr_line' id='line_1_53' title="bbox 324 3313 1187 3370; baseline 0 -14"><span class='ocrx_word' id='word_1_315' title='bbox 324 3328 410 3366; x_wconf 75' lang='lat'><strong>541.</strong></span> <span class='ocrx_word' id='word_1_316' title='bbox 437 3313 624 3366; x_wconf 58' lang='lat' dir='ltr'><strong>Immifit]</strong></span> <span class='ocrx_word' id='word_1_317' title='bbox 655 3314 778 3367; x_wconf 80' lang='lat' dir='ltr'><strong>Emifit</strong></span> <span class='ocrx_word' id='word_1_318' title='bbox 798 3316 940 3357; x_wconf 85' lang='lat' dir='ltr'><strong>Moteti</strong></span> <span class='ocrx_word' id='word_1_319' title='bbox 961 3316 1002 3357; x_wconf 74' lang='grc' dir='ltr'><strong>δε</strong></span> <span class='ocrx_word' id='word_1_320' title='bbox 1019 3315 1096 3364; x_wconf 85' lang='lat' dir='ltr'><strong>duo</strong></span> <span class='ocrx_word' id='word_1_321' title='bbox 1115 3315 1187 3370; x_wconf 65' lang='lat' dir='ltr'><strong>alii2</strong></span> 
     </span>
    </p>
   </div>
   <div class='ocr_carea' id='block_1_12' title="bbox 531 3214 688 3223">
    <p class='ocr_par' dir='ltr' id='par_1_23' title="bbox 531 3214 688 3223">
     <span class='ocr_line' id='line_1_54' title="bbox 531 3214 688 3223; baseline 0 0"><span class='ocrx_word' id='word_1_322' title='bbox 531 3214 688 3223; x_wconf 95' lang='lat' dir='ltr'><strong> </strong></span> 
     </span>
    </p>
   </div>
   <div class='ocr_carea' id='block_1_13' title="bbox 2318 1297 2432 1356">
    <p class='ocr_par' dir='ltr' id='par_1_24' title="bbox 2318 1297 2432 1356">
     <span class='ocr_line' id='line_1_55' title="bbox 2318 1297 2432 1356; baseline 0.018 -2"><span class='ocrx_word' id='word_1_323' title='bbox 2318 1297 2432 1356; x_wconf 76' lang='lat' dir='ltr'><strong>Fat-</strong></span> 
     </span>
    </p>
   </div>
   <div class='ocr_carea' id='block_1_14' title="bbox 1371 1429 2438 3422">
    <p class='ocr_par' dir='ltr' id='par_1_25' title="bbox 1373 1429 2438 1888">
     <span class='ocr_line' id='line_1_56' title="bbox 1435 1429 2433 1484; baseline 0.013 -18"><span class='ocrx_word' id='word_1_324' title='bbox 1435 1440 1519 1478; x_wconf 75' lang='lat'><strong>542.</strong></span> <span class='ocrx_word' id='word_1_325' title='bbox 1547 1434 1676 1469; x_wconf 84' lang='lat' dir='ltr'><strong>Curva</strong></span> <span class='ocrx_word' id='word_1_326' title='bbox 1694 1429 1976 1482; x_wconf 80' lang='lat' dir='ltr'><strong>gemelliparae.]</strong></span> <span class='ocrx_word' id='word_1_327' title='bbox 2031 1431 2166 1484; x_wconf 86' lang='lat' dir='ltr'><strong>Attigit</strong></span> <span class='ocrx_word' id='word_1_328' title='bbox 2181 1438 2283 1476; x_wconf 88' lang='lat' dir='ltr'><strong>hunc</strong></span> <span class='ocrx_word' id='word_1_329' title='bbox 2303 1437 2433 1479; x_wconf 89' lang='lat' dir='ltr'><strong>locum</strong></span> 
     </span>
     <span class='ocr_line' id='line_1_57' title="bbox 1381 1478 2436 1532; baseline 0.011 -14"><span class='ocrx_word' id='word_1_330' title='bbox 1381 1478 1443 1519; x_wconf 86' lang='lat' dir='ltr'><strong>lib.</strong></span> <span class='ocrx_word' id='word_1_331' title='bbox 1466 1493 1523 1520; x_wconf 84' lang='lat' dir='ltr'><strong>VI.</strong></span> <span class='ocrx_word' id='word_1_332' title='bbox 1545 1481 1706 1521; x_wconf 88' lang='lat' dir='ltr'><strong>Metam.</strong></span> <span class='ocrx_word' id='word_1_333' title='bbox 1732 1495 1816 1532; x_wconf 79' lang='lat'>3¹5·</span> <span class='ocrx_word' id='word_1_334' title='bbox 1845 1483 2016 1521; x_wconf 75' lang='lat' dir='ltr'><strong>C10FAN.</strong></span> <span class='ocrx_word' id='word_1_335' title='bbox 2052 1488 2291 1532; x_wconf 72' lang='lat' dir='ltr'><strong>Gemelliferae</strong></span> <span class='ocrx_word' id='word_1_336' title='bbox 2315 1492 2436 1531; x_wconf 90' lang='lat' dir='ltr'><strong>multi.</strong></span> 
     </span>
     <span class='ocr_line' id='line_1_58' title="bbox 1374 1533 2434 1587; baseline 0.011 -18"><span class='ocrx_word' id='word_1_337' title='bbox 1374 1533 1469 1578; x_wconf 85' lang='lat' dir='ltr'><strong>ferre</strong></span> <span class='ocrx_word' id='word_1_338' title='bbox 1499 1533 1559 1572; x_wconf 90' lang='lat' dir='ltr'><strong>hic</strong></span> <span class='ocrx_word' id='word_1_339' title='bbox 1587 1534 1871 1584; x_wconf 83' lang='lat' dir='ltr'><strong>interpretantur</strong></span> <span class='ocrx_word' id='word_1_340' title='bbox 1899 1536 2041 1574; x_wconf 87' lang='lat' dir='ltr'><strong>auferre</strong></span> <span class='ocrx_word' id='word_1_341' title='bbox 2073 1538 2217 1577; x_wconf 82' lang='lat' dir='ltr'><strong>Dianae</strong></span> <span class='ocrx_word' id='word_1_342' title='bbox 2245 1540 2303 1579; x_wconf 89' lang='lat' dir='ltr'><strong>sua</strong></span> <span class='ocrx_word' id='word_1_343' title='bbox 2340 1543 2411 1581; x_wconf 88' lang='lat' dir='ltr'><strong>tela</strong></span> <span class='ocrx_word' id='word_1_344' title='bbox 2420 1557 2434 1587; x_wconf 86' lang='lat'>;</span> 
     </span>
     <span class='ocr_line' id='line_1_59' title="bbox 1379 1582 2436 1639; baseline 0.011 -19"><span class='ocrx_word' id='word_1_345' title='bbox 1379 1582 1440 1620; x_wconf 88' lang='lat' dir='ltr'><strong>sed</strong></span> <span class='ocrx_word' id='word_1_346' title='bbox 1458 1583 1575 1623; x_wconf 85' lang='lat' dir='ltr'><strong>sensus</strong></span> <span class='ocrx_word' id='word_1_347' title='bbox 1594 1585 1665 1630; x_wconf 89' lang='lat' dir='ltr'><strong>est,</strong></span> <span class='ocrx_word' id='word_1_348' title='bbox 1692 1585 1860 1634; x_wconf 88' lang='lat' dir='ltr'><strong>scorpion</strong></span> <span class='ocrx_word' id='word_1_349' title='bbox 1893 1586 2047 1626; x_wconf 83' lang='lat' dir='ltr'><strong>voluisse</strong></span> <span class='ocrx_word' id='word_1_350' title='bbox 2069 1589 2130 1629; x_wconf 87' lang='lat' dir='ltr'><strong>sua</strong></span> <span class='ocrx_word' id='word_1_351' title='bbox 2151 1591 2282 1639; x_wconf 86' lang='lat' dir='ltr'><strong>spicula</strong></span> <span class='ocrx_word' id='word_1_352' title='bbox 2303 1604 2436 1639; x_wconf 86' lang='lat' dir='ltr'><strong>curva,</strong></span> 
     </span>
     <span class='ocr_line' id='line_1_60' title="bbox 1380 1635 2435 1686; baseline 0.01 -15"><span class='ocrx_word' id='word_1_353' title='bbox 1380 1646 1476 1684; x_wconf 88' lang='lat' dir='ltr'><strong>quae</strong></span> <span class='ocrx_word' id='word_1_354' title='bbox 1495 1635 1567 1683; x_wconf 88' lang='lat' dir='ltr'><strong>ipse</strong></span> <span class='ocrx_word' id='word_1_355' title='bbox 1587 1637 1749 1684; x_wconf 88' lang='lat' dir='ltr'><strong>gerebat,</strong></span> <span class='ocrx_word' id='word_1_356' title='bbox 1777 1639 1814 1675; x_wconf 83' lang='lat' dir='ltr'><strong>in</strong></span> <span class='ocrx_word' id='word_1_357' title='bbox 1839 1638 2025 1677; x_wconf 81' lang='lat' dir='ltr'><strong>Latonam</strong></span> <span class='ocrx_word' id='word_1_358' title='bbox 2050 1642 2278 1686; x_wconf 87' lang='lat' dir='ltr'><strong>immittere,</strong></span> <span class='ocrx_word' id='word_1_359' title='bbox 2306 1642 2367 1681; x_wconf 83' lang='lat' dir='ltr'><strong>sed</strong></span> <span class='ocrx_word' id='word_1_360' title='bbox 2378 1646 2435 1682; x_wconf 88' lang='lat'><strong>0-</strong></span> 
     </span>
     <span class='ocr_line' id='line_1_61' title="bbox 1381 1686 2438 1738; baseline 0.009 -14"><span class='ocrx_word' id='word_1_361' title='bbox 1381 1686 1485 1724; x_wconf 86' lang='lat' dir='ltr'><strong>riona</strong></span> <span class='ocrx_word' id='word_1_362' title='bbox 1508 1686 1692 1725; x_wconf 81' lang='lat' dir='ltr'><strong>obstitisse.</strong></span> <span class='ocrx_word' id='word_1_363' title='bbox 1713 1688 1944 1738; x_wconf 86' lang='lat' dir='ltr'><strong>Gemellipara</strong></span> <span class='ocrx_word' id='word_1_364' title='bbox 1965 1703 2041 1728; x_wconf 91' lang='lat' dir='ltr'><strong>non</strong></span> <span class='ocrx_word' id='word_1_365' title='bbox 2064 1701 2108 1730; x_wconf 76' lang='lat' dir='ltr'><strong>eu</strong></span> <span class='ocrx_word' id='word_1_366' title='bbox 2126 1693 2244 1730; x_wconf 77' lang='lat' dir='ltr'><strong>Diana</strong></span> <span class='ocrx_word' id='word_1_367' title='bbox 2260 1693 2342 1738; x_wconf 83' lang='lat' dir='ltr'><strong>,sed</strong></span> <span class='ocrx_word' id='word_1_368' title='bbox 2364 1696 2438 1733; x_wconf 85' lang='lat' dir='ltr'><strong>La·</strong></span> 
     </span>
     <span class='ocr_line' id='line_1_62' title="bbox 1381 1738 2437 1792; baseline 0.01 -19"><span class='ocrx_word' id='word_1_369' title='bbox 1381 1744 1471 1774; x_wconf 90' lang='lat' dir='ltr'><strong>tona</strong></span> <span class='ocrx_word' id='word_1_370' title='bbox 1485 1749 1603 1787; x_wconf 91' lang='lat' dir='ltr'><strong>,quae</strong></span> <span class='ocrx_word' id='word_1_371' title='bbox 1615 1738 1833 1788; x_wconf 82' lang='lat' dir='ltr'><strong>Apollinem</strong></span> <span class='ocrx_word' id='word_1_372' title='bbox 1855 1741 1892 1778; x_wconf 86' lang='lat'>&amp;</span> <span class='ocrx_word' id='word_1_373' title='bbox 1907 1742 2068 1781; x_wconf 75' lang='lat' dir='ltr'><strong>Dianam</strong></span> <span class='ocrx_word' id='word_1_374' title='bbox 2090 1744 2216 1782; x_wconf 86' lang='lat' dir='ltr'><strong>edidit.</strong></span> <span class='ocrx_word' id='word_1_375' title='bbox 2238 1745 2364 1792; x_wconf 84' lang='lat' dir='ltr'><strong>Sapuit</strong></span> <span class='ocrx_word' id='word_1_376' title='bbox 2375 1747 2437 1785; x_wconf 92' lang='lat' dir='ltr'><strong>hic</strong></span> 
     </span>
     <span class='ocr_line' id='line_1_63' title="bbox 1383 1787 2438 1845; baseline 0.009 -20"><span class='ocrx_word' id='word_1_377' title='bbox 1383 1787 1568 1837; x_wconf 87' lang='lat' dir='ltr'><strong>Crispinus</strong></span> <span class='ocrx_word' id='word_1_378' title='bbox 1590 1801 1676 1838; x_wconf 84' lang='lat' dir='ltr'><strong>prae</strong></span> <span class='ocrx_word' id='word_1_379' title='bbox 1699 1791 1822 1828; x_wconf 89' lang='lat' dir='ltr'><strong>Marso</strong></span> <span class='ocrx_word' id='word_1_380' title='bbox 1844 1792 1883 1829; x_wconf 93' lang='lat'>&amp;</span> <span class='ocrx_word' id='word_1_381' title='bbox 1905 1791 2057 1832; x_wconf 87' lang='lat' dir='ltr'><strong>Fanenfi</strong></span> <span class='ocrx_word' id='word_1_382' title='bbox 2076 1810 2085 1837; x_wconf 90' lang='lat'>;</span> <span class='ocrx_word' id='word_1_383' title='bbox 2101 1794 2148 1832; x_wconf 82' lang='lat' dir='ltr'><strong>{ic</strong></span> <span class='ocrx_word' id='word_1_384' title='bbox 2158 1797 2300 1842; x_wconf 84' lang='lat' dir='ltr'><strong>ferrum</strong></span> <span class='ocrx_word' id='word_1_385' title='bbox 2317 1797 2438 1845; x_wconf 77' lang='lat' dir='ltr'><em>jugulo</em></span> 
     </span>
     <span class='ocr_line' id='line_1_64' title="bbox 1373 1839 2437 1888; baseline 0.012 -13"><span class='ocrx_word' id='word_1_386' title='bbox 1373 1841 1468 1887; x_wconf 83' lang='lat' dir='ltr'><strong>ferre</strong></span> <span class='ocrx_word' id='word_1_387' title='bbox 1487 1839 1549 1877; x_wconf 87' lang='lat' dir='ltr'><strong>Sil.</strong></span> <span class='ocrx_word' id='word_1_388' title='bbox 1571 1853 1623 1878; x_wconf 88' lang='lat' dir='ltr'><strong>1x.</strong></span> <span class='ocrx_word' id='word_1_389' title='bbox 1649 1853 1731 1888; x_wconf 82' lang='lat'><strong>519.</strong></span> <span class='ocrx_word' id='word_1_390' title='bbox 1762 1841 1821 1880; x_wconf 92' lang='lat' dir='ltr'><strong>ubi</strong></span> <span class='ocrx_word' id='word_1_391' title='bbox 1844 1842 1918 1880; x_wconf 91' lang='lat' dir='ltr'><strong>vid.</strong></span> <span class='ocrx_word' id='word_1_392' title='bbox 1941 1843 2082 1883; x_wconf 59' lang='lat' dir='ltr'><strong>doetiff.</strong></span> <span class='ocrx_word' id='word_1_393' title='bbox 2097 1847 2283 1885; x_wconf 83' lang='lat' dir='ltr'><strong>Drakenb.</strong></span> <span class='ocrx_word' id='word_1_394' title='bbox 2304 1847 2437 1888; x_wconf 66' lang='lat' dir='ltr'><strong>Boum-</strong></span> 
     </span>
    </p>

    <p class='ocr_par' dir='ltr' id='par_1_26' title="bbox 1381 1892 2438 2031">
     <span class='ocr_line' id='line_1_65' title="bbox 1434 1892 2438 1942; baseline 0.011 -15"><span class='ocrx_word' id='word_1_395' title='bbox 1434 1903 1516 1939; x_wconf 77' lang='lat'><strong>544.</strong></span> <span class='ocrx_word' id='word_1_396' title='bbox 1544 1892 1708 1942; x_wconf 80' lang='lat' dir='ltr'><strong>Meriti.]</strong></span> <span class='ocrx_word' id='word_1_397' title='bbox 1748 1893 1890 1930; x_wconf 86' lang='lat' dir='ltr'><strong>Meritis</strong></span> <span class='ocrx_word' id='word_1_398' title='bbox 1920 1895 2099 1934; x_wconf 82' lang='lat' dir='ltr'><strong>Mazarin.</strong></span> <span class='ocrx_word' id='word_1_399' title='bbox 2121 1898 2253 1936; x_wconf 89' lang='lat' dir='ltr'><strong>eadem</strong></span> <span class='ocrx_word' id='word_1_400' title='bbox 2285 1899 2438 1939; x_wconf 86' lang='lat' dir='ltr'><strong>varietas</strong></span> 
     </span>
     <span class='ocr_line' id='line_1_66' title="bbox 1381 1943 2437 2031; baseline 0.01 -52"><span class='ocrx_word' id='word_1_401' title='bbox 1381 1954 1473 2031; x_wconf 52' lang='lat' dir='ltr'><strong>Em.</strong></span> <span class='ocrx_word' id='word_1_402' title='bbox 1498 1943 1593 1981; x_wconf 93' lang='lat' dir='ltr'><strong>Met.</strong></span> <span class='ocrx_word' id='word_1_403' title='bbox 1614 1955 1698 1993; x_wconf 80' lang='lat'><strong>503.</strong></span> <span class='ocrx_word' id='word_1_404' title='bbox 1732 1954 1808 1995; x_wconf 85' lang='lat' dir='ltr'><strong>cape</strong></span> <span class='ocrx_word' id='word_1_405' title='bbox 1819 1947 1978 1995; x_wconf 79' lang='lat' dir='ltr'><strong>praemia</strong></span> <span class='ocrx_word' id='word_1_406' title='bbox 1988 1949 2106 1995; x_wconf 58' lang='lat' dir='ltr'><strong>sach,</strong></span> <span class='ocrx_word' id='word_1_407' title='bbox 2135 1949 2197 1988; x_wconf 91' lang='lat' dir='ltr'><strong>ubi</strong></span> <span class='ocrx_word' id='word_1_408' title='bbox 2218 1950 2302 1996; x_wconf 84' lang='lat' dir='ltr'><strong>alii,</strong></span> <span class='ocrx_word' id='word_1_409' title='bbox 2320 1951 2437 1995; x_wconf 58' lang='lat' dir='ltr'><strong>fastis.</strong></span> 
     </span>
    </p>

    <p class='ocr_par' dir='ltr' id='par_1_27' title="bbox 1416 2007 1516 2032">
     <span class='ocr_line' id='line_1_67' title="bbox 1416 2007 1516 2032; baseline 0.01 -1"><span class='ocrx_word' id='word_1_410' title='bbox 1416 2007 1516 2032; x_wconf 71' lang='lat' dir='ltr'><strong>uam.</strong></span> 
     </span>
    </p>

    <p class='ocr_par' dir='ltr' id='par_1_28' title="bbox 1382 2046 2437 2350">
     <span class='ocr_line' id='line_1_68' title="bbox 1437 2046 2437 2100; baseline 0.007 -16"><span class='ocrx_word' id='word_1_411' title='bbox 1437 2059 1523 2094; x_wconf 81' lang='lat'><strong>545.</strong></span> <span class='ocrx_word' id='word_1_412' title='bbox 1551 2046 1615 2083; x_wconf 84' lang='lat' dir='ltr'><strong>Sed</strong></span> <span class='ocrx_word' id='word_1_413' title='bbox 1633 2046 1720 2097; x_wconf 80' lang='lat' dir='ltr'><strong>quid</strong></span> <span class='ocrx_word' id='word_1_414' title='bbox 1735 2058 1780 2088; x_wconf 64' lang='grc' dir='ltr'><strong>ω’</strong></span> <span class='ocrx_word' id='word_1_415' title='bbox 1799 2048 1944 2098; x_wconf 64' lang='lat' dir='ltr'><strong>orion]</strong></span> <span class='ocrx_word' id='word_1_416' title='bbox 1991 2050 2111 2089; x_wconf 72' lang='lat' dir='ltr'><strong>Fiffio</strong></span> <span class='ocrx_word' id='word_1_417' title='bbox 2130 2052 2279 2100; x_wconf 80' lang='lat' dir='ltr'><strong>poetica</strong></span> <span class='ocrx_word' id='word_1_418' title='bbox 2301 2052 2347 2089; x_wconf 92' lang='lat' dir='ltr'><strong>de</strong></span> <span class='ocrx_word' id='word_1_419' title='bbox 2365 2051 2437 2091; x_wconf 67' lang='lat' dir='ltr'><strong>cita</strong></span> 
     </span>
     <span class='ocr_line' id='line_1_69' title="bbox 1385 2098 2436 2146; baseline 0.007 -12"><span class='ocrx_word' id='word_1_420' title='bbox 1385 2098 1540 2135; x_wconf 90' lang='lat' dir='ltr'><strong>Orionis</strong></span> <span class='ocrx_word' id='word_1_421' title='bbox 1561 2099 1598 2135; x_wconf 85' lang='lat'>&amp;</span> <span class='ocrx_word' id='word_1_422' title='bbox 1624 2098 1782 2138; x_wconf 85' lang='lat' dir='ltr'><strong>fiderum</strong></span> <span class='ocrx_word' id='word_1_423' title='bbox 1811 2100 2074 2146; x_wconf 85' lang='lat' dir='ltr'><strong>immerfione‚</strong></span> <span class='ocrx_word' id='word_1_424' title='bbox 2102 2111 2143 2140; x_wconf 89' lang='lat' dir='ltr'><strong>ut</strong></span> <span class='ocrx_word' id='word_1_425' title='bbox 2174 2103 2249 2140; x_wconf 89' lang='lat' dir='ltr'><strong>dies</strong></span> <span class='ocrx_word' id='word_1_426' title='bbox 2275 2100 2333 2140; x_wconf 85' lang='lat' dir='ltr'><strong>illa</strong></span> <span class='ocrx_word' id='word_1_427' title='bbox 2352 2102 2436 2141; x_wconf 90' lang='lat' dir='ltr'><strong>illu-</strong></span> 
     </span>
     <span class='ocr_line' id='line_1_70' title="bbox 1385 2148 2434 2198; baseline 0.006 -12"><span class='ocrx_word' id='word_1_428' title='bbox 1385 2148 1521 2193; x_wconf 88' lang='lat' dir='ltr'><strong>cescat,</strong></span> <span class='ocrx_word' id='word_1_429' title='bbox 1549 2148 1620 2198; x_wconf 67' lang='lat' dir='ltr'><strong>qua</strong></span> <span class='ocrx_word' id='word_1_430' title='bbox 1642 2150 1773 2188; x_wconf 89' lang='lat' dir='ltr'><strong>Caesar</strong></span> <span class='ocrx_word' id='word_1_431' title='bbox 1792 2151 2023 2189; x_wconf 67' lang='lat' dir='ltr'><strong>oetavianus</strong></span> <span class='ocrx_word' id='word_1_432' title='bbox 2038 2154 2077 2190; x_wconf 89' lang='lat' dir='ltr'><strong>in</strong></span> <span class='ocrx_word' id='word_1_433' title='bbox 2098 2153 2182 2189; x_wconf 88' lang='lat' dir='ltr'><strong>foro</strong></span> <span class='ocrx_word' id='word_1_434' title='bbox 2204 2150 2225 2190; x_wconf 74' lang='lat' dir='ltr'><strong>a</strong></span> <span class='ocrx_word' id='word_1_435' title='bbox 2244 2151 2279 2189; x_wconf 91' lang='lat' dir='ltr'><strong>se</strong></span> <span class='ocrx_word' id='word_1_436' title='bbox 2299 2153 2434 2191; x_wconf 63' lang='lat' dir='ltr'><strong>strud&#39;to</strong></span> 
     </span>
     <span class='ocr_line' id='line_1_71' title="bbox 1384 2199 2434 2247; baseline 0.007 -11"><span class='ocrx_word' id='word_1_437' title='bbox 1384 2199 1567 2247; x_wconf 90' lang='lat' dir='ltr'><strong>templum</strong></span> <span class='ocrx_word' id='word_1_438' title='bbox 1600 2200 1732 2238; x_wconf 86' lang='lat' dir='ltr'><strong>Martis</strong></span> <span class='ocrx_word' id='word_1_439' title='bbox 1762 2201 1902 2238; x_wconf 87' lang='lat' dir='ltr'><strong>Ultoris</strong></span> <span class='ocrx_word' id='word_1_440' title='bbox 1931 2203 2166 2240; x_wconf 88' lang='lat' dir='ltr'><strong>consecravit.</strong></span> <span class='ocrx_word' id='word_1_441' title='bbox 2221 2203 2332 2241; x_wconf 89' lang='lat' dir='ltr'><strong>Hanc</strong></span> <span class='ocrx_word' id='word_1_442' title='bbox 2362 2203 2434 2243; x_wconf 85' lang='lat' dir='ltr'><strong>effe</strong></span> 
     </span>
     <span class='ocr_line' id='line_1_72' title="bbox 1382 2249 2436 2303; baseline 0.006 -15"><span class='ocrx_word' id='word_1_443' title='bbox 1382 2249 1562 2298; x_wconf 87' lang='lat' dir='ltr'><strong>suspicor,</strong></span> <span class='ocrx_word' id='word_1_444' title='bbox 1591 2262 1685 2299; x_wconf 87' lang='lat' dir='ltr'><strong>quae</strong></span> <span class='ocrx_word' id='word_1_445' title='bbox 1713 2260 1859 2289; x_wconf 89' lang='lat' dir='ltr'><strong>notatur</strong></span> <span class='ocrx_word' id='word_1_446' title='bbox 1887 2252 1925 2289; x_wconf 88' lang='lat' dir='ltr'><strong>in</strong></span> <span class='ocrx_word' id='word_1_447' title='bbox 1944 2254 2060 2290; x_wconf 89' lang='lat' dir='ltr'><strong>veteri</strong></span> <span class='ocrx_word' id='word_1_448' title='bbox 2080 2253 2300 2292; x_wconf 87' lang='lat' dir='ltr'><strong>Kalendario</strong></span> <span class='ocrx_word' id='word_1_449' title='bbox 2322 2267 2378 2293; x_wconf 90' lang='lat' dir='ltr'><strong>1v.</strong></span> <span class='ocrx_word' id='word_1_450' title='bbox 2399 2254 2436 2303; x_wconf 78' lang='lat'><strong>1‘.</strong></span> 
     </span>
     <span class='ocr_line' id='line_1_73' title="bbox 1384 2300 2330 2350; baseline 0.004 -10"><span class='ocrx_word' id='word_1_451' title='bbox 1384 2300 1451 2340; x_wconf 87' lang='lat' dir='ltr'><strong>dus</strong></span> <span class='ocrx_word' id='word_1_452' title='bbox 1473 2301 1613 2350; x_wconf 85' lang='lat' dir='ltr'><strong>Majas:</strong></span> <span class='ocrx_word' id='word_1_453' title='bbox 1645 2314 1707 2339; x_wconf 74' lang='lat' dir='ltr'><strong>NP.</strong></span> <span class='ocrx_word' id='word_1_454' title='bbox 1727 2314 1822 2339; x_wconf 74' lang='lat' dir='ltr'><strong>Lvnx</strong></span> <span class='ocrx_word' id='word_1_455' title='bbox 1846 2316 1979 2341; x_wconf 61' lang='lat' dir='ltr'><strong>Mauri</strong></span> <span class='ocrx_word' id='word_1_456' title='bbox 2001 2317 2043 2342; x_wconf 79' lang='lat' dir='ltr'><strong>m</strong></span> <span class='ocrx_word' id='word_1_457' title='bbox 2064 2315 2176 2343; x_wconf 74' lang='lat' dir='ltr'><strong>cmc.</strong></span> <span class='ocrx_word' id='word_1_458' title='bbox 2207 2307 2330 2344; x_wconf 74' lang='grc' dir='ltr'>ΝεΑΡ.</span> 
     </span>
    </p>

    <p class='ocr_par' dir='ltr' id='par_1_29' title="bbox 1382 2351 2433 2452">
     <span class='ocr_line' id='line_1_74' title="bbox 1437 2351 2433 2403; baseline 0.007 -14"><span class='ocrx_word' id='word_1_459' title='bbox 1437 2365 1519 2401; x_wconf 81' lang='grc' dir='ltr'>ς4ς.</span> <span class='ocrx_word' id='word_1_460' title='bbox 1549 2351 1722 2403; x_wconf 87' lang='lat' dir='ltr'><strong>Mundo.]</strong></span> <span class='ocrx_word' id='word_1_461' title='bbox 1762 2353 1860 2392; x_wconf 86' lang='lat' dir='ltr'><strong>Coelo</strong></span> <span class='ocrx_word' id='word_1_462' title='bbox 1881 2354 2020 2394; x_wconf 87' lang='lat' dir='ltr'><strong>Sarrav.</strong></span> <span class='ocrx_word' id='word_1_463' title='bbox 2041 2356 2080 2393; x_wconf 73' lang='grc' dir='ltr'><strong>δε</strong></span> <span class='ocrx_word' id='word_1_464' title='bbox 2106 2357 2268 2395; x_wconf 71' lang='lat' dir='ltr'><strong>tresalii.</strong></span> <span class='ocrx_word' id='word_1_465' title='bbox 2292 2356 2367 2395; x_wconf 86' lang='lat' dir='ltr'><strong>vid.</strong></span> <span class='ocrx_word' id='word_1_466' title='bbox 2386 2356 2433 2397; x_wconf 84' lang='lat' dir='ltr'><strong>ad</strong></span> 
     </span>
     <span class='ocr_line' id='line_1_75' title="bbox 1382 2406 1655 2452; baseline 0.004 -11"><span class='ocrx_word' id='word_1_467' title='bbox 1382 2416 1431 2442; x_wconf 87' lang='lat'><strong>11.</strong></span> <span class='ocrx_word' id='word_1_468' title='bbox 1453 2406 1548 2442; x_wconf 91' lang='lat' dir='ltr'><strong>Met.</strong></span> <span class='ocrx_word' id='word_1_469' title='bbox 1574 2415 1655 2452; x_wconf 80' lang='lat'>¹57-</span> 
     </span>
    </p>

    <p class='ocr_par' dir='ltr' id='par_1_30' title="bbox 1371 2455 2434 2808">
     <span class='ocr_line' id='line_1_76' title="bbox 1434 2455 2427 2508; baseline 0.009 -18"><span class='ocrx_word' id='word_1_470' title='bbox 1434 2466 1517 2502; x_wconf 79' lang='lat'><strong>547.</strong></span> <span class='ocrx_word' id='word_1_471' title='bbox 1546 2455 1692 2504; x_wconf 86' lang='lat' dir='ltr'><strong>Liquido</strong></span> <span class='ocrx_word' id='word_1_472' title='bbox 1706 2455 1814 2503; x_wconf 83' lang='lat' dir='ltr'><strong>jubar</strong></span> <span class='ocrx_word' id='word_1_473' title='bbox 1830 2470 1972 2506; x_wconf 82' lang='lat' dir='ltr'><strong>aequore</strong></span> <span class='ocrx_word' id='word_1_474' title='bbox 1991 2457 2124 2507; x_wconf 80' lang='lat' dir='ltr'><strong>tollit.]</strong></span> <span class='ocrx_word' id='word_1_475' title='bbox 2155 2459 2266 2497; x_wconf 72' lang='lat' dir='ltr'><strong>Vitrea</strong></span> <span class='ocrx_word' id='word_1_476' title='bbox 2286 2472 2353 2508; x_wconf 88' lang='lat' dir='ltr'><strong>pro</strong></span> <span class='ocrx_word' id='word_1_477' title='bbox 2369 2459 2427 2499; x_wconf 80' lang='lat' dir='ltr'><strong>di-</strong></span> 
     </span>
     <span class='ocr_line' id='line_1_77' title="bbox 1380 2505 2434 2560; baseline 0.003 -16"><span class='ocrx_word' id='word_1_478' title='bbox 1380 2506 1480 2544; x_wconf 90' lang='lat' dir='ltr'><strong>versa</strong></span> <span class='ocrx_word' id='word_1_479' title='bbox 1499 2505 1662 2543; x_wconf 68' lang='lat' dir='ltr'><strong>ieetione</strong></span> <span class='ocrx_word' id='word_1_480' title='bbox 1680 2506 1768 2544; x_wconf 90' lang='lat' dir='ltr'><strong>alter</strong></span> <span class='ocrx_word' id='word_1_481' title='bbox 1790 2508 2073 2547; x_wconf 86' lang='lat' dir='ltr'><strong>Mazarinianus.</strong></span> <span class='ocrx_word' id='word_1_482' title='bbox 2101 2517 2141 2547; x_wconf 91' lang='lat' dir='ltr'><strong>ut</strong></span> <span class='ocrx_word' id='word_1_483' title='bbox 2160 2511 2295 2547; x_wconf 86' lang='lat' dir='ltr'><strong>vitreus</strong></span> <span class='ocrx_word' id='word_1_484' title='bbox 2307 2520 2434 2560; x_wconf 81' lang='lat' dir='ltr'><strong>pontus</strong></span> 
     </span>
     <span class='ocr_line' id='line_1_78' title="bbox 1379 2557 2432 2610; baseline 0.003 -16"><span class='ocrx_word' id='word_1_485' title='bbox 1379 2557 1555 2595; x_wconf 78' lang='lat' dir='ltr'><strong>Horatio.</strong></span> <span class='ocrx_word' id='word_1_486' title='bbox 1576 2557 1683 2595; x_wconf 89' lang='lat' dir='ltr'><strong>multi</strong></span> <span class='ocrx_word' id='word_1_487' title='bbox 1713 2557 1770 2595; x_wconf 90' lang='lat' dir='ltr'><strong>alii</strong></span> <span class='ocrx_word' id='word_1_488' title='bbox 1794 2586 1803 2602; x_wconf 95' lang='lat'><strong>,</strong></span> <span class='ocrx_word' id='word_1_489' title='bbox 1851 2559 1973 2597; x_wconf 83' lang='lat' dir='ltr'><strong>nitido.</strong></span> <span class='ocrx_word' id='word_1_490' title='bbox 1999 2571 2089 2598; x_wconf 85' lang='lat' dir='ltr'><strong>mox</strong></span> <span class='ocrx_word' id='word_1_491' title='bbox 2119 2572 2187 2610; x_wconf 89' lang='lat' dir='ltr'><strong>pro</strong></span> <span class='ocrx_word' id='word_1_492' title='bbox 2209 2574 2312 2597; x_wconf 89' lang='lat' dir='ltr'><strong>arma</strong></span> <span class='ocrx_word' id='word_1_493' title='bbox 2326 2562 2432 2608; x_wconf 80' lang='lat' dir='ltr'><strong>fima-</strong></span> 
     </span>
     <span class='ocr_line' id='line_1_79' title="bbox 1380 2608 2432 2658; baseline 0.003 -14"><span class='ocrx_word' id='word_1_494' title='bbox 1380 2608 1468 2645; x_wconf 86' lang='lat' dir='ltr'><strong>bant</strong></span> <span class='ocrx_word' id='word_1_495' title='bbox 1490 2608 1616 2645; x_wconf 87' lang='lat' dir='ltr'><strong>malim</strong></span> <span class='ocrx_word' id='word_1_496' title='bbox 1632 2636 1642 2652; x_wconf 90' lang='lat'><strong>,</strong></span> <span class='ocrx_word' id='word_1_497' title='bbox 1669 2608 1850 2653; x_wconf 80' lang='lat' dir='ltr'><strong>fimarunt.</strong></span> <span class='ocrx_word' id='word_1_498' title='bbox 1869 2619 1909 2648; x_wconf 89' lang='lat' dir='ltr'><strong>ut</strong></span> <span class='ocrx_word' id='word_1_499' title='bbox 1928 2611 1964 2648; x_wconf 89' lang='lat' dir='ltr'><strong>iu</strong></span> <span class='ocrx_word' id='word_1_500' title='bbox 1980 2611 2102 2655; x_wconf 87' lang='lat' dir='ltr'><strong>Ibide,</strong></span> <span class='ocrx_word' id='word_1_501' title='bbox 2128 2612 2209 2650; x_wconf 85' lang='lat'><strong>126.</strong></span> <span class='ocrx_word' id='word_1_502' title='bbox 2242 2616 2359 2647; x_wconf 84' lang='lat' dir='ltr'><strong>Laeva</strong></span> <span class='ocrx_word' id='word_1_503' title='bbox 2377 2612 2432 2658; x_wconf 80' lang='grc' dir='ltr'><strong>[ὸ-</strong></span> 
     </span>
     <span class='ocr_line' id='line_1_80' title="bbox 1381 2659 2427 2710; baseline 0.007 -16"><span class='ocrx_word' id='word_1_504' title='bbox 1381 2659 1488 2695; x_wconf 85' lang='lat' dir='ltr'><strong>navit</strong></span> <span class='ocrx_word' id='word_1_505' title='bbox 1498 2659 1602 2701; x_wconf 79' lang='lat' dir='ltr'><strong>avis,</strong></span> <span class='ocrx_word' id='word_1_506' title='bbox 1627 2670 1703 2696; x_wconf 89' lang='lat' dir='ltr'><strong>non</strong></span> <span class='ocrx_word' id='word_1_507' title='bbox 1727 2661 1886 2703; x_wconf 81' lang='lat' dir='ltr'><strong>volavit.</strong></span> <span class='ocrx_word' id='word_1_508' title='bbox 1917 2673 1962 2699; x_wconf 87' lang='lat' dir='ltr'><strong>ex</strong></span> <span class='ocrx_word' id='word_1_509' title='bbox 1975 2663 2131 2710; x_wconf 86' lang='lat' dir='ltr'><strong>antiquis</strong></span> <span class='ocrx_word' id='word_1_510' title='bbox 2151 2661 2257 2698; x_wconf 87' lang='lat' dir='ltr'><strong>libris.</strong></span> <span class='ocrx_word' id='word_1_511' title='bbox 2280 2662 2427 2701; x_wconf 57' lang='lat' dir='ltr'><strong>Hiems.</strong></span> 
     </span>
     <span class='ocr_line' id='line_1_81' title="bbox 1381 2708 2431 2760; baseline 0.007 -15"><span class='ocrx_word' id='word_1_512' title='bbox 1381 2709 1471 2746; x_wconf 87' lang='lat' dir='ltr'><strong>Vid.</strong></span> <span class='ocrx_word' id='word_1_513' title='bbox 1491 2709 1547 2746; x_wconf 87' lang='lat' dir='ltr'><strong>Cl.</strong></span> <span class='ocrx_word' id='word_1_514' title='bbox 1569 2708 1687 2748; x_wconf 83' lang='lat' dir='ltr'><strong>ssentl.</strong></span> <span class='ocrx_word' id='word_1_515' title='bbox 1713 2711 1758 2748; x_wconf 84' lang='lat' dir='ltr'><strong>ad</strong></span> <span class='ocrx_word' id='word_1_516' title='bbox 1779 2712 1911 2749; x_wconf 86' lang='lat' dir='ltr'><strong>Horat.</strong></span> <span class='ocrx_word' id='word_1_517' title='bbox 1935 2725 1960 2749; x_wconf 83' lang='lat'><strong>1.</strong></span> <span class='ocrx_word' id='word_1_518' title='bbox 1991 2713 2105 2760; x_wconf 86' lang='lat' dir='ltr'><strong>Satyr.</strong></span> <span class='ocrx_word' id='word_1_519' title='bbox 2132 2723 2224 2749; x_wconf 88' lang='lat' dir='ltr'><strong>V111.</strong></span> <span class='ocrx_word' id='word_1_520' title='bbox 2243 2724 2303 2758; x_wconf 82' lang='lat'><strong>41.</strong></span> <span class='ocrx_word' id='word_1_521' title='bbox 2325 2713 2431 2752; x_wconf 82' lang='lat' dir='ltr'><strong>Luci-</strong></span> 
     </span>
     <span class='ocr_line' id='line_1_82' title="bbox 1371 2760 1974 2808; baseline 0.008 -13"><span class='ocrx_word' id='word_1_522' title='bbox 1371 2761 1449 2806; x_wconf 70' lang='lat' dir='ltr'><strong>fero</strong></span> <span class='ocrx_word' id='word_1_523' title='bbox 1465 2760 1690 2808; x_wconf 84' lang='lat' dir='ltr'><strong>proveniente</strong></span> <span class='ocrx_word' id='word_1_524' title='bbox 1710 2762 1848 2800; x_wconf 87' lang='lat' dir='ltr'><strong>Moreti</strong></span> <span class='ocrx_word' id='word_1_525' title='bbox 1872 2763 1974 2800; x_wconf 85' lang='lat' dir='ltr'><strong>alter.</strong></span> 
     </span>
    </p>

    <p class='ocr_par' dir='ltr' id='par_1_31' title="bbox 1381 2811 2430 2900">
     <span class='ocr_line' id='line_1_83' title="bbox 1435 2811 2430 2865; baseline 0.008 -18"><span class='ocrx_word' id='word_1_526' title='bbox 1435 2823 1520 2858; x_wconf 82' lang='lat'><strong>550.</strong></span> <span class='ocrx_word' id='word_1_527' title='bbox 1546 2811 1692 2859; x_wconf 84' lang='lat' dir='ltr'><strong>Dedit.]</strong></span> <span class='ocrx_word' id='word_1_528' title='bbox 1724 2813 1846 2849; x_wconf 78' lang='lat' dir='ltr'><strong>Dabat</strong></span> <span class='ocrx_word' id='word_1_529' title='bbox 1868 2813 2016 2850; x_wconf 85' lang='lat' dir='ltr'><strong>Putean.</strong></span> <span class='ocrx_word' id='word_1_530' title='bbox 2036 2823 2154 2849; x_wconf 82' lang='lat' dir='ltr'><strong>movet</strong></span> <span class='ocrx_word' id='word_1_531' title='bbox 2166 2814 2332 2862; x_wconf 89' lang='lat' dir='ltr'><strong>ejusdem</strong></span> <span class='ocrx_word' id='word_1_532' title='bbox 2355 2816 2430 2865; x_wconf 80' lang='lat' dir='ltr'><strong>pri-j</strong></span> 
     </span>
     <span class='ocr_line' id='line_1_84' title="bbox 1381 2862 1886 2900; baseline -0.004 0"><span class='ocrx_word' id='word_1_533' title='bbox 1381 2874 1476 2900; x_wconf 87' lang='lat' dir='ltr'><strong>mus.</strong></span> <span class='ocrx_word' id='word_1_534' title='bbox 1497 2874 1588 2899; x_wconf 86' lang='lat' dir='ltr'><strong>mox</strong></span> <span class='ocrx_word' id='word_1_535' title='bbox 1617 2862 1729 2899; x_wconf 67' lang='lat' dir='ltr'><strong>Victor</strong></span> <span class='ocrx_word' id='word_1_536' title='bbox 1748 2863 1886 2900; x_wconf 80' lang='lat' dir='ltr'><strong>SarraV.</strong></span> 
     </span>
    </p>

    <p class='ocr_par' dir='ltr' id='par_1_32' title="bbox 1376 2912 2427 3374">
     <span class='ocr_line' id='line_1_85' title="bbox 1433 2912 2427 2964; baseline 0.007 -15"><span class='ocrx_word' id='word_1_537' title='bbox 1433 2925 1515 2961; x_wconf 82' lang='lat'><strong>552.</strong></span> <span class='ocrx_word' id='word_1_538' title='bbox 1545 2919 1587 2949; x_wconf 89' lang='lat' dir='ltr'><strong>In</strong></span> <span class='ocrx_word' id='word_1_539' title='bbox 1607 2914 1761 2960; x_wconf 83' lang='lat' dir='ltr'><em>Augusto</em></span> <span class='ocrx_word' id='word_1_540' title='bbox 1781 2912 2009 2961; x_wconf 84' lang='lat' dir='ltr'><strong>conspicienda</strong></span> <span class='ocrx_word' id='word_1_541' title='bbox 2021 2914 2138 2964; x_wconf 59' lang='lat' dir='ltr'><strong>form]</strong></span> <span class='ocrx_word' id='word_1_542' title='bbox 2155 2915 2313 2964; x_wconf 82' lang='lat' dir='ltr'><strong>Ipsernet</strong></span> <span class='ocrx_word' id='word_1_543' title='bbox 2326 2917 2427 2956; x_wconf 85' lang='lat' dir='ltr'><strong>Prin-</strong></span> 
     </span>
     <span class='ocr_line' id='line_1_86' title="bbox 1378 2963 2425 3014; baseline 0.005 -13"><span class='ocrx_word' id='word_1_544' title='bbox 1378 2976 1461 3011; x_wconf 83' lang='lat' dir='ltr'><strong>ceps</strong></span> <span class='ocrx_word' id='word_1_545' title='bbox 1495 2964 1532 3000; x_wconf 88' lang='lat' dir='ltr'><strong>in</strong></span> <span class='ocrx_word' id='word_1_546' title='bbox 1574 2963 1639 3000; x_wconf 90' lang='lat' dir='ltr'><strong>suo</strong></span> <span class='ocrx_word' id='word_1_547' title='bbox 1673 2973 1925 2999; x_wconf 85' lang='lat' dir='ltr'><strong>monumento</strong></span> <span class='ocrx_word' id='word_1_548' title='bbox 1961 2966 2165 3014; x_wconf 84' lang='lat' dir='ltr'><strong>Ancyrano</strong></span> <span class='ocrx_word' id='word_1_549' title='bbox 2188 2980 2197 3004; x_wconf 89' lang='lat'>:</span> <span class='ocrx_word' id='word_1_550' title='bbox 2250 2980 2425 3006; x_wconf 70' lang='lat' dir='ltr'><strong>vtroms</strong></span> 
     </span>
     <span class='ocr_line' id='line_1_87' title="bbox 1381 3025 2425 3060; baseline 0.007 -10"><span class='ocrx_word' id='word_1_551' title='bbox 1381 3026 1570 3053; x_wconf 65' lang='grc' dir='ltr'>τεΜΡινΜ</span> <span class='ocrx_word' id='word_1_552' title='bbox 1593 3041 1603 3056; x_wconf 94' lang='grc'><strong><em>,</em></strong></span> <span class='ocrx_word' id='word_1_553' title='bbox 1642 3025 1777 3051; x_wconf 78' lang='lat' dir='ltr'>FORVM</span> <span class='ocrx_word' id='word_1_554' title='bbox 1808 3026 2021 3053; x_wconf 70' lang='lat' dir='ltr'><strong>Avovsrvm</strong></span> <span class='ocrx_word' id='word_1_555' title='bbox 2044 3044 2054 3060; x_wconf 96' lang='lat'><strong>,</strong></span> <span class='ocrx_word' id='word_1_556' title='bbox 2081 3029 2131 3053; x_wconf 81' lang='lat' dir='ltr'><strong>ET</strong></span> <span class='ocrx_word' id='word_1_557' title='bbox 2163 3030 2353 3057; x_wconf 74' lang='lat' dir='ltr'>TEMPLVM</span> <span class='ocrx_word' id='word_1_558' title='bbox 2383 3032 2425 3057; x_wconf 80' lang='lat' dir='ltr'><strong>A·</strong></span> 
     </span>
     <span class='ocr_line' id='line_1_88' title="bbox 1378 3070 2424 3115; baseline 0.006 -12"><span class='ocrx_word' id='word_1_559' title='bbox 1378 3076 1562 3103; x_wconf 81' lang='lat' dir='ltr'>POLLlNIS</span> <span class='ocrx_word' id='word_1_560' title='bbox 1600 3076 1643 3100; x_wconf 73' lang='lat' dir='ltr'><strong>m</strong></span> <span class='ocrx_word' id='word_1_561' title='bbox 1684 3076 1780 3101; x_wconf 73' lang='lat' dir='ltr'><strong>soto</strong></span> <span class='ocrx_word' id='word_1_562' title='bbox 1819 3077 1992 3103; x_wconf 74' lang='lat' dir='ltr'>MAGNAM</span> <span class='ocrx_word' id='word_1_563' title='bbox 2021 3080 2186 3106; x_wconf 69' lang='lat' dir='ltr'>PARTEM</span> <span class='ocrx_word' id='word_1_564' title='bbox 2210 3083 2333 3108; x_wconf 86' lang='lat'>::::::</span> <span class='ocrx_word' id='word_1_565' title='bbox 2363 3070 2424 3115; x_wconf 87' lang='lat' dir='ltr'><strong>(in</strong></span> 
     </span>
     <span class='ocr_line' id='line_1_89' title="bbox 1376 3114 2425 3166; baseline 0.006 -12"><span class='ocrx_word' id='word_1_566' title='bbox 1376 3117 1452 3154; x_wconf 91' lang='lat' dir='ltr'><strong>hoc</strong></span> <span class='ocrx_word' id='word_1_567' title='bbox 1470 3114 1667 3152; x_wconf 78' lang='lat' dir='ltr'><strong>semiexeso</strong></span> <span class='ocrx_word' id='word_1_568' title='bbox 1689 3116 1775 3153; x_wconf 88' lang='lat' dir='ltr'><strong>loco</strong></span> <span class='ocrx_word' id='word_1_569' title='bbox 1800 3115 2027 3154; x_wconf 73' lang='lat' dir='ltr'><strong>stribendum</strong></span> <span class='ocrx_word' id='word_1_570' title='bbox 2045 3127 2147 3166; x_wconf 85' lang='lat' dir='ltr'><strong>putat</strong></span> <span class='ocrx_word' id='word_1_571' title='bbox 2167 3132 2363 3159; x_wconf 89' lang='lat' dir='ltr'><strong>maxumus</strong></span> <span class='ocrx_word' id='word_1_572' title='bbox 2381 3120 2425 3159; x_wconf 88' lang='lat' dir='ltr'><strong>il-</strong></span> 
     </span>
     <span class='ocr_line' id='line_1_90' title="bbox 1377 3165 2424 3220; baseline 0.004 -14"><span class='ocrx_word' id='word_1_573' title='bbox 1377 3168 1412 3206; x_wconf 93' lang='lat' dir='ltr'><strong>le</strong></span> <span class='ocrx_word' id='word_1_574' title='bbox 1432 3165 1619 3204; x_wconf 82' lang='lat' dir='ltr'><strong>Musarum</strong></span> <span class='ocrx_word' id='word_1_575' title='bbox 1643 3166 1805 3204; x_wconf 76' lang='lat' dir='ltr'><strong>sacerdos</strong></span> <span class='ocrx_word' id='word_1_576' title='bbox 1822 3167 1982 3214; x_wconf 79' lang='lat' dir='ltr'><strong>Lipfius,</strong></span> <span class='ocrx_word' id='word_1_577' title='bbox 2012 3182 2033 3205; x_wconf 79' lang='lat' dir='ltr'>A</span> <span class='ocrx_word' id='word_1_578' title='bbox 2064 3182 2116 3206; x_wconf 82' lang='lat' dir='ltr'><strong>ME</strong></span> <span class='ocrx_word' id='word_1_579' title='bbox 2149 3171 2424 3220; x_wconf 74' lang='lat' dir='ltr'><strong>EMPTO)1=Ec1.</strong></span> 
     </span>
     <span class='ocr_line' id='line_1_91' title="bbox 1376 3217 2424 3272; baseline 0.004 -16"><span class='ocrx_word' id='word_1_580' title='bbox 1376 3217 1573 3256; x_wconf 88' lang='lat' dir='ltr'><strong>Suetonius</strong></span> <span class='ocrx_word' id='word_1_581' title='bbox 1601 3217 1639 3253; x_wconf 85' lang='lat' dir='ltr'><strong>in</strong></span> <span class='ocrx_word' id='word_1_582' title='bbox 1669 3217 1826 3254; x_wconf 84' lang='lat' dir='ltr'><strong>eodem:</strong></span> <span class='ocrx_word' id='word_1_583' title='bbox 1856 3218 1915 3254; x_wconf 85' lang='lat' dir='ltr'><strong>ubi</strong></span> <span class='ocrx_word' id='word_1_584' title='bbox 1945 3219 1983 3255; x_wconf 72' lang='grc' dir='ltr'><strong>δε</strong></span> <span class='ocrx_word' id='word_1_585' title='bbox 2012 3230 2142 3258; x_wconf 85' lang='lat' dir='ltr'><strong>votum</strong></span> <span class='ocrx_word' id='word_1_586' title='bbox 2160 3250 2170 3266; x_wconf 92' lang='lat'>‚</span> <span class='ocrx_word' id='word_1_587' title='bbox 2200 3224 2239 3260; x_wconf 87' lang='lat'>&amp;</span> <span class='ocrx_word' id='word_1_588' title='bbox 2266 3234 2361 3272; x_wconf 83' lang='lat' dir='ltr'><strong>quae</strong></span> <span class='ocrx_word' id='word_1_589' title='bbox 2383 3223 2424 3261; x_wconf 85' lang='lat' dir='ltr'><strong>in</strong></span> 
     </span>
     <span class='ocr_line' id='line_1_92' title="bbox 1378 3265 2421 3323; baseline 0.005 -17"><span class='ocrx_word' id='word_1_590' title='bbox 1378 3265 1518 3311; x_wconf 77' lang='lat' dir='ltr'><strong>caussa,</strong></span> <span class='ocrx_word' id='word_1_591' title='bbox 1556 3267 1594 3304; x_wconf 71' lang='grc' dir='ltr'><strong>δε</strong></span> <span class='ocrx_word' id='word_1_592' title='bbox 1618 3279 1756 3305; x_wconf 87' lang='lat' dir='ltr'><strong>annum</strong></span> <span class='ocrx_word' id='word_1_593' title='bbox 1789 3269 1900 3305; x_wconf 87' lang='lat' dir='ltr'><strong>etiam</strong></span> <span class='ocrx_word' id='word_1_594' title='bbox 1931 3269 2050 3308; x_wconf 79' lang='lat' dir='ltr'><strong>habes.</strong></span> <span class='ocrx_word' id='word_1_595' title='bbox 2087 3272 2232 3311; x_wconf 83' lang='lat' dir='ltr'><strong>Publica</strong></span> <span class='ocrx_word' id='word_1_596' title='bbox 2255 3300 2266 3317; x_wconf 92' lang='lat'><strong>,</strong></span> <span class='ocrx_word' id='word_1_597' title='bbox 2301 3273 2421 3323; x_wconf 84' lang='lat' dir='ltr'><strong>inquit</strong></span> 
     </span>
     <span class='ocr_line' id='line_1_93' title="bbox 1379 3317 2420 3374; baseline 0.003 -17"><span class='ocrx_word' id='word_1_598' title='bbox 1379 3331 1457 3369; x_wconf 70' lang='lat' dir='ltr'><strong>cap.</strong></span> <span class='ocrx_word' id='word_1_599' title='bbox 1477 3329 1581 3357; x_wconf 76' lang='lat' dir='ltr'><strong>xxlx.</strong></span> <span class='ocrx_word' id='word_1_600' title='bbox 1613 3326 1709 3367; x_wconf 81' lang='lat' dir='ltr'><strong>opera</strong></span> <span class='ocrx_word' id='word_1_601' title='bbox 1733 3317 1888 3369; x_wconf 80' lang='lat' dir='ltr'><strong>plurima</strong></span> <span class='ocrx_word' id='word_1_602' title='bbox 1915 3320 2087 3370; x_wconf 81' lang='lat' dir='ltr'><strong>exstruxit</strong></span> <span class='ocrx_word' id='word_1_603' title='bbox 2106 3350 2118 3370; x_wconf 91' lang='lat'><strong>,</strong></span> <span class='ocrx_word' id='word_1_604' title='bbox 2154 3337 2196 3362; x_wconf 80' lang='lat' dir='ltr'><strong>ex</strong></span> <span class='ocrx_word' id='word_1_605' title='bbox 2223 3323 2346 3374; x_wconf 82' lang='lat' dir='ltr'><strong>quibus</strong></span> <span class='ocrx_word' id='word_1_606' title='bbox 2361 3320 2420 3358; x_wconf 80' lang='lat' dir='ltr'><strong>vel</strong></span> 
     </span>
    </p>

    <p class='ocr_par' dir='ltr' id='par_1_33' title="bbox 2319 3382 2421 3422">
     <span class='ocr_line' id='line_1_94' title="bbox 2319 3382 2421 3422; baseline 0.01 -13"><span class='ocrx_word' id='word_1_607' title='bbox 2319 3382 2421 3422; x_wconf 64' lang='lat' dir='ltr'><strong>prul:</strong></span> 
     </span>
    </p>
   </div>
  </div>
 </body>
</html>
