2495 3675
239 192 343 230 200

782 174 843 229 P.
919 169 1336 229 OVIDII
1408 169 1942 228 NASONIS

532 287 726 343 Tertia
752 288 1026 343 nudandas
1051 300 1329 360 acceperat
1355 304 1474 342 area
1499 284 1715 348 meffes3

613 361 779 434 Inque
807 381 967 417 cavos
1004 362 1174 415 i'e'rant
1202 361 1359 415 tertia
1386 359 1550 415 musta
1571 359 1743 423 lacus3

538 434 764 489 ¹Pellitur
796 438 946 488 Anna
974 435 1168 488 domo:
1209 434 1594 505 lacrimansque
1618 430 1818 485 sororia
1840 430 2032 505 linqui-t

388 511 502 577 560

614 507 852 562 Moenia.
894 523 1178 576 germanae
1196 505 1326 577 justa
1351 506 1442 559 dat
1471 518 1594 559 ante
1619 504 1756 558 suae.

543 580 720 635 Mixta
747 579 933 632 bibunt
963 580 1150 633 molles
1174 579 1399 632 lacrimis
1411 590 1684 649 unguenta
1709 577 1945 641 favillae3

622 652 839 707 ‘'v'crtice
867 650 1448 723 libatasaccipiuntque
1477 667 1675 705 comas,

540 723 797 795 Terque,
835 723 998 789 Vale,
1037 724 1199 778 dixit:
1242 723 1449 776 cineres
1474 736 1556 777 ter
1585 723 1649 776 ad
1676 740 1768 777 ora
1795 723 1986 779 relatos

614 795 808 851 Preffit
826 842 837 859 ,
881 795 936 850 δε
957 797 1032 851 est
1055 797 1150 851 illis
1179 795 1281 849 visa
1310 793 1505 850 subesse
1531 795 1695 849 soror.

390 875 494 939 56)-
534 868 700 923 Natta
725 882 894 923 ratem
915 870 1286 941 ‚comitemque
1319 868 1476 940 fugae
1499 867 1637 939 pede
1665 867 1856 924 labitur
1880 885 2083 942 aequo⁹

629 942 848 996 Moenia
872 942 1154 1013 respiciens
1184 979 1198 1003 ,
1240 941 1398 994 dulce
1425 941 1616 995 sororis
1639 957 1789 1012 opus.

554 1016 764 1071 Fertilis
791 1014 866 1068 est
892 1014 1084 1068 Melite
1111 1013 1266 1068 sterili
1295 1013 1464 1068 vicina
1489 1013 1723 1084 Cosyrae

612 1087 808 1150 Insula,
847 1104 1009 1160 quam
1034 1086 1230 1158 Libyci
1255 1087 1498 1142 verberat
1525 1084 1667 1142 unda
1696 1085 1837 1141 freti.

244 1352 331 1389 Eum
354 1350 529 1400 historias,
560 1351 732 1389 Didonem
750 1350 870 1398 petila
900 1360 943 1392 ω’
969 1363 1046 1389 cum
1069 1349 1133 1388 illa
1163 1350 1297 1399 recusa-

246 1413 318 1446 ret,
348 1403 560 1452 Carthagini
589 1402 714 1440 intulit
743 1401 902 1440 bellum:
939 1405 1034 1451 cujus
1064 1402 1187 1439 timore
1217 1414 1296 1438 cum

244 1463 415 1501 cogeretur
434 1482 444 1499 ‚
473 1455 498 1491 οὶ
521 1453 656 1490 civibus
672 1454 794 1502 petiit,
825 1464 864 1489 ut
885 1463 970 1490 ante
993 1453 1149 1502 placaret
1176 1465 1297 1489 manes

244 1504 392 1547 mariei;
422 1517 466 1545 <9¹
482 1503 669 1552 aedtficatd
689 1502 807 1553 pyra,
825 1504 863 1553 se
893 1504 932 1542 in
948 1517 1027 1542 eam
1039 1502 1299 1554 praecipitavit.

246 1555 426 1594 ΝεΑΡοι.

298 1631 380 1666 ιςς.
408 1618 610 1668 Diffugiunt
634 1616 767 1667 Tyria]
809 1618 924 1656 Elisae
953 1619 990 1656 in
1019 1617 1103 1668 fug-51
1131 1620 1300 1657 comites.

245 1667 392 1707 Solinus
417 1683 425 1707 :
462 1670 660 1706 Adrumeto
691 1678 797 1718 atque
824 1669 1036 1719 Carthagini
1060 1671 1181 1707 auctor
1210 1669 1254 1718 est
1274 1669 1300 1707 ὰ

245 1724 341 1768 :syro
354 1720 508 1769 populus.
537 1722 716 1758 Neapor..

300 1796 383 1833 ςςς.
408 1791 455 1822 Ut
477 1785 562 1823 olim
592 1784 708 1835 amiffi
741 1785 867 1824 dubiae
887 1801 958 1837 rege
980 1798 1161 1838 vagantur
1180 1788 1297 1839 apes.]

245 1832 415 1893 Verbum
431 1863 442 1880 ,
469 1837 552 1874 olim
567 1866 576 1880 ‚
603 1837 666 1874 hic
687 1836 860 1885 significat
884 1866 895 1882 ,
932 1846 971 1878 ut
991 1840 1192 1889 plurimum
1206 1867 1218 1887 ‚
1246 1841 1301 1878 fe-

245 1895 310 1928 re,
337 1888 445 1925 ποτὲ,
473 1887 533 1925 Sic
552 1889 687 1925 Horat.
710 1890 783 1928 Sat.
810 1888 995 1928 v1.lib.>1.

300 1954 373 1986 Nec
391 1950 514 1988 timuit
526 1979 537 1996 ,
557 1949 625 2000 fibi
646 1964 688 1987 ne
705 1950 794 1987 vitio
809 1950 889 2000 *quis
906 1962 1078 1998 verteret„
1105 1953 1189 1991 olim

299 1999 335 2036 Si
346 2008 467 2049 praeco
489 2011 623 2051 parvas
637 2030 648 2047 ‚
676 2011 740 2038 aut
753 2028 766 2047 ‚
791 2011 831 2039 ut
848 2002 922 2046 fuit
939 2002 1027 2053 ipse,
1054 2007 1185 2043 coablor

301 2052 475 2089 Mercedes
487 2053 661 2104 sequerer.

247 2104 310 2162 Sic
335 2106 467 2147 dicitur
495 2110 534 2147 δε
564 2111 755 2159 quondam.
790 2111 889 2151 Vide
916 2123 1012 2163 quae
1042 2112 1104 2153 lib.
1127 2127 1173 2153 11.
1212 2113 1300 2154 Tri-

249 2155 358 2195 stium
384 2162 574 2198 annotavi.
603 2162 772 2203 CxofAN.

304 2237 389 2273 557.
417 2227 535 2265 Tertia
554 2230 706 2267 nudatas
726 2240 899 2280 acceperat
918 2245 999 2270 area
1012 2233 1159 2284 melfien]
1192 2240 1304 2272 Man-

250 2274 358 2313 datas
381 2278 487 2334 prim.
509 2280 689 2318 Ambros.
709 2283 812 2331 quod
841 2283 970 2331 placet.
997 2292 1038 2322 ut
1058 2279 1126 2333 Ep.
1148 2297 1183 2322 v.
1203 2286 1303 2333 Qid

248 2339 373 2363 arenae
391 2329 523 2370 semma
544 2332 706 2369 mandas.
720 2335 757 2370 &
779 2333 876 2381 apud
889 2334 1087 2372 Maronem
1104 2363 1116 2379 ,
1140 2337 1304 2373 Manda-

251 2389 293 2421 re,
304 2378 431 2434 hordea
444 2380 566 2427 sulcis.
607 2383 806 2430 quomodo
838 2384 876 2421 &
908 2385 1173 2422 committere&
1194 2387 1304 2423 crede-

252 2439 290 2464 re
310 2427 481 2467 dicebant
493 2458 502 2474 ,
514 2431 579 2468 nisi
594 2433 694 2481 quod
718 2446 794 2471 non
816 2435 936 2472 minus
948 2436 1100 2478 arridet,
1116 2436 1307 2475 nudandas

254 2478 365 2526 meffes
385 2491 469 2517 cum
496 2482 597 2519 Maz.
619 2484 656 2519 ὅ(
676 2484 820 2521 Zulich.
841 2494 880 2522 ut
903 2485 1034 2522 nudari
1046 2488 1156 2536 meffes
1182 2487 1306 2526 dican-

250 2535 332 2573 tur,
360 2531 557 2579 quomodo
579 2532 718 2572 Medic.
739 2534 861 2573 Faciei
876 2535 938 2584 69.

304 2617 367 2627 —
392 2620 453 2629 —
482 2613 540 2636 nec
561 2610 600 2636 tu
625 2601 749 2638 dubita
771 2602 904 2639 nudare
924 2602 1067 2652 lupinos.

254 2659 328 2697 hoc
349 2662 395 2699 est
409 2690 418 2705 ,
447 2672 487 2701 ut
518 2664 653 2702 ibidem
674 2665 839 2714 loquitur
863 2693 874 2710 ‚
915 2666 955 2702 de
972 2667 1072 2714 palea
1089 2669 1155 2712 sua
1174 2682 1305 2706 exuere.

255 2709 426 2798 {intizitsmen
446 2714 505 2752 ille
525 2715 629 2753 locus
658 2715 707 2753 est
739 2716 892 2765 integer.
926 2716 1070 2754 Austor
1095 2719 1237 2757 Moreti
1259 2719 1305 2757 de

360 2790 370 2805 ἱ

308 2823 450 2872 Singula
471 2836 547 2864 tum
571 2830 726 2878 capitum
747 2830 864 2879 nodofh
882 2830 1145 2870 cortice-nudat.

254 2893 502 2942 permundabit
524 2909 643 2932 aream
662 2899 772 2935 vertit
801 2906 906 2935 vetus
934 2899 1108 2947 interpres
1128 2899 1187 2937 illa
1207 2898 1307 2936 Mat-

258 2943 354 2980 thaei
385 2955 460 2991 cap.
482 2957 543 2982 111.
572 2946 625 2988 ys.
650 2960 703 2984 12.
739 2949 958 2992 διακαθαριεῖ
973 2952 1039 2991 τῆν
1058 2949 1190 2987 ἅλωνα.
1220 2949 1308 2987 ,Au-

260 2992 341 3030 ostor
364 2994 500 3031 Moreti
520 3023 530 3038 ,

313 3054 460 3104 Subfidft
477 3054 608 3103 fincera
627 3057 926 3108 foraminibusque
946 3059 1104 3108 liquatur

364 3107 571 3142 Emundata
593 3115 703 3144 Ceres.

260 3161 426 3209 sedulius
446 3173 609 3210 carmine
633 3172 809 3210 Pascliali:

702 3245 771 3252 ——
810 3244 871 3251 -
895 3223 1002 3266 fonte
1020 3222 1162 3269 superno

312 3271 518 3319 Laetificata
528 3273 616 3322 seges
634 3273 737 3319 spinis
759 3274 955 3310 mundatur
972 3274 1132 3312 ademtis.

262 3324 408 3362 hiems.
438 3324 489 3362 lia
515 3328 610 3362 nuda
642 3324 768 3362 hordea
800 3324 941 3363 Medic.
965 3324 1084 3363 Faciei
1104 3325 1161 3374 56.
1189 3326 1251 3364 ubi
1273 3327 1311 3366 Sc

2231 1212 2402 1271 Hanc:
2447 1249 2456 1259 κ

1351 1348 1428 1389 vid.
1454 1347 1508 1394 jes.
1530 1348 1590 1398 69.
1607 1349 1653 1387 ⁵&
1683 1360 1742 1396 70.
1771 1349 1810 1388 &
1827 1350 1888 1388 'ita
1907 1351 2087 1397 γυμνῶσαι
2115 1351 2178 1390 νέαι
2201 1352 2318 1400 τέρΦῆ
2335 1366 2403 1392 κοι-

1353 1402 1464 1443 ςάνου
1483 1399 1574 1439 dixit
1593 1400 1754 1438 Nicand.
1773 1400 1884 1439 Alex.
1901 1403 1986 1440 268.
2024 1402 2121 1451 apud
2139 1404 2404 1444 Ekkehardum

1352 1452 1547 1499 Juniorem
1569 1452 1606 1489 in
1619 1451 1737 1489 lib.de
1751 1450 2093 1491 CafibMonasterii
2116 1454 2151 1492 S.
2172 1455 2267 1493 Gall.
2284 1468 2362 1505 cap.
2373 1469 2404 1496 1.
2458 1452 2462 1456 ”

1354 1513 1436 1552 pag.
1460 1503 1513 1540 16.
1534 1510 1628 1539 torn.
1652 1515 1678 1539 1.
1701 1511 1790 1551 part.
1809 1515 1837 1539 1.
1876 1503 1963 1541 Rer.
1991 1504 2164 1542 Aleman.
2184 1504 2204 1543 a
2226 1507 2404 1546 Goldasto

1354 1553 1441 1591 edit.
1464 1558 1552 1589 Cras
1567 1552 1668 1596 fabas
1688 1554 1802 1590 nudas
1821 1564 1865 1593 (θ’
1881 1563 2007 1602 panem
2020 1554 2166 1604 fortaffe
2190 1555 2405 1597 habebimus.

1356 1615 1443 1654 quas
1465 1604 1657 1641 Goldastus
1685 1604 1721 1641 in
1754 1613 2028 1642 commentario
2054 1617 2138 1654 pag.
2161 1618 2243 1653 109.
2270 1619 2316 1645 ex
2336 1609 2405 1647 Pe·
2474 1618 2479 1624 ·

1354 1665 1451 1744 tBron.
1476 1654 1647 1701 folliculis
1662 1654 1832 1705 spoliatas
1858 1655 2046 1705 explicat,
2096 1658 2136 1694 &
2151 1657 2262 1704 fabas
2282 1659 2408 1708 fresas.

1391 1719 1494 1744 unm.

1417 1768 1504 1818 558.
1535 1775 1641 1819 Inque
1668 1782 1770 1807 cavos
1797 1769 1953 1820 i'e'rant.]
1996 1776 2103 1820 Inque
2131 1782 2217 1807 cavo
2238 1771 2408 1819 steterant

1354 1820 1461 1858 tertia
1484 1819 1595 1864 musta
1612 1820 1692 1856 lacu
1712 1821 1853 1866 Servii,
1880 1821 2058 1858 Mazarin.
2077 1822 2256 1859 Ambr.&
2270 1822 2412 1862 Fames.

1354 1871 1460 1921 inque
1481 1883 1566 1907 cavo
1576 1870 1745 1920 suberant
1763 1871 1842 1909 lacu
1863 1871 1953 1911 duo.
1971 1873 2113 1908 inerant
2133 1884 2239 1911 unus.

1410 1937 1495 1984 560.
1520 1934 1629 1981 Justa
1652 1935 1756 1986 dan]
1811 1940 1907 1973 Exta
1934 1936 2078 1974 Arond.
2104 1935 2200 1984 busta
2218 1945 2301 1975 tres.
2322 1947 2409 1977 vota

1356 1994 1527 2036 quatuor.
1539 1987 1623 2035 jura
1642 1986 1732 2025 duo.
1751 1986 1814 2024 dat
1832 1991 1946 2024 Anna
1959 1989 2045 2036 suae
2064 1987 2152 2025 duo.

1413 2048 1494 2097 565.
1523 2047 1778 2097 Accipiuntque
1809 2047 1961 2095 comas.]
2019 2048 2233 2086 Petronius:
2262 2053 2410 2087 Lacera-

1356 2099 1416 2136 vit
1437 2099 1675 2136 vehementius
1688 2101 1803 2148 pec'lus
1817 2128 1827 2144 ,
1856 2107 2037 2148 ruptosque
2056 2099 2163 2136 crines
2172 2100 2276 2148 super
2290 2103 2407 2148 peo‘Zus

1350 2151 1504 2200 jacentes
1524 2149 1696 2198 imposuit.
1732 2149 1818 2187 inde
1848 2150 1995 2198 querela
2024 2149 2083 2188 illa
2105 2150 2267 2187 Canaces
2286 2150 2331 2188 de
2351 2152 2408 2189 in-

1357 2201 1459 2239 fante
1481 2199 1649 2248 exposito
1671 2200 1709 2237 &
1733 2207 1906 2237 mortuo:

1408 2289 1490 2320 Non
1512 2280 1603 2319 mihi
1623 2290 1657 2318 te
1678 2279 1778 2316 licuit
1789 2278 1952 2327 lacrymis
1966 2280 2169 2328 perfimdere
2177 2280 2302 2330 justis.,

1462 2339 1503 2370 In
1524 2343 1588 2369 tua
1607 2345 1665 2369 nec
1687 2331 1801 2379 tonfizs
1811 2331 1906 2377 fhrre
1907 2330 2067 2379 sepulcra
2089 2344 2214 2371 comas.

1359 2385 1537 2422 Nestor..

1415 2456 1497 2504 564.
1524 2461 1569 2493 Et
1590 2456 1634 2501 esl
1652 2455 1723 2493 illis
1743 2456 1821 2504 visa
1835 2455 1960 2506 subeffiz
1973 2456 2110 2508 floron]
2140 2463 2187 2495 Et
2207 2458 2250 2507 est
2261 2458 2317 2496 illi
2327 2459 2408 2498 scri-

1362 2507 1413 2554 pti
1435 2508 1511 2544 fere
1532 2519 1675 2544 omneS.
1703 2506 1769 2544 nisi
1785 2507 1888 2557 quod
1906 2508 2031 2547 Petav.
2048 2508 2127 2548 illa.
2151 2509 2275 2556 Puto,
2300 2510 2407 2550 &his

1291 2604 1298 2618 x
1362 2555 1417 2593 illi
1437 2557 1515 2606 visa
1530 2557 1655 2606 subeſje
1673 2562 1776 2605 soror.
1818 2559 1962 2597 HEINS.

1416 2637 1498 2684 564.
1528 2641 1643 2674 Noeta
1662 2648 1774 2675 ratem
1795 2638 1997 2689 comitesque
2013 2637 2164 2688 fugae.]
2217 2636 2406 2675 Comitem-

1362 2699 1426 2736 que
1445 2687 1503 2725 sex
1521 2687 1612 2726 libri.
1639 2689 1778 2727 Seneca
1801 2690 1960 2734 Medea,
1988 2700 2072 2734 272.

1413 2766 1593 2812 Profugere
1611 2765 1691 2814 cogis
1703 2776 1719 2804 ?
1747 2766 1848 2803 redde
1862 2764 2012 2814 fugienti
2029 2773 2164 2809 ratem,

1417 2816 1474 2850 Vel
1497 2817 1597 2852 redde
1616 2817 1798 2855 comitem·
1818 2818 2017 2865 fugeretur
2029 2814 2145 2864 solam
2155 2815 2280 2865 jubes?

1414 2871 1496 2902 Non
1515 2867 1589 2913 sola
1610 2868 1704 2905 veni.

1364 2928 1412 2968 fic
1436 2931 1545 2979 Epist.
1569 2934 1695 2980 Hypp.
1717 2943 1771 2969 vr.
1796 2943 1876 2978 142.

1419 2997 1574 3045 Intraslex
1592 3006 1709 3044 portus
1732 3007 1839 3047 tuque
1854 3011 2026 3050 comesque
2041 3012 2146 3036 meos.

1365 3057 1432 3095 pro
1454 3049 1620 3084 comites.
1648 3047 1756 3085 Trist.
1781 3061 1805 3085 ι.
1836 3049 1936 3097 Eleg.
1960 3062 2023 3088 ιιι.
2047 3061 2092 3086 ex
2114 3049 2271 3098 antiquis
2291 3050 2409 3094 libris„

1362 3157 1399 3194 H
1415 3112 1495 3142 Non
1512 3106 1602 3144 mihi
1614 3107 1797 3156 servorum
1810 3136 1821 3154 ,
1850 3109 1983 3147 comitis
2003 3123 2074 3148 non
2092 3124 2176 3150 cura
2196 3114 2338 3163 legendi.

1407 3169 1510 3194 ems.

1412 3225 1495 3272 565.
1522 3225 1607 3261 Pede
1628 3224 1759 3262 labitur
1778 3225 1921 3277 aequo]
1948 3225 2083 3264 Marsus
2105 3229 2259 3273 exponit
2279 3239 2413 3276 aequa-

1365 3275 1408 3312 tis
1427 3275 1595 3312 omniurn
1626 3285 1818 3314 nautarum
1854 3276 2030 3325 pedibus,
2059 3277 2163 3325 quod
2197 3278 2284 3326 qnid
2309 3278 2412 3326 figni-

1366 3325 1453 3364 ficet
1481 3337 1558 3364 non
1590 3327 1771 3376 intelligo.
1800 3327 1969 3366 Fanensis
1998 3327 2158 3376 apertius
2187 3330 2412 3378 aliquantum

2357 3391 2415 3416 ac·
