2495 3675
242 140 339 215 398

762 136 824 194 P.
896 134 1315 194 OVIDII
1389 134 1918 202 NASONIS

401 258 499 312 345
540 238 895 313 [Lampsacos
921 237 1028 294 hoc
1051 237 1241 292 animal
1264 235 1411 291 solita
1439 235 1513 290 est
1541 238 1769 296 nia-stare
1794 242 2013 320 Priapo:

618 315 763 387 Apta
786 311 910 367 asmi
934 310 1162 366 flammis
1190 309 1382 363 indicis
1408 325 1529 365 exta
1557 310 1798 384 damus]

549 387 735 461 Quem
761 398 819 440 tu
834 424 850 449 ,
885 384 1026 439 Diva
1051 400 1286 447 memor,
1310 381 1379 437 de
1406 399 1542 453 pane
1566 386 1850 443 monilibus
1874 406 2044 451 ornas,

623 458 801 515 Cess'at
826 474 989 530 opus:
1031 472 1226 510 vacuae
1252 456 1779 534 conticueremolae.

547 532 814 593 Nomine,
851 545 1012 600 quam
1036 528 1215 601 pretio
1243 528 1588 594 celebratior,
1629 550 1750 588 arce
1775 532 2072 604 Tonantis,

403 622 506 681 350

615 606 808 660 Dicam
835 601 1049 657 Pistoris
1077 600 1208 673 quid
1235 601 1362 657 velit
1387 621 1472 657 ara
1488 603 1652 674 JoviS.

548 678 737 734 Cinc‘ta
760 671 1140 749 premebantur
1163 673 1402 729 trucibus
1428 675 1692 747 Capitolia
1716 678 1909 737 Gallis:

622 751 843 806 Fecerat
874 747 1081 802 obsidio
1101 746 1207 818 jam
1234 746 1483 802 diuturna
1506 750 1719 806 famem.

544 823 789 897 Juppiter
814 821 882 876 ad
907 821 1094 876 solium
1120 819 1318 891 superis
1340 822 1516 892 regale
1538 824 1740 879 vocatis
1755 865 1769 889 ‚

624 897 832 968 Incipe,
870 894 940 949 ait
966 893 1150 949 Marti.
1190 892 1442 948 Protinus
1467 894 1554 951 ille
1581 897 1770 952 refert:

409 987 506 1039 355
546 969 759 1025 Scilicet
785 969 1033 1040 ignotum
1060 965 1163 1028 est,
1201 982 1336 1038 quae
1362 966 1421 1020 sit
1451 966 1666 1050 fortuna
1691 987 1965 1039 meorum,

626 1041 696 1096 Et
722 1041 876 1096 dolor
905 1041 992 1095 hic
1021 1039 1182 1094 animi
1207 1055 1338 1092 voce
1363 1055 1637 1112 querentis
1659 1047 1817 1114 eget?

550 1114 605 1169 Si
631 1127 808 1168 tamen
826 1153 840 1178 ,
880 1126 938 1167 ut
964 1112 1192 1167 referam
1218 1110 1451 1168 breviter
1476 1114 1609 1167 mala
1631 1114 1808 1184 junt‘ia
1840 1119 2068 1191 pudori,

624 1187 842 1259 Exigis:
884 1186 1084 1258 Alpino
1108 1183 1288 1239 Roma
1315 1184 1406 1239 sub
1442 1185 1591 1241 hoste
1610 1186 1768 1258 jacet.

261 1463 443 1502 Cap.xcu.
456 1450 565 1489 Credo
581 1449 684 1507 illurn
706 1446 813 1498 pridie
831 1447 971 1497 incipere
986 1476 996 1492 ‚
1009 1446 1131 1497 postero
1151 1448 1204 1487 die
1218 1448 1306 1498 fini.

260 1518 296 1542 re
313 1532 323 1550 ‚
351 1503 538 1542 Pithoeus.
565 1502 655 1550 longi
676 1500 775 1537 decus
797 1499 922 1537 Petav.
941 1499 1074 1537 Bunm.

314 1581 399 1621 343.
426 1565 579 1616 Surgit.]
608 1563 709 1613 Fugit
729 1561 804 1600 duo
824 1560 917 1600 libri.
1038 1624 1044 1631 ι
1156 1624 1163 1631 .

316 1648 401 1687 344.
431 1633 528 1684 Illa]
568 1630 635 1670 illa
655 1631 772 1678 Neap.
792 1627 892 1665 Edit.
911 1626 1062 1674 confugit
1079 1624 1227 1672 Junian.

313 1709 397 1747 345.
426 1690 669 1742 Lampsacus.]
699 1689 795 1728 Urbs
823 1689 861 1727 in
881 1686 1125 1734 Hellesponto
1146 1685 1191 1724 ad
1217 1685 1307 1743 deit-

261 1755 378 1787 teram
409 1742 692 1794 ingredientibus
717 1769 728 1786 ,
762 1741 856 1778 inter
890 1737 1069 1787 Abydum
1106 1737 1146 1775 &
1192 1736 1305 1787 Cyzi-

260 1810 363 1837 cum.
391 1797 437 1834 de
459 1806 531 1844 qua
552 1793 599 1832 fic
620 1792 757 1831 Plinius
774 1790 836 1829 lib.
855 1801 908 1827 iv.
929 1800 1008 1837 cap.
1032 1799 1088 1845 ξι..
1114 1787 1308 1838 Hellespon-

259 1861 317 1889 tus
331 1877 342 1894 ,
362 1847 486 1894 septem
502 1844 627 1893 stadiis
645 1848 814 1893 Europam
835 1839 880 1878 ab
900 1838 987 1890 Asia
1006 1838 1169 1896 dividens
1182 1850 1308 1889 ‚quat-

261 1910 342 1939 tuor
362 1898 435 1935 illic
453 1898 544 1934 inter
555 1896 592 1944 se
619 1893 810 1932 contrarias
833 1890 931 1929 urbes
952 1890 1076 1935 habet,
1108 1903 1148 1927 m
1171 1894 1306 1941 Europa

262 1948 461 1999 Callipolim
496 1958 541 1987 ω’
569 1945 708 1992 Seston;
736 1945 775 1982 in
802 1941 890 1992 Asia
922 1941 1149 1999 {amplarum
1177 1952 1220 1981 (9⁴
1249 1947 1308 1998 A?

260 2002 386 2051 hydon.
412 1998 511 2037 Vide
532 1998 643 2036 etiam
667 1996 884 2051 Strabonem
914 1993 977 2032 lib.
1002 2004 1097 2049 itm.
1124 1993 1310 2031 Marcelli-

261 2065 353 2092 num
377 2051 470 2089 libro
490 2061 587 2087 xxxx.
613 2050 651 2086 δε
683 2047 823 2085 Melam
855 2043 950 2083 libro
975 2055 1110 2093 primo.
1138 2043 1308 2102 Crorgiu.

261 2102 462 2152 Lampsacos
481 2099 662 2138 nonnulli.
681 2099 720 2136 δε
739 2096 904 2148 sequenti
923 2094 1049 2140 versu,
1075 2099 1176 2144 Apta
1199 2094 1308 2141 asmt,

263 2167 331 2204 pro
344 2154 433 2191 Hinc
451 2150 561 2198 afini,
585 2150 757 2188 meliores
776 2157 919 2186 omnes.
943 2145 1018 2203 .S‘':d
1031 2145 1228 2204 emuncCiae
1241 2158 1305 2185 na-

260 2207 306 2245 ris
324 2204 476 2255 quilibet
497 2202 601 2240 facile
623 2201 799 2239 odoretur
821 2200 896 2236 hoc
915 2196 1093 2236 distichon
1115 2196 1159 2255 ab
1178 2197 1304 2248 aliquo

259 2258 417 2296 homine
441 2254 536 2292 male
560 2254 690 2291 feriato
709 2252 769 2289 hic
788 2256 929 2299 praeter
949 2259 1027 2286 rem
1055 2246 1126 2286 effe
1144 2249 1305 2287 1nculca·

262 2316 344 2346 tuin
359 2335 370 2352 ,
398 2314 439 2345 ut
464 2306 501 2343 &
520 2304 603 2342 alibi
627 2313 703 2340 non
726 2313 805 2340 raro
828 2299 981 2339 fastum.
1006 2298 1154 2338 Hzms.
1194 2299 1306 2339 Forte

262 2360 312 2399 ita
333 2356 502 2397 reficiam
524 2352 640 2405 posset
660 2353 823 2392 retineri:

313 2434 514 2482 Lampsacos
532 2429 613 2466 hinc
632 2428 770 2465 animal
782 2427 889 2484 fhiita
906 2427 966 2465 hoc
985 2429 1140 2467 maffare
1160 2429 1305 2481 Priapo:

367 2485 458 2522 Hinc
474 2480 561 2532 afini
582 2479 744 2531 flammis
759 2479 884 2517 indicis
901 2489 984 2517 exta
1003 2479 1142 2520 damus.

262 2557 344 2595 hinc
364 2554 452 2604 asini
476 2554 526 2593 est
545 2555 582 2592 in
603 2553 754 2591 Putean.
777 2551 916 2590 Sarrav.
934 2552 974 2591 δε
991 2552 1114 2591 multis
1132 2553 1308 2594 editioni-

264 2608 339 2646 bus.
366 2607 390 2645 fi
411 2608 512 2645 enim
539 2606 732 2643 omittatur
760 2602 939 2659 distiehon
960 2631 972 2648 ,
997 2606 1236 2659 quo-referas
1255 2607 1308 2645 se-

263 2659 413 2706 quentia
427 2685 436 2702 ,
450 2659 564 2705 {Quem
585 2667 625 2693 tu
644 2665 716 2695 wc.
741 2665 820 2691 non
832 2652 956 2710 video.
976 2664 1061 2691 narn
1078 2654 1140 2710 ‘ille
1158 2666 1307 2702 praece·

265 2711 355 2745 dens
368 2708 553 2752 Silenum,
575 2715 615 2744 ut
637 2714 753 2754 pum,
781 2703 937 2751 respicit.
964 2715 1050 2741 nam
1072 2705 1210 2751 infestae
1228 2717 1308 2744 ma-

265 2768 333 2796 nus
360 2759 529 2806 petebant
553 2758 717 2796 Silenum
732 2782 743 2800 ,
769 2765 848 2791 non
870 2752 1023 2792 asinum.
1052 2753 1183 2793 Euam.

318 2831 402 2870 345.
430 2820 535 2858 solita
552 2822 595 2867 est
614 2822 767 2858 mactare
787 2817 948 2868 Priapo]
979 2818 1080 2857 Hinc
1102 2830 1250 2859 carmen
1267 2820 1310 2861 il-

263 2872 329 2911 iud
349 2872 477 2908 incerti
498 2873 679 2910 auctoris:

323 2937 533 2985 Lampfizceos
551 2936 668 2974 melior
684 2949 753 2974 non
769 2935 900 2974 imbuet
919 2934 1025 2983 hostia
1045 2936 1184 2975 cultros.

266 2991 444 3031 Nesimi..

318 3051 400 3101 346.
429 3055 526 3106 Apta
545 3047 842 3104 asini-flammis]
870 3050 972 3088 Male
984 3066 994 3094 ;
1025 3052 1169 3092 &bene
1182 3063 1286 3094 vetus
1301 3084 1311 3101 ‚

265 3101 358 3140 Hinc
386 3099 471 3150 afim
498 3098 664 3146 flammis.
720 3100 766 3135 Et
799 3108 886 3155 nota
910 3113 953 3154 ex
976 3102 1029 3139 his
1048 3131 1058 3146 ‚
1098 3104 1204 3153 hujus
1227 3117 1310 3147 exta

264 3153 464 3204 quotannis
482 3150 602 3187 oblata
621 3162 702 3187 :irae
723 3149 868 3187 Vestali.
900 3152 1023 3190 ixian.

316 3227 399 3267 347.
426 3217 540 3263 Quem
561 3224 624 3256 tu,
653 3214 752 3270 Diva
782 3212 950 3272 memor]
980 3215 1069 3271 Risit
1092 3216 1126 3252 id
1152 3218 1306 3274 Lacim-

261 3271 352 3311 tius:
383 3271 426 3305 Et
454 3265 539 3317 quid
569 3273 703 3314 turpius
725 3293 735 3311 ‚
772 3264 904 3315 scripsit
931 3293 941 3311 ,
975 3267 1059 3315 qual
1078 3265 1304 3318 flagitiosius,

2250 1323 2411 1386 Haec
2440 1353 2442 1355 ·

1361 1445 1489 1498 quodsi
1508 1448 1600 1495 Vesta
1618 1448 1773 1497 beneficio
1792 1451 1881 1505 asini
1898 1455 1997 1507 virgo
2014 1458 2083 1507 est?
2109 1472 2173 1500 aut
2184 1466 2289 1502 Po'e'ta
2302 1465 2412 1513 fabu—

1361 1499 1436 1536 lam
1454 1498 1579 1546 finxit.
1605 1501 1651 1539 de
1672 1503 1807 1543 Nostro
1828 1507 1955 1546 Publio
1977 1510 2154 1560 loquitur.
2183 1515 2307 1554 Nisam.
2441 1510 2451 1530 ⁴

1417 1572 1507 1611 349..
1530 1564 1678 1601 Nomine
1700 1580 1808 1615 quam
1827 1569 1936 1617 pretio
1954 1570 2192 1624 celebratior.]
2220 1576 2331 1617 Silere
2342 1591 2413 1629 po·
2483 1604 2485 1614 ι

1358 1613 1429 1651 tius
1459 1613 1550 1651 haec
1579 1614 1705 1654 debuit
1728 1618 1860 1657 Noster
1887 1632 1999 1670 quain
2029 1623 2133 1663 dictis
2173 1635 2383 1675 praetexere
2394 1647 2408 1676 ;
2442 1650 2449 1654 -
2482 1629 2484 1635 ’

1359 1674 1446 1702 nani
1468 1675 1597 1712 parum
1636 1675 1699 1705 aut
1723 1668 1813 1708 nihil
1842 1670 2005 1718 spestaiit
2036 1674 2083 1713 ad
2117 1676 2206 1715 ritus
2235 1678 2274 1716 δί
2310 1680 2406 1722 sacra

1360 1714 1530 1752 Vestalia.
1555 1715 1701 1765 Fungar
1720 1731 1791 1768 ego
1815 1733 1902 1760 meo
1921 1734 2087 1763 munere.
2123 1727 2287 1769 Romani
2307 1743 2409 1773 aram

1361 1764 1399 1802 in
1421 1766 1608 1815 Capitolio
1635 1769 1720 1815 Jovi
1751 1771 1876 1810 Pistori
1907 1774 1995 1824 erigi
2025 1787 2216 1825 curarunt,
2244 1781 2305 1821 sed
2324 1794 2412 1823 mo·
2482 1796 2485 1799 ·

1359 1815 1504 1862 dicam,
1535 1829 1619 1856 cum
1651 1819 1759 1860 soluti
1788 1823 1981 1864 obsidione
2010 1828 2150 1867 Gallica
2184 1831 2234 1870 ob
2263 1831 2412 1875 fimula·
2446 1831 2465 1883 ⁷f

1364 1874 1445 1905 tum
1466 1868 1567 1917 panis
1589 1869 1731 1919 jadram
1764 1873 1802 1911 in
1831 1875 1990 1915 hostium
2017 1878 2202 1920 stationes.
2227 1884 2303 1923 hoc
2320 1887 2412 1936 quid

1363 1919 1480 1958 tritius
1499 1921 1535 1958 in
1558 1920 1716 1961 Historia
1734 1921 1751 1962 ἓ
1776 1924 1836 1964 sed
1854 1926 1985 1968 eadem
2006 1940 2104 1970 aram
2126 1932 2285 1974 dicatam
2305 1946 2410 1978 muta

1362 1971 1558 2018 praeteriit.
1586 1973 1711 2012 NEAP.

1413 2032 1500 2071 350.
1526 2022 1677 2071 Discunt
1699 2025 1872 2079 Pistoris]
1930 2029 2147 2082 Discrepant
2171 2036 2410 2078 membranae

1360 2080 1522 2111 veteres:
1551 2074 1640 2113 aliae
1662 2075 1873 2126 scripturam
1902 2080 1998 2120 hanc
2024 2084 2202 2130 probant;
2231 2087 2321 2124 aliae
2343 2089 2409 2127 ha-

1360 2121 1471 2169 bent,
1498 2123 1627 2162 Dicam
1646 2127 1795 2175 Pistoris.
1830 2131 1954 2170 NEAP.
1984 2133 2085 2171 Libri
2097 2137 2408 2186 veteres,difiant

1355 2174 1510 2222 pistores,
1539 2176 1598 2214 vel
1625 2176 1759 2216 dicant.
1804 2181 1971 2228 Quidam
1995 2184 2128 2229 etiam,
2156 2185 2292 2234 discant
2307 2188 2408 2238 pisto-⁷
2471 2204 2474 2206 ’

1358 2224 1417 2263 ris.
1445 2226 1553 2276 Lego
1570 2253 1581 2271 ,
1600 2226 1678 2264 ‘Dic
1689 2228 1770 2276 jam
1784 2257 1795 2274 ‚
1823 2231 1883 2268 vel
1902 2232 2031 2280 discite.
2058 2234 2205 2274 Hiems.
2438 2270 2461 2289 4

1411 2298 1496 2337 351.
1523 2288 1689 2339 Cincius]
1743 2295 1881 2330 cunc-'ia
1904 2294 2007 2333 Vofl‘.
2029 2297 2068 2334 &
2090 2298 2260 2338 Beruens.
2287 2313 2406 2350 mox,

1361 2351 1447 2376 nam
1464 2337 1659 2386 diuturna,
1680 2341 1862 2393 Excerpta
1885 2345 2065 2394 Douzae,
2088 2348 2243 2389 Putean.
2262 2353 2299 2392 &
2317 2355 2410 2394 Mo-

1360 2397 1442 2428 reti.
2215 2422 2228 2425 e

1416 2451 1501 2490 355.
1528 2442 1631 2490 Qae
1641 2441 1689 2492 stt
1700 2445 1852 2492 fortuna
1870 2446 2048 2486 malorum
2061 2448 2103 2499 ἒ]
2134 2451 2237 2502 Lege
2250 2482 2261 2499 ,
2289 2454 2313 2492 fi
2331 2455 2408 2505 pla-

1361 2498 1444 2537 cet,
1472 2503 1518 2530 ex
1546 2493 1670 2532 nostro
1696 2495 1850 2542 codice,
1879 2510 1968 2548 quae
1987 2498 2037 2548 stt
2059 2502 2210 2548 fortuna
2241 2518 2408 2548 meorum.
2449 2541 2466 2558 ,ἱ

1362 2543 1489 2581 NEAP.
1514 2543 1695 2583 Malorum
1709 2546 1829 2597 scripti
1849 2550 2020 2590 meliores
2044 2553 2250 2595 constanter
2274 2558 2410 2608 magna
2455 2582 2461 2590 ›·

1362 2593 1481 2643 copiti.
1512 2594 1690 2634 Trist.1v.
1714 2597 1818 2648 Eleg.
1843 2601 1950 2649 prim.
2449 2630 2458 2658 2,

1415 2651 1486 2681 Nec
1507 2654 1626 2682 tamen
1639 2656 1699 2691 ,ut
1717 2651 1821 2696 veni,
1849 2650 1960 2690 levior
1975 2653 2123 2701 fortuna
2138 2654 2313 2696 malorum
2324 2659 2380 2708 est.
2451 2669 2467 2677 “

1362 2719 1480 2753 unus,
1507 2708 1656 2748 locorum
1680 2739 1690 2755 ,
1727 2715 1816 2754 alius
1837 2744 1848 2762 ‚
1884 2717 2038 2756 deorum.
2058 2719 2219 2766 tertius,
2245 2723 2408 2765 viarum.
2463 2754 2466 2758 ⁴

1363 2758 1545 2807 Vulgatae
1576 2761 1729 2802 leestioni
1758 2778 1835 2804 non
1865 2776 2006 2806 temere
2036 2772 2222 2811 moverim
2254 2785 2408 2815 contro·
2451 2819 2454 2823 ,

1367 2810 1533 2849 versiam.
1562 2813 1670 2852 Marti
1691 2815 1790 2854 enim
1803 2816 1895 2854 sacra
1907 2819 2042 2856 Roma.
2069 2820 2213 2861 Hiims.
2242 2825 2284 2864 In
2297 2826 2408 2866 Fran·
2458 2827 2465 2835 ‘

1366 2861 1565 2900 cofurtensi
1587 2873 1663 2902 erat
1687 2878 1753 2913 pro
1787 2867 1882 2903 varia
1907 2866 2069 2908 lectione
2083 2899 2092 2914 ,
2121 2874 2200 2920 {Quo
2210 2873 2261 2924 fit
2278 2883 2407 2915 Roma·

1366 2924 1414 2948 na
1435 2911 1502 2948 loco
1521 2927 1582 2950 res.
1603 2916 1706 2960 quod
1724 2915 1822 2953 unde
1853 2919 1994 2956 venerit
2024 2922 2158 2961 nescio.
2186 2936 2230 2963 an
2262 2927 2405 2968 dicium
2448 2970 2449 2973 ,

1366 2972 1406 3000 ut
1426 2962 1513 2999 illud
1536 2963 1797 3012 aVirgiliolib.
1819 2979 1864 3004 11.
1889 2979 1970 3018 322.
1999 2972 2078 3019 Qto
2098 2987 2148 3010 res
2160 2976 2302 3023 summo
2322 2978 2406 3020 loco.
2438 3018 2441 3019 γ

1366 3013 1406 3050 &
1436 3012 1590 3050 Terent.
1613 3015 1720 3053 Adel.
1740 3028 1804 3055 iii.
1828 3031 1871 3055 11.
1896 3021 1954 3066 46.
1973 3023 2086 3068 Pejore
2104 3037 2154 3060 res
2173 3025 2240 3064 loco
2260 3041 2330 3066 non
2345 3039 2406 3078 po-

1365 3063 1411 3100 tis
1430 3062 1472 3111 est
1489 3063 1556 3112 effe.
1582 3066 1619 3101 δε
1641 3066 1687 3103 ita
1707 3067 1780 3105 alii.
1820 3075 1881 3106 Res
1900 3077 2058 3109 Romana
2086 3076 2197 3115 etiam
2225 3079 2319 3119 infra
2340 3091 2405 3119 oc-

1366 3115 1474 3153 currit
1491 3114 1544 3158 )C‘s.
1564 3127 1648 3164 433.
1676 3119 1714 3154 &
1734 3119 1817 3157 alibi
1840 3123 1986 3160 centies.
2019 3123 2150 3165 BURM.

1417 3175 1500 3214 357.
1527 3168 1724 3218 Breviter.]
1755 3171 1894 3207 Pariter
1913 3173 2039 3212 Petav.

1363 3267 1395 3305 R
1415 3218 1499 3305 3f58.
1526 3217 1664 3268 ἕπει]
1696 3220 1776 3258 Fuit
1786 3221 1923 3261 Mazar.
1934 3224 2053 3273 forte,
2074 3228 2159 3270 ruit.
2172 3237 2212 3271 ut
2227 3231 2405 3273 Claud.1'n

1402 3279 1487 3306 um.

2313 3342 2396 3382 ‘aas
