2495 3675
744 179 803 234 P.
880 172 1300 234 OVIDII

247 205 355 258 422

1373 166 1907 239 NASONIS

543 275 700 331 Nulla
727 290 856 330 nota
881 274 955 330 est
982 273 1230 328 veniente
1256 268 1375 332 die,
1418 285 1579 342 quam
1607 269 1810 328 ducere
1838 278 2011 348 pollis.

401 354 502 419 650

614 343 793 404 Idibus
828 347 1025 404 invi6io
1056 347 1174 400 sunt
1203 344 1323 396 data
1353 345 1551 414 templa
1571 342 1711 414 Jovi.

544 421 616 478 Et
639 421 744 492 jam
769 424 1142 494 Quinquatrus
1159 417 1352 489 jubeor
1377 433 1590 498 narrare
1617 419 1869 503 minoresz

614 496 775 550 Nunc
801 495 927 550 ades
950 494 984 546 ὀ
1011 492 1248 563 coeptiS,
1283 487 1419 544 flava
1446 489 1726 556 Minerva,
1766 510 1914 550 meis.

249 767 294 806 ris
314 764 484 803 nomine.
509 759 602 799 Fasti
632 758 870 798 Consulares:
898 770 984 796 rivin.
1013 768 1147 794 casem
1179 765 1302 792 Dom-

250 828 398 855 TIANVs
431 822 630 851 avc-zvsrvs
660 825 694 849 v.
722 823 763 848 M.
795 823 863 847 Ta.
899 821 990 846 por.
1017 821 1070 845 xi.
1097 820 1167 864 xii.
1195 817 1301 843 coss.

247 879 327 905 xvr.
369 878 480 903 cens.
519 876 552 899 τ’.
592 875 611 898 1>
639 867 696 900 ⁴1³.
753 861 889 898 Caffius
930 859 1064 898 Noster
1101 859 1160 895 lib.
1189 868 1300 894 L111.

250 915 323 958 Th)
344 917 384 968 ᾧ
404 915 453 965 db)
474 911 648 964 τιμητείαν
669 912 788 951 ’ἐλοιέον
809 915 866 963 μὲν
885 914 962 953 τινὲς
983 916 1014 964 23*
1040 911 1069 949 ἵ
1094 908 1303 974 advenerari,-

249 989 305 1026 pm
324 977 370 1024 2&
390 973 427 1009 τὶ
445 971 585 1023 οἷςχοιῖον
600 999 608 1012 ,
640 968 738 1007 ἕλοιςε
769 977 788 1018 5
816 972 846 1020 23*
877 963 1076 1017 Δομιτιοενές
1099 963 1169 1017 Algi
1185 972 1252 1009 βιὸ·
1277 979 1297 1001 8

248 1030 358 1079 μέντοι
379 1029 436 1075 1φᾷ
460 1030 506 1064 νῦν
527 1026 574 1063 ’ἐτι
596 1029 676 1062 ‘egro
693 1023 813 1077 ‘yl‘yieD
859 1019 900 1061 τδ
915 1022 954 1075 78
973 1022 1063 1074 ἕςγον
1084 1020 1185 1062 octiens
1204 1019 1300 1085 ’ixei'—

250 1100 321 1134 τες,
352 1079 408 1122 ’ἐπ
437 1081 568 1134 αἱροῧνῗ)
597 1082 651 1118 ἐπ’
679 1078 814 1124 adesleb,
844 1075 900 1117 ἕτε
933 1077 1001 1115 vlo)
1021 1076 1218 1128 πςόσ-κληνιν
1240 1091 1301 1140 oep-

248 1142 325 1181 τ’ἧς,
353 1136 445 1177 ernau*
467 1136 504 1175 οἷν
527 1140 601 1178 ταῖς
622 1135 863 1187 λ’πυγρφῴοιῖς,
894 1136 1051 1171 κτῶνται.
1084 1130 1206 1168 Habes
1236 1129 1300 1194 hic

248 1193 338 1243 quid
359 1194 419 1231 sub
451 1192 673 1229 Commodo
701 1192 747 1227 ad
776 1200 910 1227 aevum
943 1188 1143 1244 Alexandri
1173 1186 1299 1225 Severi

247 1244 505 1283 observatum:
534 1241 636 1291 quod
655 1249 801 1289 tempus
822 1239 867 1277 ad
884 1238 997 1276 finem
1013 1249 1131 1286 operis
1146 1248 1300 1286 magnus

245 1296 309 1334 hic
329 1296 383 1332 vir
400 1294 463 1332 fibi
495 1293 687 1335 vendicat3
716 1291 820 1340 quod
850 1291 953 1328 rebus
975 1317 986 1332 ,
1023 1300 1108 1327 cum
1129 1300 1301 1344 gereren-

245 1354 305 1384 tur
319 1373 330 1390 ‚
357 1345 564 1383 interfuerit
580 1371 589 1387 ‚
611 1346 649 1382 &
664 1371 676 1389 ,
698 1344 751 1381 uti
770 1341 881 1391 gestas
901 1340 1066 1384 viderat,
1095 1350 1301 1378 memoriae

247 1396 441 1435 mandarit.
469 1395 595 1433 Nisaia.
1059 1442 1066 1448 ·

302 1447 387 1495 648.
416 1452 510 1484 Cum
522 1446 645 1496 judex.
666 1445 682 1495 ]
740 1443 873 1482 Vindex
892 1441 996 1481 Voss.
1016 1454 1122 1491 prim.
1152 1441 1295 1479 Fames.

245 1499 349 1537 Maz.
370 1497 514 1537 Zulich.
537 1499 575 1535 ὃς
606 1496 777 1535 nonnulli
796 1496 866 1533 alii.
892 1495 998 1533 bene.
1025 1493 1072 1530 sic
1093 1492 1138 1531 de
1158 1492 1295 1531 eodem

246 1549 417 1599 Augusto
433 1577 445 1594 ,
472 1547 584 1587 Trist.
603 1560 640 1587 v.
676 1548 780 1597 Eleg.
799 1559 852 1585 xx.
882 1557 926 1584 ex
950 1544 1107 1594 vestigiis
1127 1552 1296 1583 veterum

247 1602 547 1639 membranarum
560 1627 572 1644 ‚

301 1665 440 1715 Eripuit
459 1677 536 1702 cum
559 1678 612 1703 me
633 1662 786 1702 vindicis
804 1663 858 1701 ira
882 1661 958 1701 tibi.

246 1727 309 1769 lib.
340 1741 405 1767 111.
429 1728 531 1777 Eleg.
550 1741 605 1768 vr.

297 1802 559 1845 Fortunamque
572 1809 687 1835 meam
707 1805 883 1841 metuens,
906 1807 974 1832 non
995 1793 1147 1832 vindicis
1165 1793 1273 1833 iram.

256 1852 372 1900 lib.11.
392 1861 495 1910 Eleg.
517 1873 568 1899 ix.

300 1919 482 1973 Qicquid
499 1919 537 1956 id
557 1918 622 1964 esl,
649 1918 757 1958 habui
779 1921 998 1961 moderatam
1019 1920 1173 1961 vindicis
1193 1920 1299 1959 iram.

249 1985 312 2029 lib.
333 1998 397 2025 111.
416 1986 519 2035 Eleg.
542 1997 608 2024 111.

299 2062 382 2094 Non
398 2056 543 2105 gravior
568 2053 690 2092 merito
709 2055 869 2095 vindicis·
882 2055 937 2094 ira
946 2055 1036 2102 fuit.

249 2118 403 2157 Pont.1⁹
420 2119 523 2169 Eleg.
536 2131 609 2157 vir.

305 2182 496 2229 Judicium
514 2183 608 2220 nobis
627 2183 735 2232 igitur
754 2196 832 2220 cum
852 2180 1002 2220 vindicis
1019 2179 1126 2230 adfit.

251 2247 401 2287 Enim.

249 2300 351 2338 nens.
956 2351 963 2356 ι
1224 2353 1230 2359 .

299 2351 385 2399 649.
414 2350 528 2387 Nulla
551 2361 633 2387 nota
660 2351 704 2398 est
734 2350 894 2388 veniente
925 2351 980 2388 cite
1003 2379 1013 2395 ,
1049 2364 1157 2401 quam
1193 2353 1302 2391 dicere

246 2400 378 2451 [ναῶ]
407 2407 540 2439 Ducere
561 2402 726 2439 Voffian.
748 2404 785 2439 &
810 2401 939 2439 decern
969 2402 1027 2440 alii
1047 2403 1125 2439 libri
1148 2413 1303 2442 veteres.

250 2452 473 2500 Legendurn
494 2460 584 2499 puto
599 2481 609 2496 ,
639 2465 747 2501 quam
768 2452 886 2489 ducere
902 2451 1085 2500 pofflm.1ic
1107 2454 1201 2501 apud
1218 2455 1302 2492 Ho-

247 2504 382 2540 ratium
397 2515 449 2541 1v.
473 2503 548 2540 Od.
575 2516 617 2542 11.
646 2517 716 2553 qua
741 2513 863 2540 notam
893 2504 997 2541 duxit
1027 2504 1151 2542 niveus
1173 2505 1303 2544 videri.

249 2553 459 2602 Propertius
479 2553 543 2594 lib.
559 2567 586 2592 i.
615 2555 718 2604 Eleg.
733 2566 769 2591 v.

304 2623 350 2656 Et
377 2620 482 2656 timor
502 2619 685 2666 informem
705 2619 805 2656 ducet
825 2619 865 2657 in
879 2632 932 2656 ore
952 2629 1086 2658 notam.

254 2682 395 2728 Tibull.
413 2684 474 2723 lib.
493 2697 520 2723 1.
545 2685 712 2734 Eleg.V1.

486 2760 531 2789 &¹
551 2753 687 2798 mensae
707 2748 816 2786 ducat
835 2748 875 2786 in
894 2747 969 2786 orbe
991 2758 1124 2789 notam.

255 2810 389 2849 Noster
409 2812 519 2851 Trist.
538 2827 584 2853 11.

308 2878 353 2910 Et
376 2875 522 2912 tacitam
543 2878 677 2927 mensae
695 2878 803 2916 ducat
823 2877 863 2914 in
881 2877 957 2916 orbe
977 2888 1112 2918 notam.

253 2936 478 2977 Claudianus
494 2941 596 2980 Bello
617 2945 774 2989 Getico,

484 3006 613 3052 excepti
635 3006 709 3042 telis
733 3007 889 3046 immane
910 3009 1023 3046 relatu

310 3051 511 3099 Prodigium
525 3081 534 3096 ‚
557 3055 753 3106 miramque
769 3070 889 3096 notam
900 3059 1028 3096 duxere
1037 3059 1173 3107 futuri·

256 3110 390 3149 Noster
411 3113 571 3161 Epistola
591 3115 745 3152 Acontii
759 3144 770 3160 ,

483 3180 608 3230 veniffit
625 3181 775 3219 volubile
793 3184 928 3222 malum
943 3214 954 3230 ‚

309 3230 416 3267 Verba
436 3232 546 3275 ferens
564 3232 675 3269 duciis
695 3232 854 3284 infidiofiz
872 3238 974 3274 notis.

250 3294 303 3336 ita
317 3294 547 3348 scribendum
561 3325 574 3345 ‚
598 3309 684 3352 cum
698 3299 805 3355 doctis
825 3302 914 3356 notis
931 3303 1167 3361 illiclegatur3
1193 3308 1298 3360 disce-⁴

2298 629 2411 687 Cur

1358 766 1393 790 re
1415 753 1634 794 Thuaneus.
1662 755 1769 795 dicere
1790 756 1904 807 poffim
1922 759 1960 798 in
1980 759 2263 804 Zulichemiano
2278 765 2410 807 &Ma-

1357 805 1558 844 zariniano.
1587 806 1737 845 Heius.

1407 856 1493 904 650.
1524 857 1756 907 Invifflosunt
1779 859 1866 898 data
1885 862 2014 911 templa
2037 865 2141 911 Jovi.
2159 866 2176 914 ]
2224 867 2334 907 Adeo
2354 881 2410 908 ra·

1358 920 1394 946 ra
1416 909 1625 954 memoria,
1654 911 1734 948 imo
1765 911 1863 950 nulla
1892 914 1999 963 'nujus
2023 917 2154 965 templi
2176 918 2272 966 apud
2296 928 2412 968 patres

1358 958 1497 997 nostros
1515 974 1526 1003 ;
1557 967 1596 997 ut
1630 961 1775 999 credam
1796 991 1806 1007 ‚
1841 963 2019 1002 invictum
2053 978 2120 1014 pro
2148 970 2313 1017 epitheto
2350 970 2412 1010 hic

1356 1009 1519 1059 positum
1536 1039 1546 1055 ,
1575 1022 1652 1049 non
1676 1024 1740 1061 pro
1763 1019 2018 1063 cognomine:
2045 1018 2109 1056 sub
2129 1031 2207 1069 quo
2229 1021 2338 1059 aedes
2358 1034 2414 1060 re-

1356 1072 1442 1100 vera
1465 1062 1608 1102 sacrata.
1637 1063 1684 1100 Et
1705 1063 1799 1102 bene
1812 1077 1916 1105 meus
1940 1067 2058 1106 codex
2076 1072 2313 1120 perantiquus
2333 1072 2415 1112 scri-

1357 1113 1407 1150 bit
1426 1112 1604 1149 inviarum
1627 1113 1747 1152 littera
1767 1117 1979 1155 minuscula.
2017 1119 2074 1158 Fit
2094 1121 2202 1170 igitur
2222 1122 2286 1160 hic
2309 1135 2415 1163 men-

1357 1165 1411 1202 tio
1434 1163 1480 1200 de
1503 1165 1643 1212 templo
1674 1175 1735 1204 aut
1765 1167 1870 1214 Jovis
1904 1169 2092 1218 Sponsoris
2117 1200 2128 1217 ,
2165 1182 2228 1212 aut
2255 1174 2416 1215 Latialis.

1356 1215 1418 1253 sed
1437 1215 1512 1252 hoc
1533 1215 1699 1254 divinare
1722 1218 1782 1255 est.
1811 1219 1937 1257 ΝΕΑΡ.

1408 1276 1494 1323 651.
1526 1280 1572 1312 Et
1587 1279 1666 1325 jam
1688 1279 1978 1331 Qinquatrus.]
2008 1283 2069 1320 De
2093 1286 2294 1336 majoribus
2316 1287 2412 1327 dixi-

1359 1337 1440 1364 mus
1462 1328 1499 1364 in
1521 1327 1663 1365 Martio
1695 1330 1756 1366 sub
1785 1330 1897 1369 finem
1921 1346 1930 1370 :
1972 1333 2018 1371 de
2051 1337 2261 1376 minusculis
2292 1339 2413 1378 Varro

1354 1377 1414 1415 lib.
1437 1390 1471 1415 v.
1494 1377 1539 1415 de
1564 1379 1608 1415 L.
1633 1380 1677 1416 L.
1710 1380 1960 1429 Quinquatrus
1981 1385 2194 1434 minusculae
2217 1390 2415 1434 diclaeffu-

1358 1428 1436 1465 niae
1464 1428 1547 1466 Idus
1572 1428 1617 1466 ab
1637 1428 1878 1478 fimilitudine
1897 1435 2070 1483 majorum
2094 1450 2102 1473 :
2141 1441 2233 1488 quod
2260 1440 2416 1479 tibicines

1353 1488 1432 1516 tum
1453 1480 1579 1525 feriati
1604 1489 1663 1530 per
1702 1481 1822 1519 urbem
1852 1496 2032 1534 vagantur
2059 1498 2103 1528 ω’
2133 1491 2344 1528 conveniunt
2364 1492 2414 1530 ad

1354 1530 1473 1567 aedem
1512 1530 1712 1570 Minervae.
1761 1533 1882 1573 Festus
1917 1537 2119 1586 Pompeius
2140 1553 2148 1577 ε
2193 1542 2413 1588 Minusculae

1356 1581 1609 1630 Qinquatrus
1644 1583 1909 1633 appellabantur
1943 1589 2024 1624 Idus
2053 1591 2222 1636 Juniae;
2266 1595 2358 1642 quod
2384 1595 2414 1632 is

1358 1633 1428 1669 dies
1445 1632 1552 1680 festus
1582 1645 1658 1670 erat
1690 1634 1877 1674 tibicinum
1893 1666 1904 1683 ‚
1932 1641 1992 1689 qui
2017 1642 2222 1681 Minervam
2246 1644 2416 1684 colebant.

1360 1684 1545 1733 corrupte
1565 1685 1662 1733 apud
1693 1687 1927 1727 Plutarchum
1961 1691 1998 1728 in
2034 1691 2156 1731 libello
2192 1696 2260 1731 τῶν
2283 1697 2413 1743 Κεφα-

1360 1734 1473 1771 λαέων
1494 1735 1654 1784 legitur:
1691 1739 1759 1773 Διὰ
1792 1740 1830 1775 τί
1859 1742 1939 1782 vxi-5
1961 1741 2186 1789 Ίκνουκρέειις
2218 1744 2324 1788 eme
2345 1759 2412 1784 πε-

1361 1787 1475 1831 ρίῖεναιι
1516 1786 1660 1824 δέδοται
1702 1791 1776 1832 ’τοῖς
1804 1789 1983 1836 αὐληταῖς
2013 1798 2078 1836 τῆν
2108 1798 2214 1834 πόλιν
2255 1795 2410 1843 ἐσθῆτας

1360 1839 1564 1883 γυναικείας
1585 1839 1802 1885 <papeha-affl
1822 1843 1983 1882 omnino
1997 1845 2153 1884 emenda
2169 1876 2179 1891 ‚
2207 1848 2267 1885 διὰ
2279 1848 2316 1885 τί
2329 1851 2412 1894 ταῖς

1357 1886 1514 1932 'leuviam
1531 1888 1644 1933 εἰδοῖς.
1684 1892 1725 1929 In
1745 1893 1896 1931 nemine
1926 1897 2128 1944 reperimus
2149 1899 2220 1937 tale
2240 1900 2329 1950 quid
2351 1912 2413 1939 ce-

1353 1939 1532 1978 lebratum
1558 1941 1680 1979 mense
1700 1943 1885 1990 januario.
1912 1946 2037 1985 NEAP.
2067 1948 2319 1999 Qeinquatrus
2341 1953 2410 1989 mi-

1354 1992 1517 2039 nusculae
1538 1993 1696 2031 Varroni
1723 2022 1733 2039 ,
1770 1996 1874 2033 Festo
1913 1997 1952 2034 &
1985 1998 2180 2038 Plutarcho
2212 2003 2249 2040 in
2282 2005 2413 2052 Quae-

1354 2042 1530 2081 stionibus
1552 2044 1731 2083 Romanis
1764 2047 1946 2086 dicuntur.
1991 2049 2052 2087 De
2072 2051 2267 2091 tibicinum
2287 2053 2410 2102 perso-

1354 2102 1530 2132 natorum
1553 2095 1812 2135 discursatione
1830 2110 1895 2147 per
1914 2099 2041 2138 urbem
2064 2113 2119 2139 res
2140 2105 2250 2140 etiam
2272 2116 2290 2139 a
2311 2104 2411 2141 Cen-

1356 2144 1481 2183 sorino
1502 2147 1664 2195 tangitur
1686 2159 1766 2196 cap.
1783 2161 1855 2187 xix.
1884 2150 2156 2189 Commentarii
2176 2153 2222 2190 de
2244 2154 2316 2191 Die
2333 2155 2411 2192 Na-

1359 2196 1445 2240 tali,
1472 2195 1534 2234 ubi
1555 2198 1629 2244 agit
1651 2198 1696 2235 de
1716 2198 1875 2237 mufica:
1908 2206 2003 2237 Nam
2034 2201 2099 2249 nisi
2112 2213 2219 2250 grata
2246 2206 2319 2252 effes
2341 2205 2409 2242 im-

462 2248 587 2295 Judex
616 2249 702 2286 alios
730 2260 918 2287 commonet
942 2277 953 2295 ‚
985 2250 1053 2299 ipse
1084 2250 1180 2297 facit
1213 2251 1301 2290 Ber.
1359 2245 1566 2283 mortalibus
1586 2247 1676 2292 diis,
1706 2249 1768 2305 qui
1786 2250 1938 2295 constant
1960 2265 2002 2288 ex
2022 2252 2145 2288 anima
2165 2253 2410 2304 divina‚pro·

1350 2297 1440 2343 sebio
1466 2296 1541 2334 ludi
1555 2298 1680 2345 ftenici
1703 2299 1955 2346 placandorum
1985 2302 2089 2339 deum
2122 2304 2234 2353 cauffa
2254 2306 2409 2351 instituti

1358 2360 1426 2384 non
1445 2348 1542 2397 efflent
1560 2365 1571 2384 .·
1612 2362 1670 2386 nec
1700 2349 1824 2387 tibicen
1853 2351 2011 2389 omnibus
2031 2354 2341 2402 supplicationibus
2368 2359 2408 2395 in

1353 2398 1462 2446 sacris
1483 2397 1623 2437 aedibus
1644 2399 1887 2445 adhiberetur;
1919 2417 1985 2440 non
2019 2417 2096 2440 cum
2118 2406 2257 2444 tibicine
2278 2411 2408 2446 trium-

1354 2450 1443 2497 phus
1465 2461 1646 2497 agentum
1676 2465 1744 2488 non
1767 2452 1926 2500 Apollini
1945 2454 2082 2491 cithara
2107 2484 2118 2499 ,
2144 2470 2214 2495 non
2235 2458 2343 2508 Musis
2363 2460 2411 2496 ti-

1359 2498 1436 2536 biae
1461 2511 1637 2550 ceteraque
1654 2503 1691 2539 id
1720 2515 1825 2550 genus
1853 2504 1952 2553 effcnt
1988 2506 2185 2550 attributa;
2227 2522 2294 2546 non
2325 2511 2408 2547 tibi-

1360 2550 1513 2596 unibus,
1539 2561 1597 2601 per
1615 2567 1697 2602 quos
1717 2556 1865 2592 numina
1883 2555 2073 2604 placantur
2086 2586 2094 2600 ‚
2115 2558 2188 2606 esset
2209 2561 2406 2609 permiffum

1360 2612 1425 2638 aut
1442 2601 1540 2639 ludos
1557 2604 1692 2652 publice
1701 2605 1818 2651 facere
1831 2634 1841 2649 ,
1868 2617 1933 2643 aut
1960 2609 2049 2656 vesci
2068 2609 2106 2644 in
2125 2610 2292 2659 Capitolio
2305 2639 2315 2655 ‚
2343 2621 2408 2648 aut

1361 2653 1650 2702 §Quinquatribus
1670 2656 1874 2704 minusculis
1888 2685 1898 2701 ,
1927 2658 1965 2695 id
1982 2660 2024 2706 est
2043 2660 2173 2696 eidibus
2185 2660 2312 2705 Juniis
2325 2689 2336 2706 ,
2348 2676 2408 2698 ur-

1361 2702 1437 2740 bem
1453 2703 1580 2749 vestitu
1600 2719 1665 2752 quo
1683 2706 1815 2744 vellent
1843 2711 2033 2757 perfhnatis
2054 2709 2317 2761 temulentisque
2330 2722 2409 2761 per-

1361 2753 1499 2802 vagari,
1526 2754 1726 2795 distinffius
1748 2758 1936 2807 aliquanto
1965 2771 2075 2809 quam
2098 2761 2240 2805 VarrO‚
2268 2764 2331 2812 qui
2355 2773 2409 2802 ta·

1357 2814 1448 2841 men
1479 2805 1612 2851 docet,
1636 2818 1700 2845 eos
1722 2808 1766 2846 ad
1788 2810 1981 2847 Minervae
2009 2811 2137 2848 aedem
2171 2813 2409 2859 convenisse.

1358 2854 1451 2892 libro
1472 2867 1506 2892 v.
1533 2856 1578 2893 de
1598 2869 1630 2896 L.
1643 2870 1677 2895 1..
1704 2860 1954 2907 §Quinquatrus
1973 2860 2188 2910 minusculae
2207 2865 2318 2901 dietae
2335 2867 2411 2911 Ju-

1360 2907 1438 2942 niae
1460 2906 1546 2943 eides
1575 2907 1619 2944 ab
1641 2907 1875 2956 fimilitudine
1902 2912 2105 2959 majorum:
2143 2915 2234 2964 quod
2253 2915 2425 2962 tibicines„

1359 2966 1438 2993 tum
1461 2958 1587 3004 feriati
1614 2968 1674 3007 per
1701 2958 1818 2995 urbem
1851 2971 2032 3009 vagantur
2058 2975 2101 3002 ω’
2130 2967 2340 3003 conveniunt
2361 2967 2410 3004 ad

1358 3007 1696 3049 aedemrMinervae.
1751 3009 1867 3047 Porro
1890 3012 2037 3051 codices
2058 3015 2176 3062 scripti
2196 3028 2328 3055 omncs
2344 3031 2410 3057 ve-

1358 3057 1538 3098 tustiores.
1551 3058 1793 3107 Quinquatres
1804 3062 1950 3099 minores
1962 3090 1972 3106 ,
1984 3075 2060 3102 non
2075 3067 2310 3115 quinquatrus
2322 3097 2332 3112 ,
2344 3081 2409 3108 ex-

1357 3106 1495 3145 hibent.
1527 3108 1565 3145 &
1603 3109 1755 3148 fortasfis
1786 3124 1883 3150 vere.
1915 3126 2001 3151 nam
2038 3124 2237 3165 utrumque
2265 3120 2409 3159 diceba-

1356 3165 1427 3196 tur.
1454 3158 1608 3196 Carifius
1630 3160 1721 3198 libro
1744 3164 1887 3210 primo:
1919 3164 2146 3213 Magistratus
2165 3179 2209 3206 (9¹
2227 3171 2408 3218 magistra-

1358 3218 1408 3245 tes
1425 3208 1626 3246 invenimus
1640 3239 1650 3256 ‚
1674 3213 1859 3261 pugillares
1872 3241 1882 3256 ,
1890 3216 2056 3263 primores
2070 3245 2079 3260 ‚
2103 3228 2253 3266 proceres
2266 3249 2276 3265 ,
2301 3232 2407 3270 pena·

1353 3268 1402 3296 tes
1426 3287 1436 3303 ,
1473 3261 1630 3307 Qirites
1651 3290 1661 3307 ,
1691 3265 1929 3313 quinquatres.
1979 3266 2179 3307 Priscianus
2216 3271 2309 3310 libro
2331 3284 2404 3311 vn.

1352 3312 1563 3365 Notandum
1574 3339 1587 3361 ,
1611 3315 1702 3367 quod
1728 3316 1873 3356 nomina
1883 3317 2017 3368 semper
2033 3319 2188 3369 pluralia
2210 3336 2299 3373 quae
2315 3322 2354 3359 in
2372 3335 2405 3360 es

2317 3369 2403 3423 dest:
