2495 3675
421 140 983 205 EPISTOLARUM
1021 140 1127 198 EX
1167 137 1451 197 PONTO.
1489 137 1611 196 Lm.
1648 143 1707 198 ΙΙ.
1743 145 1923 206 ΕΡιετ.
1946 148 2005 207 Π.

2204 169 2302 223 7ἷ7

433 246 579 319 [Qui
606 248 804 319 rapitur
829 245 946 300 fatis
963 289 976 308 ,
1015 241 1146 315 quid
1171 253 1379 312 praeter
1404 240 1508 294 fata
1534 241 1803 311 requirat?

503 329 669 391 baepe
706 331 850 373 creat
877 316 1065 370 moves
1091 315 1267 382 aspera
1290 314 1432 385 spina
1455 313 1649 382 rosas]

287 410 310 457 3
322 408 350 458 ς
428 392 537 464 Qui
567 395 764 463 rapitur
790 393 1065 458 spumante
1092 388 1224 449 sa10‚
1261 386 1347 439 sua
1368 384 1578 439 brachia
1603 387 1746 440 cauti

497 464 754 536 porrigit,
795 464 846 516 ἅτ
875 461 1040 531 spinas
1068 459 1308 529 duraque
1337 458 1453 511 saxa
1478 459 1635 529 capit.

425 537 758 608 Accipitrem
786 546 1028 588 metuens
1054 531 1238 600 pennis
1264 530 1648 600 trepidantibus
1673 533 1776 586 ales

497 611 682 663 Audet
710 608 775 661 ad
800 607 1058 659 humanos
1085 601 1205 656 feffa
1232 602 1413 656 venire
1441 602 1592 655 finus,

425 681 541 736 Nec
569 683 618 736 se
649 681 824 734 vicino
851 676 1059 730 dubitat
1084 675 1435 727 committere
1454 673 1625 737 ῑεθῑο,

278 773 348 822 40

497 760 650 823 Quae
679 752 814 823 fugit
847 748 1055 803 infestas
1082 746 1263 799 territa
1288 762 1440 799 cerva
1463 763 1638 799 canes,

420 826 533 887 Da,
571 842 790 897 precor,
829 820 1090 875 accessum
1117 818 1371 880 lacrimiS‚
1409 817 1711 879 mitissime,
1750 820 1964 876 nostris:

491 900 606 952 Nec
632 895 831 949 timidis
854 892 1079 963 rigidam
1104 889 1323 944 vocibus
1351 890 1493 944 obde
1520 890 1711 943 forem.

415 970 704 1040 Verbaque
729 965 902 1021 nostra
925 963 1105 1018 favens
1131 962 1377 1016 Romana
1401 962 1466 1015 ad
1493 962 1726 1017 Numina
1753 963 1956 1036 perfer,

487 1043 612 1095 Non
640 1039 736 1094 tibi
764 1036 1003 1108 Tarpejo
1030 1035 1170 1089 culta
1195 1048 1416 1088 tonante
1441 1036 1630 1090 minus,

275 1137 340 1190 45
415 1113 771 1184 Mandatique
796 1110 903 1164 rnei
925 1110 1125 1180 legatus
1147 1107 1343 1178 suscipe
1367 1106 1618 1160 caussam:

490 1187 648 1240 Nulla
673 1201 798 1238 meo
823 1182 1061 1255 quamvis
1089 1180 1306 1234 nomine
1331 1178 1503 1233 caufl‘a
1529 1179 1666 1234 bona
1691 1181 1779 1236 est.

411 1261 527 1332 Jam
557 1275 721 1329 prope
747 1253 1043 1326 depofitUS,
1082 1266 1229 1307 certe
1257 1251 1352 1314 iam
1378 1250 1631 1323 frigidus,
1672 1271 1829 1326 aegre

491 1332 736 1388 Servatus
764 1346 857 1401 per
885 1341 965 1390 te,
1003 1325 1041 1380 fi
1067 1325 1235 1381 modo
1261 1325 1468 1389 servor,
1506 1340 1617 1379 ero.

123 1601 160 1641 '1-
180 1600 319 1649 Georg.
335 1610 423 1650 203.
448 1608 550 1646 prono
570 1598 661 1650 rapit
679 1596 802 1635 alveus
820 1593 930 1633 amni.
959 1602 1157 1645 utrumque

120 1653 318 1701 conjunxit
334 1653 417 1689 Val.
432 1651 528 1689 Flac.
551 1663 605 1689 iv.
622 1649 706 1687 268.

472 1731 635 1780 fumanti
658 1728 771 1774 qualis
793 1728 830 1764 in
851 1727 924 1764 alto

174 1784 270 1822 rado
290 1792 387 1832 capta
405 1785 513 1827 ratis,
542 1781 663 1830 trepidi
687 1792 794 1825 quam
805 1777 879 1826 fiala
897 1774 1049 1825 magistri

174 1839 273 1871 Cura
293 1845 381 1871 tenet
395 1862 406 1879 ,
433 1834 595 1884 rapidum
616 1831 732 1870 ventis
751 1827 964 1868 certantibus
984 1837 1108 1874 aequor

175 1890 389 1922 Intemerata
401 1887 508 1934 secat.

121 1970 241 2021 {Tibul
277 1985 302 2010 1.
323 1971 424 2020 Eleg.
444 1984 480 2008 ι.

172 2060 206 2092 Is
227 2060 386 2092 Venerem
404 2054 423 2091 ὶ
446 2051 564 2102 rapido
577 2051 703 2098 sentiet
722 2049 778 2099 effe
798 2045 902 2085 mari.

120 2137 256 2175 Noster
276 2147 400 2173 aurem
421 2134 493 2180 ipse
508 2161 519 2178 ,
547 2143 696 2181 utraque
721 2127 818 2166 Coelo
843 2123 985 2162 brachia
1005 2122 1156 2170 porrexit

119 2188 159 2224 in
179 2186 251 2223 fine
272 2186 332 2222 lib.
353 2197 384 2222 x.
410 2186 567 2220 Metam.
594 2179 745 2226 superest
775 2178 876 2226 capio.
907 2174 966 2212 sed
987 2174 1077 2210 clara
1099 2174 1155 2209 vi-

118 2235 225 2274 detur
253 2247 335 2273 res:
366 2236 404 2271 &
433 2244 563 2270 vereor
584 2259 595 2275 ,
621 2241 669 2268 ne
700 2228 764 2265 sim
800 2229 946 2263 nimius.
976 2224 1154 2260 Aucrorz

117 2285 545 2325 ELECTOR.ETONENS.
565 2281 638 2330 egit
659 2279 703 2315 de
714 2274 1050 2331 hoclocoZinzerl.
1063 2274 1151 2310 Pro-

119 2337 223 2375 muls.
248 2336 371 2373 Critic.
397 2346 477 2382 cap.
504 2344 593 2370 ιην.
626 2332 662 2367 &
680 2326 834 2366 Diatrib.
864 2336 1035 2380 pr10r3p.
1067 2324 1150 2381 1259.

117 2387 156 2426 in
172 2398 247 2424 uno
261 2385 390 2423 codice
404 2412 414 2428 ‚
442 2383 584 2420 brachia
597 2379 711 2417 nanti.
729 2378 765 2415 in
789 2377 862 2414 alio
877 2404 886 2420 ,
912 2377 987 2423 ἐξα
1007 2385 1147 2430 venias,

117 2438 208 2490 quid
224 2447 359 2484 praeter
373 2436 458 2481 fata
485 2431 661 2480 relinquit.
695 2431 730 2466 in
755 2428 863 2465 tertio
893 2436 981 2481 vero
1012 2424 1147 2469 lestio,

118 2496 162 2527 ut
183 2487 294 2525 edidit
315 2483 497 2522 Heinsius.
521 2483 675 2519 alterurn
697 2478 873 2516 distichon
889 2503 900 2519 ,
926 2475 990 2512 mfi
1020 2474 1121 2522 quod
1136 2503 1147 2520 ‚

114 2542 300 2589 spumante
319 2538 423 2582 freto.
451 2536 487 2571 in
521 2530 733 2570 Bersrnanni
769 2527 934 2565 editione
957 2554 969 2570 ,
1006 2523 1149 2562 brachia

116 2589 240 2637 campi.
261 2587 410 2625 tandem
435 2583 646 2622 eoinclinat
667 2577 929 2625 Zinzerlingius
954 2583 996 2613 ut
1023 2582 1147 2613 totum

115 2640 262 2687 abjiciat
281 2637 457 2674 distichon
472 2662 483 2679 ‚
509 2632 611 2682 quod
633 2626 860 2679 promanaffe
880 2638 924 2665 ex
939 2627 1058 2675 priore
1071 2636 1149 2664 cre·

119 2691 199 2735 dit,
218 2689 276 2727 cui
305 2687 410 2725 facile
427 2685 578 2723 accedo.
605 2682 738 2719 Euam.

172 2765 232 2812 36.
260 2760 408 2808 Porrigit
436 2760 485 2796 ad
512 2757 633 2807 spinas
664 2756 820 2801 duraque
849 2754 944 2801 saxa
967 2750 1146 2807 χ,φιιιηιι.ς.]

121 2815 224 2862 Qui,
249 2813 389 2860 inquit,
419 2810 496 2847 fatis
518 2810 651 2857 rapitur
673 2835 684 2850 ‚
722 2804 811 2843 solet
838 2804 1046 2852 cuicunque
1062 2803 1150 2839 loco

119 2866 231 2903 etiam
255 2863 378 2908 aspero
400 2871 529 2897 manus
550 2859 750 2896 admovere
773 2883 783 2899 ,
812 2861 852 2891 ut
865 2855 986 2902 majus
1007 2853 1149 2900 pericu-

117 2914 196 2954 lum
217 2914 341 2951 evitet.
368 2911 411 2948 In
433 2909 669 2947 vetustissimo
689 2904 886 2952 exemplari
909 2904 980 2940 hoc
1002 2914 1148 2940 carmen

119 2965 170 3003 ita
188 2964 341 3011 legitur,
369 2966 466 3007 Saepe
486 2971 578 2996 creat
598 2957 712 2996 molles
733 2957 847 3005 aspera
859 2953 961 3002 spina
983 2953 1082 3001 rosas.
1110 2959 1150 2990 ut

119 3014 164 3054 fit
185 3014 321 3052 sensus:
352 3012 406 3048 Ex
435 3011 539 3057 spinis
559 3010 661 3057 saepe
683 3007 835 3044 nastitur
855 3004 928 3042 rosa
945 3033 955 3047 ‚
984 3004 1057 3041 hoc
1080 3002 1150 3045 est,

117 3077 166 3103 ex
176 3064 261 3101 tristi
275 3064 351 3100 fato
361 3062 579 3111 plerumque
591 3059 743 3097 nascitur
753 3058 903 3095 laetum.
916 3054 1060 3102 Quibus
1071 3064 1153 3090 ver-

121 3115 175 3152 bis
192 3113 382 3162 designat,
420 3109 522 3160 posse
552 3109 716 3148 accidere
742 3135 752 3152 ‚
788 3113 827 3143 ut
855 3104 1000 3142 adversa
1019 3107 1153 3151 poetae

119 3165 270 3204 fortuna
285 3191 294 3206 ‚
322 3162 346 3199 fi
368 3163 574 3210 confugerit
589 3160 630 3198 ad
652 3159 770 3197 hostes
790 3155 948 3194 offensos
962 3183 972 3198 ,
994 3162 1155 3192 mutetur

119 3216 161 3253 in
181 3213 320 3251 melius.
351 3215 538 3251 MERULA.
575 3213 719 3249 Omnes
746 3209 808 3246 lib.
832 3207 949 3255 scripti
970 3205 1154 3254 perspicue

122 3264 280 3309 habent,
309 3268 406 3308 Saepe
426 3273 516 3300 creat
536 3262 652 3302 molles
668 3263 786 3312 aspera
805 3260 901 3309 [pina
919 3269 1031 3308 rosas.-
1059 3266 1156 3306 que:

304 3317 401 3351 Tem.
428 3317 494 3350 111.

2102 1454 2259 1514 Nunc

1213 1592 1331 1631 modo
1352 1592 1390 1631 δε
1408 1592 1557 1631 Merula
1584 1590 1759 1632 invenisse
1789 1591 1822 1631 se
1849 1591 2016 1639 testatur,
2045 1593 2084 1633 δε
2107 1596 2253 1644 optime

1214 1646 1377 1693 exponit.
1404 1644 1573 1682 C10FAN.

1268 1707 1329 1744 37.
1358 1695 1564 1744 Accipitrem
1588 1706 1741 1732 metuens
1765 1695 1781 1745 ]
1839 1697 1942 1733 Unus
1972 1696 2093 1734 Vatic.
2115 1697 2153 1735 ὅ(
2174 1697 2260 1737 Urs-¹

1216 1746 1495 1796 Accipitremque
1508 1746 1799 1783 timenmeffius.
1829 1746 2000 1783 CxofAN.
2032 1748 2256 1795 Accipitrem-

1216 1810 1280 1846 que
1300 1796 1426 1833 timens
1451 1797 1677 1833 vetustiores.
1700 1796 1756 1833 sed
1781 1796 1805 1833 si
1828 1796 2028 1845 superiores
2050 1797 2252 1835 ver''ustol-

1212 1846 1357 1890 lantur,
1384 1845 1554 1893 vulgatae
1582 1845 1735 1883 lestioni
1763 1858 1842 1884 non
1870 1847 1917 1884 est
1948 1847 2135 1885 movenda
2161 1859 2255 1894 cong

1212 1895 1399 1936 troversia.
1427 1896 1572 1934 Herus.

1209 2008 1249 2046 H
1254 1956 1473 2046 21838Audet
1501 1959 1540 1997 in
1568 1958 1778 2010 humanos.]
1832 1959 1897 1996 Ad
1926 1958 2096 1996 humanos
2116 1956 2248 2006 scripti.

1263 2088 1322 2121 40.
1351 2074 1488 2121 Infestos
1506 2073 1646 2124 canes.]
1700 2074 1837 2122 Infestus
1859 2074 2011 2113 Combii
2032 2075 2068 2111 ὅ(
2098 2073 2250 2111 Feschii.

1210 2134 1251 2164 ut
1272 2125 1376 2172 saepe
1403 2125 1485 2162 alibi
1518 2125 1660 2163 Noster.
1704 2126 1804 2162 Vide
1838 2126 1954 2163 Notas
1987 2125 2078 2161 Met.
2103 2135 2151 2160 ιιι
2187 2122 2245 2164 ills.

1215 2188 1296 2222 140.
1324 2176 1469 2213 Herus.
1497 2180 1590 2211 Cum
1605 2175 1700 2223 fugit
1722 2176 1876 2213 Putean.
1896 2176 1970 2212 visi.
1993 2175 2130 2212 Phaedr
2157 2173 2245 2212 Fab.

1208 2240 1260 2274 ιι.
1279 2227 1317 2266 8.
1356 2226 1438 2269 ubi,
1459 2236 1550 2261 caeco
1564 2224 1685 2261 timore
1715 2237 1855 2262 cervum
1889 2226 2016 2261 villam
2045 2233 2243 2272 proximam

1201 2278 1313 2326 petisse
1332 2275 1446 2325 fingit.
1466 2288 1525 2312 nec
1542 2275 1683 2312 totidem
1704 2276 1838 2312 timidis
1869 2277 1952 2313 Mss.
1979 2275 2118 2312 ssarthii.
2143 2273 2242 2311 unde

1203 2328 1287 2414 ι’]ΙΞ,
1317 2340 1376 2364 nec
1400 2336 1537 2364 totam.-
1565 2338 1623 2363 nec
1651 2325 1785 2364 timidis
1807 2325 1957 2375 rigidam
1990 2336 2080 2363 unus
2103 2324 2234 2361 codex:

1204 2388 1241 2415 re
1266 2379 1348 2417 tius.

1255 2454 1318 2492 42.
1347 2442 1485 2480 Vocibus
1514 2442 1594 2480 obde
1619 2440 1773 2490 forem]
1829 2439 1922 2476 Obde
1949 2441 2065 2488 seram
2095 2446 2238 2477 veteres

1203 2496 1381 2544 quinque.
1408 2493 1505 2530 Vide
1527 2493 1644 2530 Notas
1658 2493 1836 2528 Art.Am.
1856 2503 1900 2528 ιι.
1923 2490 1977 2532 ybs.
1999 2489 2238 2538 636.H1-:1Ns-

1204 2544 1433 2582 Alterutrum
1457 2543 1598 2580 bonurn
1619 2541 1681 2580 est.
1712 2540 1801 2578 Fast.
1824 2552 1854 2577 1.
1877 2552 1959 2585 124.

1256 2610 1309 2647 Ni
1332 2619 1471 2648 teneant
1491 2608 1619 2658 rigidae
1640 2606 1778 2646 condita
1798 2605 1885 2643 bella
1898 2605 2006 2657 serae.

1204 2670 1338 2710 Amor.
1361 2684 1424 2711 ιιι.
1443 2672 1478 2710 8.

1259 2739 1321 2774 Ad
1341 2738 1469 2786 rigidas
1489 2750 1588 2776 canto
1611 2751 1749 2776 carmen
1773 2738 1878 2775 inane
1895 2738 1993 2784 fores.

1205 2804 1379 2842 Aucron
1403 2804 1550 2842 Euscr.
1574 2805 1703 2842 Eron.

1257 2879 1316 2915 43.
1346 2867 1521 2917 Faven5.]
1553 2873 1682 2905 fovens
1701 2867 1845 2915 Junian.
1866 2867 1904 2904 &
1926 2865 2002 2905 duo
2024 2863 2094 2903 alii.
2124 2860 2239 2913 prosa}

1206 2920 1318 2957 etiam
1343 2918 1492 2966 Regius.

1259 2999 1318 3034 47.
1345 2987 1437 3033 Jam
1449 2985 1603 3036 frigidus
1621 2987 1751 3038 aegen]
1781 2988 1870 3026 Non
1894 2986 2037 3036 placent
2057 2986 2158 3023 haec.
2178 2981 2238 3021 sed

1208 3036 1498 3086 distinguendum
1515 3038 1637 3076 credo.
1666 3050 1749 3075 certe
1765 3039 1842 3087 jam
1856 3037 2032 3086 frigidus;
2062 3034 2241 3085 aegreferq

1208 3099 1315 3127 vatus
1333 3090 1406 3125 διε.
1440 3088 1530 3126 nihil
1553 3098 1644 3137 puto
1665 3090 1809 3128 certius.
1841 3089 1969 3126 Bunm.

1262 3155 1322 3199 48.
1350 3154 1382 3190 si
1405 3152 1501 3190 modo
1521 3153 1676 3201 servan]
1704 3159 1824 3191 Server
1843 3153 2025 3193 nonnulli.
2048 3151 2120 3190 vid.
2142 3162 2186 3189 η.
2207 3148 2242 3196 1}

1216 3208 1275 3257 64,
1303 3206 1448 3246 Hms.
1478 3204 1597 3251 Mox,
1618 3204 1707 3255 laffis
1727 3205 1822 3246 rebus
1841 3205 2090 3246 Sarravranus:

1392 3306 1431 3357 p
1443 3303 1466 3344 d
1478 3303 1501 3344 d
1512 3304 1570 3356 dci
2047 3311 2108 3348 50.
2133 3301 2248 3345 erras
