2495 3675
491 163 1441 234 FASTORUM
1551 167 1920 236 Luem.

2121 171 2221 243 187

365 293 472 351 His
499 294 659 348 etiarn
688 291 886 362 conjux
912 285 1105 360 apicati
1128 279 1298 337 cincta
1323 280 1489 338 Dialis

428 367 668 423 Lucibus
693 368 926 436 impexas
955 357 1120 413 debet
1144 355 1341 411 habere
1365 374 1564 413 comas,

503 442 648 496 Ertia
677 455 785 493 nox
812 431 1014 488 emersa
1038 430 1156 484 suos
1183 428 1274 484 ubi
1301 431 1534 485 moverit
1557 431 1740 504 ignes;

217 533 322 584 400
360 440 495 583 T
571 510 838 566 Conditus
871 505 903 559 ὲ
929 503 1155 577 geminis
1181 503 1415 558 Piscibus
1439 506 1570 559 alter
1596 506 1714 561 erit.

363 589 501 645 Nam
529 587 636 640 duo
662 584 805 636 sunt:
848 578 1052 633 Austris
1089 577 1176 631 hic
1201 575 1305 641 est,
1345 578 1703 650 Aquilonibus
1730 578 1816 635 ille

439 658 735 714 Proximus.
778 656 805 708 a
837 665 1002 708 vento
1029 669 1228 706 nornen
1259 664 1489 722 uterque
1518 667 1681 708 tenet.

496 730 603 784 Um
627 728 833 782 croceis
860 744 1041 781 rorare
1067 726 1214 798 genis
1244 725 1506 779 Tithonia
1534 727 1734 797 conjux

370 734 490 871 C
565 801 856 874 Coeperit,
892 800 949 854 &
975 800 1191 873 quintae
1220 811 1465 872 tempora
1488 798 1619 855 lucis
1642 810 1796 872 aget;

74 1017 322 1070 superstitione
352 1028 419 1066 per
464 1016 503 1057 id
539 1023 687 1064 ternpus
724 1014 816 1053 nihil
857 1013 1003 1064 publice
1044 1013 1120 1063 geri

75 1077 238 1121 poterim
276 1068 418 1106 nullum
450 1069 519 1106 iter
549 1067 655 1104 alicui
680 1067 728 1103 fas
756 1076 830 1103 erat
851 1067 1007 1114 aggredi.
1062 1065 1122 1101 De

79 1122 232 1161 Othone
254 1119 349 1168 apud
380 1119 555 1157 Tacitum
579 1117 673 1154 Hist.
697 1119 816 1165 primo
836 1131 844 1153 ι
891 1123 993 1153 Fuere
1017 1146 1027 1161 ‚
1063 1117 1123 1167 qui

72 1172 290 1224 proficiscenti
311 1170 441 1208 Othoni
464 1182 576 1207 moras
595 1168 858 1218 religionemque
879 1169 1034 1204 nondum
1046 1180 1124 1204 con·

80 1224 228 1262 ditorum
249 1221 418 1259 ancilium
439 1220 627 1271 adferrent.
655 1222 872 1269 Aspernatus
893 1233 1028 1256 omnem
1041 1231 1125 1255 cun-

80 1275 259 1313 clationem
281 1301 290 1318 ,
318 1284 358 1310 ut
391 1274 520 1311 Neroni
549 1284 679 1322 quoque
706 1271 897 1317 exitiosam.
936 1272 973 1307 ὃ(
993 1270 1125 1307 Sueto·

79 1326 158 1364 nius
178 1325 239 1364 lib.
261 1336 349 1362 vm.
378 1324 637 1373 Expeditionem
661 1333 778 1358 autem
810 1321 950 1370 impigre
968 1333 1010 1360 (φ
1025 1330 1124 1370 prae-

74 1385 205 1427 propere
216 1375 383 1425 suscepit;
405 1376 467 1424 fied
486 1388 528 1414 ω’
551 1374 650 1410 motis
665 1401 674 1416 ‚
704 1372 849 1409 necdum
870 1371 1016 1408 conditis
1029 1399 1038 1416 ,
1058 1385 1123 1407 an-

78 1426 206 1464 cilibus.
234 1427 342 1465 Mota
362 1427 594 1469 dicebantur,
624 1424 713 1461 dum
733 1424 792 1460 illa
814 1422 896 1460 Salii
907 1433 969 1469 per
982 1422 1123 1459 Urbem

77 1477 383 1516 circumferebant
408 1491 416 1515 :
456 1476 540 1514 inde
568 1476 606 1513 in
637 1473 858 1512 Kalendario
893 1472 1125 1510 Constantini

79 1529 209 1618 lllqllagni
232 1536 379 1567 notatur
397 1539 441 1568 ea
458 1527 533 1567 dies
553 1555 564 1573 ,
601 1537 711 1564 Aaron
743 1535 913 1562 ANC1L1A
943 1536 1124 1562 movent.

123 1592 259 1617 eaeor.

133 1654 216 1692 305.
248 1640 445 1690 pugnam]
474 1646 613 1689 Pugnas
632 1641 772 1679 Mazar.
793 1638 917 1678 Vatic.
936 1639 1069 1678 Ambr.
1087 1639 1126 1676 &

78 1693 157 1733 duo
179 1694 248 1733 alii.
264 1701 398 1742 pugnae
419 1689 522 1729 Voss.

135 1769 218 1807 397.
246 1756 403 1804 Apicalis
435 1755 547 1793 cineta
569 1754 724 1805 Dialis.]
755 1756 813 1794 Sic
835 1767 927 1793 unus
946 1754 1070 1793 Vatic.
1089 1755 1128 1793 δε

84 1807 200 1847 Statii.
228 1807 350 1845 Ursini
379 1808 415 1844 ὅ(
443 1807 530 1844 alius
556 1806 677 1845 Vatic.
700 1807 832 1857 Capitis
851 1807 1016 1853 discincta
1037 1806 1130 1843 Dia-

86 1858 140 1897 lis.
175 1859 342 1897 Crorau.
406 1858 579 1895 Omnino
611 1867 751 1896 veteres
789 1858 919 1895 melius
947 1886 956 1902 ,
1004 1857 1132 1906 apicati

75 1910 204 1960 [αηέῖα
229 1909 353 1946 Dialis.
392 1909 562 1958 Apicatus
584 1936 594 1952 ,
632 1910 695 1959 qui
717 1909 809 1958 gerit
838 1909 980 1958 apicem
1004 1921 1012 1945 ε
1042 1908 1132 1957 quid

80 1962 146 1999 hic
164 1963 201 1999 in
221 1960 368 1998 flamine
388 1987 398 2003 ,
436 1969 600 2003 notum;
629 1960 707 1998 non
738 1959 851 2004 illud,
879 1972 964 1997 curn
993 1961 1130 1997 eodem

85 2011 224 2050 flamini
258 2012 352 2048 mori
383 2022 459 2048 non
483 2009 630 2049 licuifl'e.
668 2011 857 2059 Appianus
886 2011 931 2048 de
962 2010 1131 2055 Merula,

85 2062 212 2112 (hunc
233 2062 393 2109 paullum
418 2061 518 2108 supra
540 2062 627 2099 facit
652 2062 714 2098 τὸν
734 2062 828 2104 ἱερέα
853 2074 894 2096 το
939 2062 1019 2099 Διὸς
1072 2062 1132 2099 lib.

85 2114 208 2164 primo
233 2112 418 2149 Bellorum
433 2112 634 2150 Civilium:
662 2113 813 2161 Μερόλας
844 2111 900 2163 μθρ
929 2111 990 2155 τοὶς
1008 2112 1138 2158 <tatem

88 2168 375 2218 che'vepfipixvri'e‘,
403 2172 436 2221 ας
459 2168 601 2207 πινάκιον
629 2169 721 2219 αὐτῷ
738 2166 950 2216 &maffia
976 2165 1069 2224 ὲξῆλε
1087 2168 1137 2206 ’ὅτι

92 2226 219 2264 κόπτων
238 2223 298 2266 ταὶς
318 2222 446 2275 φλέζοις
474 2222 503 2262 ῗὶ·
533 2228 622 2262 πῖλον
649 2223 819 2261 &Sais-e·
853 2224 873 2261 ε’
903 2221 944 2275 ιβ
963 2220 1006 2260 lw'
1032 2226 1137 2273 θεμι-

89 2282 172 2329 τὸν,
212 2281 294 2332 ἱερέα
328 2277 540 2330 (ῶςὲικείμᾶμον
576 2283 750 2330 τελώτᾷν.
793 2278 967 2316 ΝΕΑΡΟΙ..
1023 2280 1135 2316 Miras

89 2334 214 2373 denuo
244 2334 363 2372 turbas
385 2334 464 2371 libri
489 2343 627 2372 veteres
651 2334 712 2372 hic
739 2332 912 2370 excitant.
950 2331 1020 2369 Sed
1043 2343 1134 2376 nos,

91 2384 229 2423 omiffis
267 2385 395 2422 ceteris
420 2411 431 2428 ‚
493 2385 537 2422 ad
584 2383 679 2422 fidos
715 2382 941 2432 potisfimum
979 2395 1134 2420 conver-

93 2442 226 2472 tamur.
276 2434 479 2482 Vulgatam
503 2442 625 2472 tuetur
651 2433 776 2471 Ursini
804 2433 924 2471 codex
959 2433 998 2471 &
1035 2434 1137 2472 Nau-

95 2494 170 2532 ger.
209 2484 327 2532 capitis
364 2484 522 2527 distincta
559 2483 663 2519 dialis
709 2484 833 2520 Petav.
877 2484 1024 2531 apicatis
1056 2497 1139 2520 cura

95 2534 236 2572 Mazar.
257 2535 362 2581 prim.
381 2533 510 2570 Anibr.
531 2533 567 2569 ὅτ
589 2533 735 2580 plurimi
754 2532 825 2568 alii.
843 2533 964 2580 capitis
981 2532 1143 2578 distincta

95 2583 278 2622 Atondel.
298 2583 432 2632 aliique
458 2592 539 2620 tres.
567 2582 706 2631 apiculis
741 2582 853 2618 cincla
891 2579 994 2619 Voff.
1021 2582 1146 2630 apicali

96 2636 210 2673 cineta
230 2633 375 2672 Zulich.
395 2634 575 2682 Excerpta
603 2632 772 2670 Politiani
795 2632 833 2669 &
855 2632 930 2670 duo
951 2631 1115 2670 Medicei
1130 2661 1142 2679 ,

98 2684 227 2736 apicati
239 2685 350 2722 cinola
363 2712 374 2728 ‚
387 2683 505 2721 reste:
533 2682 635 2721 vides
654 2683 764 2722 etiam
776 2682 820 2719 τὸ
840 2683 953 2720 cinna
973 2683 1009 2720 in
1021 2684 1146 2722 omni-

98 2737 164 2776 bus
185 2736 261 2774 fere
281 2734 532 2773 vetustioribus
551 2745 735 2782 apparere.
761 2732 900 2772 Festus:
927 2734 1053 2771 Cine‘ta
1067 2734 1146 2772 Fla-

101 2787 232 2826 minica
257 2786 344 2832 veste
374 2785 507 2824 velata.
555 2786 681 2834 Quare
707 2785 859 2824 fortaffis
889 2785 950 2824 lib.
977 2796 1032 2823 Vl.
1062 2788 1146 2825 226.

102 2841 213 2877 etiam
233 2836 461 2875 scribendum
477 2864 488 2881 ‚

155 2912 244 2944 Tum
263 2906 351 2944 mihi
362 2904 413 2955 fic
431 2906 580 2956 conjunx
600 2905 712 2944 cineta
734 2905 852 2945 Dialis
869 2905 933 2945 ait.

104 2967 166 3008 ubi
180 2967 305 3016 flantia
322 2979 422 3006 nunc
441 2967 582 3016 legitur.
610 2968 756 3006 Heras.

158 3018 242 3068 398.
270 3018 380 3055 Debet
414 3017 536 3056 habere
564 3018 717 3069 commu]
772 3019 828 3057 Ut
855 3019 965 3057 etiam
988 3030 1052 3068 per
1073 3018 1149 3057 dies

107 3081 186 3107 xxv.
209 3069 331 3107 mense
348 3069 462 3116 Junio
483 3097 493 3115 ,
530 3069 649 3106 donec
680 3069 812 3108 stercus
839 3081 885 3107 ex
905 3069 997 3107 aede
1017 3070 1150 3108 Vestae

107 3119 293 3163 delatum;
322 3129 361 3158 ut
390 3120 519 3158 dicturi
551 3120 694 3164 sumus,
723 3122 813 3157 Θεοῦ
833 3119 1014 3166 διδόντος,
1041 3121 1077 3159 in
1099 3133 1151 3159 vr.

110 3169 308 3208 Fastorum.
335 3171 512 3209 Nnavot.

163 3231 246 3266 399.
274 3221 389 3257 Tertia
419 3235 486 3259 nox
513 3223 638 3271 emorfiz
664 3223 744 3271 suos
770 3222 829 3260 ubi
847 3223 995 3261 moverit
1015 3221 1151 3271 ortus.]

114 3269 198 3307 Lib.
227 3270 305 3308 Urs.
333 3272 370 3308 ὃ(
399 3272 527 3310 Maffei
552 3287 560 3311 :
607 3274 775 3323 Dimensa
795 3275 874 3322 suos
905 3274 964 3311 ubi
993 3284 1152 3311 moverat

113 3333 204 3369 grtes.
230 3319 319 3360 Stat.
338 3324 505 3374 Dimensa
519 3325 597 3373 sues
616 3326 675 3363 uli
698 3325 847 3364 moverit
864 3335 972 3366 ortus.
1017 3325 1059 3363 In
1087 3336 1150 3364 cu-

2102 872 2229 931 Sixe

1172 1012 1231 1062 jus
1249 1011 1311 1050 lib.
1333 1023 1398 1050 ora
1428 1019 1600 1051 notatum
1622 1011 1694 1057 est,
1722 1009 1804 1056 vel,
1830 1010 1933 1061 ignes.
1963 1010 2066 1061 quod
2098 1012 2230 1062 glosse*

1178 1075 1240 1102 ma
1262 1075 1348 1101 curn
1381 1065 1418 1101 in
1436 1064 1530 1101 libro
1554 1062 1678 1101 Ursini
1708 1062 1893 1112 perspicue
1913 1062 2082 1111 scriptum
2107 1065 2147 1102 lit
2174 1065 2230 1102 se-

1179 1114 1373 1165 quendum
1402 1115 1495 1153 mihi
1524 1114 1680 1153 videtur.
1720 1115 1887 1152 C10FAN.
1942 1114 2059 1152 Notat
2089 1116 2126 1151 iri
2153 1116 2232 1154 aliis

1181 1165 1370 1205 codicibus
1385 1194 1394 1210 ,
1412 1166 1548 1215 emensa
1562 1194 1572 1210 ,
1601 1166 1635 1203 in
1655 1165 1730 1203 aliis
1745 1193 1754 1210 ‚
1767 1165 1921 1215 dimensa
1934 1193 1946 1210 ,
1959 1165 2030 1213 legi
2043 1164 2234 1203 Bersinan-

1180 1229 1259 1255 nus.
1290 1217 1473 1256 Neutrum
1491 1245 1502 1262 ,
1528 1217 1668 1266 inquit,
1698 1216 1809 1255 recte.
1843 1218 1881 1255 ὃς
1900 1216 2018 1255 causas
2038 1215 2148 1253 addit.
2187 1217 2231 1255 In

1181 1269 1397 1317 Gryphiana
1425 1268 1589 1307 editione
1612 1297 1622 1313 ‚
1660 1280 1772 1317 quam
1803 1279 1888 1306 cum
1917 1268 2072 1316 antiquo
2101 1267 2232 1305 codice

1181 1319 1337 1368 Scaliger
1358 1319 1563 1358 contulerat
1586 1348 1596 1363 ,
1622 1319 1756 1366 emensa
1767 1318 1965 1368 legebatur.
1999 1328 2066 1368 pro
2094 1327 2171 1368 quo
2197 1318 2237 1356 in

1181 1369 1311 1408 codice
1335 1369 1504 1419 Scaligeri
1532 1371 1717 1420 eleganter
1738 1370 1866 1419 emersa
1887 1368 2097 1419 legebatur:

1234 1435 1350 1472 Tertia
1372 1448 1440 1472 nox
1461 1435 1590 1485 emersa
1605 1437 1687 1485 suos
1710 1433 1769 1474 ubi
1787 1434 1938 1474 moverit
1959 1444 2064 1473 ortus.

1178 1503 1254 1542 hoc
1267 1503 1337 1549 est,
1363 1503 1426 1542 sub
1447 1504 1595 1544 initium
1617 1503 1749 1542 noctis.
1775 1505 1932 1553 optime.
1961 1503 2064 1541 DAN.
2091 1502 2241 1543 Herus.¹

1182 1566 1218 1592 v,
1250 1555 1379 1593 Nonas
1409 1555 1456 1592 est
1495 1555 1640 1594 austrini
1679 1554 1781 1603 piscis
1811 1555 1906 1598 δύσις
1931 1553 2009 1591 ἑώοι.
2057 1554 2238 1593 ΝεΑΡοῐ..

1180 1605 1229 1642 Et
1261 1605 1323 1644 hic
1359 1618 1438 1644 non
1470 1606 1602 1644 leviter
1636 1606 1820 1644 turbatum
1857 1605 1917 1644 est.
1970 1603 2093 1643 Urfin.
2128 1602 2238 1643 Voss.

1182 1656 1326 1694 Arond.
1356 1657 1497 1695 Mazar.
1528 1668 1580 1703 pr.
1603 1656 1705 1694 Med.
1735 1657 1857 1707 Naug.
1884 1655 2052 1706 quinque
2085 1656 2170 1700 alii,
2195 1655 2236 1693 de

1183 1707 1305 1754 mense.
1337 1707 1482 1746 Zulich.
1513 1708 1695 1755 Excerpta
1717 1707 1828 1745 Polit.
1851 1706 1927 1745 duo
1954 1706 2037 1752 alii,
2063 1706 2237 1754 demensa.

1182 1766 1254 1796 tres
1275 1769 1360 1796 cum
1383 1766 1466 1807 opt.
1489 1757 1661 1796 Ambros.
1687 1758 1725 1795 &
1751 1758 1858 1795 Laeti
1891 1756 2043 1801 codice,
2070 1756 2241 1805 dimenfiz.

1184 1809 1309 1847 Petav.
1332 1821 1415 1847 cum
1449 1809 1525 1846 aliis
1557 1817 1738 1859 quatuor,
1768 1808 1929 1856 dimersa.
1957 1806 2124 1845 nonnulli
2141 1835 2151 1851 ,
2179 1806 2240 1844 de-

1186 1860 1308 1910 missa,
1341 1861 1399 1898 vel
1423 1859 1558 1909 dimissa
1574 1888 1583 1904 ,
1612 1859 1671 1897 vel
1699 1858 1862 1908 immiffiz.
1888 1866 2047 1908 quatuor
2068 1886 2079 1902 ,
2108 1857 2241 1895 demer-

1180 1913 1235 1960 sa.
1264 1911 1380 1949 Probe
1403 1923 1495 1949 unus
1520 1911 1638 1949 Vatic.
1658 1910 1697 1949 ὃ(
1727 1910 1908 1950 editiones
1938 1917 2104 1955 veteres,
2133 1922 2243 1953 emer-3

1181 1963 1235 2011 fii.
1265 1963 1346 2000 Val.
1369 1962 1517 2000 Flaccus
1534 1962 1597 2000 lib.
1619 1974 1654 2000 v.
1675 1975 1704 2000 1.

1241 2027 1370 2065 Altera
1392 2027 1456 2064 lux
1477 2026 1576 2063 haud
1596 2025 1690 2063 laeta
1710 2026 1800 2069 viris
1819 2025 1953 2075 emersit
1976 2026 2136 2075 Olympo.

1191 2079 1325 2118 Noster
1348 2081 1438 2116 Met.
1459 2090 1521 2115 xv.
1547 2078 1628 2114 186.
1661 2089 1707 2114 ex
1726 2079 1884 2127 antiquis
1908 2077 2117 2122 codicibus,

1240 2130 1364 2170 Cernis
1383 2141 1428 2169 εν
1446 2129 1592 2177 emersas
1611 2128 1649 2164 in
1668 2128 1779 2166 lucem
1803 2127 1939 2166 tendere
1959 2131 2080 2165 noctes.

1191 2181 1323 2219 Statius
1345 2180 1468 2218 Theb.
1490 2193 1517 2218 ι.
1545 2180 1625 2225 156.

1240 2268 1312 2276 —
1338 2246 1424 2296 quid
1435 2247 1466 2294 fi
1485 2254 1655 2294 peteretur
1679 2244 1823 2282 crimine
1840 2255 1940 2282 tanto

1242 2297 1356 2334 Limes
1379 2307 1519 2347 uterque
1533 2296 1627 2345 poli,
1655 2309 1754 2345 quem
1770 2296 1824 2343 fhl
1845 2297 1990 2344 emersits
2011 2300 2074 2333 Eoo

1245 2349 1399 2385 Cardine
1413 2376 1422 2392 ‚
1453 2361 1552 2397 quem
1567 2348 1672 2396 portd
1691 2360 1830 2395 vergens
1854 2348 2038 2396 prospeHat
2061 2345 2186 2384 Jberd?

1194 2410 1250 2499 {ta
1271 2420 1374 2449 vetus
1398 2409 1530 2449 codex.
1563 2408 1696 2447 Noster
1717 2409 1828 2458 paulo
1848 2417 1934 2447 ante
1956 2421 2000 2449 ex
2023 2409 2180 2459 antiquis
2200 2408 2247 2455 113·

1221 2474 1287 2500 ris:

1248 2544 1383 2556 —-—
1409 2534 1522 2563 totum
1535 2525 1616 2574 jam
1637 2525 1692 2564 Sol
1710 2525 1890 2576 emerserat
1910 2525 2033 2563 orbem.

1199 2592 1379 2644 Apulejus
1408 2595 1518 2633 initio
1548 2594 1609 2632 lib.
1633 2607 1686 2632 xi.
1724 2595 1820 2632 Vides
1849 2594 2097 2644 praemicantis
2130 2601 2250 2635 Lunae

1199 2644 1344 2682 candore
1365 2645 1471 2682 nimis
1493 2645 1693 2695 completum
1723 2645 1835 2682 orbem
1859 2646 2006 2683 marinis
2024 2657 2249 2696 emergentem

1191 2693 1369 2745 flaciibus.
1399 2697 1438 2734 &
1458 2708 1549 2734 mox
1571 2696 1615 2734 de
1639 2697 1767 2734 eadem
1783 2725 1792 2740 ‚
1824 2701 1905 2734 Ecce
1927 2696 2042 2747 pelago
2065 2698 2174 2735 medio
2195 2697 2251 2735 di-

1199 2745 1291 2783 vina
1321 2746 1462 2796 emergit
1484 2747 1603 2794 facies.
1640 2748 1849 2786 Marcianus
1874 2748 2022 2796 Capella
2055 2748 2114 2786 lib.
2137 2760 2188 2788 vi.
2215 2748 2251 2786 Si

1201 2796 1321 2847 emerfi
1336 2797 1416 2845 solis
1434 2808 1572 2836 exortus
1594 2798 1751 2836 concavis
1775 2798 2009 2849 subduflioris
2030 2808 2142 2837 terrae
2162 2799 2253 2837 late-

1204 2847 1274 2884 bris
1295 2847 1491 2886 abdererur.
1519 2849 1617 2887 idem
1641 2850 1750 2897 paulo
1780 2849 1859 2899 post
1879 2849 1925 2887 de
1950 2849 2035 2888 Sole
2057 2851 2095 2888 ὅτ,
2118 2851 2251 2895 Luna,

1203 2899 1279 2947 Qi
1301 2911 1405 2944 mox,
1432 2909 1472 2936 ut
1497 2900 1604 2948 primi
1636 2899 1779 2937 luminis
1801 2900 1920 2949 fulgor
1949 2900 2144 2950 emerserit,
2174 2914 2252 2938 con-

1196 2949 1313 2996 festim
1339 2950 1388 2986 ad
1412 2950 1553 2987 obtutus
1581 2950 1703 2991 nosiros
1743 2950 1879 2988 directis
1911 2951 2010 2988 lineis
2040 2952 2252 3001 diriguntur.

1205 2999 1429 3039 Dracontius
1442 3002 1696 3047 Hexaemem,
1705 3011 1745 3040 ut
1756 3001 1955 3051 legendum
1970 3015 2015 3041 ex
2026 3003 2179 3053 vestigiis
2189 3013 2255 3045 ve<

1206 3058 1327 3090 terum
1350 3052 1547 3091 librorum:

1261 3116 1444 3150 Astroram
1460 3114 1539 3163 jam
1560 3124 1691 3164 quarta
1712 3114 1782 3153 dies
1800 3117 1980 3166 emerserat
2002 3116 2117 3153 undis.

1210 3175 1389 3213 Ceterum
1419 3186 1486 3221 pro
1508 3185 1601 3212 ortus
1620 3175 1699 3214 libri
1726 3186 1866 3215 veteres
1886 3177 1993 3214 multi
2009 3205 2018 3219 ,
2039 3177 2127 3224 ignes
2143 3184 2247 3216 ‚cum

1206 3226 1329 3264 Petav.
1352 3226 1390 3263 ὃ(
1411 3224 1517 3264 Voss.
1541 3226 1577 3264 id
1599 3226 1669 3271 est,
1699 3225 1834 3272 stellas,
1864 3237 1903 3264 ut
1924 3228 1985 3265 lib.
2011 3238 2062 3263 iv.
2088 3226 2179 3261 Met.
2194 3223 2254 3259 81.

1206 3280 1244 3316 &
1268 3277 1393 3324 paffim
1417 3276 1549 3313 Noster
1570 3277 1605 3314 in
1627 3278 1703 3315 hoc
1724 3291 1846 3325 opere.
1876 3279 2020 3314 Hl—thS.

1256 3339 1341 3375 40¹·
1371 3326 1509 3373 Austris
1532 3328 1586 3367 hic
1608 3327 1688 3378 est]
1753 3329 1844 3368 ideo
1879 3329 2006 3372 No‘ws
2035 3322 2252 3375 appellatus,

1378 3379 1447 3418 Aa
1474 3389 1495 3418 2.
1753 3377 1779 3380 ”
2165 3373 2256 3421 alter,
