2495 3675
497 177 1748 242 FASTORUMLra.

353 288 702 346 Conveniunt
726 289 877 365 pislis
900 286 1162 345 incinftae
1187 283 1414 340 vestibus
1437 283 1657 352 Horae,

423 361 589 434 Inque
613 366 754 420 leves
778 364 1011 420 calathos
1037 376 1257 414 munera
1282 359 1455 413 nostra
1482 360 1683 431 legunt.

348 433 603 492 Protinus
636 438 891 509 arripiunt
915 433 1191 491 Charites;
1233 431 1565 505 nedluntque
1594 449 1819 488 coronas
1838 479 1851 498 ‚

428 508 687 581 Sertaque
723 507 976 564 coelestes
1004 504 1323 576 implicitura
1355 523 1550 560 comaS.

349 579 528 636 Prima
556 601 649 653 per
678 581 954 635 immensas
979 577 1133 651 sparfi
1158 594 1296 631 nova
1324 578 1522 634 semina
1547 592 1756 653 gentes

421 654 591 708 Unius
617 655 769 708 tellus
798 666 921 707 ante
948 651 1145 706 coloris
1172 664 1304 705 erat.

346 726 523 781 Prima
547 725 906 797 Therapnaeo
930 724 1034 779 feci
1061 725 1130 777 de
1155 721 1404 796 sanguine
1429 724 1651 781 florem:

419 798 490 852 Et
517 814 694 854 manet
721 800 774 853 in
800 799 934 853 folio
966 798 1156 870 scripta
1181 798 1398 869 querela
1426 798 1536 852 su0.

201 890 304 940 225
341 869 434 924 Tu
459 889 677 944 quoque
704 890 903 926 nomen
928 869 1087 925 habes
1113 871 1313 934 cult03‚
1351 870 1613 936 Narciffe,
1652 889 1747 945 per
1776 874 1991 931 hortos:

420 944 632 1008 Infelix,
667 945 817 1017 quod
843 962 952 999 non
978 944 1109 997 alter
1137 942 1189 995 δε
1215 944 1346 997 alter
1369 947 1510 998 eras!

1832 188 1905 248 V.
2141 208 2240 260 327

209 525 314 560 220

342 1017 493 1091 Quid
521 1017 774 1082 Crocon,
810 1031 898 1072 aut
929 1017 1084 1071 Attin
1109 1015 1367 1078 referam,
1405 1016 1716 1092 Cinyraque
1742 1035 2015 1090 creatum;

411 1090 499 1145 De
528 1109 760 1164 quorum
785 1109 880 1165 per
906 1108 992 1146 me
1021 1089 1242 1145 vulnere
1264 1089 1428 1161 surgit
1467 1091 1675 1146 honor?

52 1350 246 1401 produno.
277 1351 322 1391 de
344 1352 386 1391 iis
406 1351 507 1402 plura
535 1355 712 1405 congessit
733 1355 961 1395 doffiffimus
983 1354 1098 1394 Grae-

52 1403 131 1441 vius
154 1403 424 1442 Hefiodearum
451 1405 677 1445 Lestionum
710 1421 788 1457 cap.
819 1421 878 1445 xx.
915 1408 1033 1445 taliter
1058 1408 1097 1444 &

49 1451 193 1493 Floram
215 1455 325 1503 ipsam
359 1453 463 1492 fuiffe
484 1456 647 1495 vestitam
676 1457 717 1497 fit
744 1458 964 1497 verosimile.
1023 1457 1099 1494 La-

49 1502 202 1544 &antius
223 1507 260 1543 in
281 1506 516 1544 eruditiffima
536 1507 581 1545 dc
594 1510 781 1547 Phoenice
804 1509 927 1557 Elegia
949 1507 1096 1557 elegan-

45 1561 98 1592 ter
117 1556 240 1604 vestem
264 1557 384 1594 Florae
404 1558 560 1606 appellat
586 1559 704 1597 flores.
732 1559 790 1598 sed
816 1560 921 1597 locus
943 1558 991 1597 est
1014 1560 1096 1597 foe·

45 1603 186 1645 diffime
204 1608 418 1655 depravatus
431 1636 442 1652 ,
469 1610 533 1657 qui
552 1608 600 1648 fic
619 1610 846 1649 restituatur:

97 1665 228 1715 Qualis
248 1667 332 1716 inest
346 1669 440 1715 foliis
453 1698 464 1714 ,
483 1684 569 1720 quae
577 1674 654 1720 fert
672 1674 795 1723 agreste
806 1684 983 1722 papaver,

150 1723 243 1754 Cum
262 1719 393 1768 pandit
414 1721 538 1768 vestem
562 1723 663 1763 Flora
686 1725 827 1762 rubente
835 1724 921 1774 sola.

46 1782 195 1822 codices
217 1785 351 1834 vulgati
368 1814 379 1832 ,

22 1856 61 1947 ‘s
94 1856 188 1915 Cum
204 1853 357 1902 pandens
373 1855 476 1903 vestit
490 1855 557 1906 fhle
578 1858 720 1898 rubente
732 1860 843 1911 polus.

57 1919 161 1958 cripti
176 1937 187 1956 ,

91 1981 188 2013 Cum
199 1978 328 2026 pandit
349 1980 473 2030 vestem
480 1980 565 2033 flore
584 1982 727 2021 rubente
738 1984 826 2034 polo.

41 2036 128 2079 hinc
156 2053 225 2081 nos
261 2056 386 2083 veram
415 2046 617 2086 leetionem
651 2050 918 2098 indagavimus.
946 2051 1093 2091 Hsms.

43 2090 160 2130 Reate
174 2094 271 2142 capit
289 2094 585 2144 Heinfiusffnpm
606 2101 870 2147 πολυάνθεμους
890 2103 984 2151 apud
1006 2104 1092 2141 Pin-

43 2141 170 2181 darum
184 2145 259 2183 Od.
273 2148 580 2200 X111.lOlym.23.
592 2152 693 2201 quod
706 2152 802 2190 male
821 2154 992 2202 capiunt,
1020 2165 1086 2202 pro

42 2190 182 2244 semper
213 2196 450 2245 florentibus,
476 2203 712 2240 vernantibus
736 2230 747 2246 ,
782 2216 867 2242 cuni
890 2204 959 2242 fint
988 2205 1087 2243 flori-

43 2241 106 2298 bus
127 2246 185 2284 vel
213 2247 333 2288 floreis
352 2250 507 2290 vestibus
526 2252 694 2302 insignes.
724 2262 764 2291 ut
786 2255 837 2294 ita
856 2256 990 2294 Anacr.
1011 2256 1087 2295 Od.

43 2296 274 2344 unfu‘rpoue
285 2303 531 2347 πολυανθέμσις
549 2304 772 2353 Cupidinem
795 2306 958 2344 molliter
978 2319 1087 2345 orna-

40 2351 121 2384 tum
149 2349 317 2389 celebrat.
343 2353 381 2390 &
401 2355 487 2394 inde
512 2354 704 2394 Claudian.
733 2356 855 2395 Laud.
883 2357 1007 2395 Scren.
1027 2359 1088 2403 87.

39 2396 228 2436 redolentia
243 2403 375 2449 gremia
391 2403 452 2443 dat
472 2405 600 2446 Horis.
619 2407 864 2454 tunc'veniunt
882 2408 1025 2459 Gryph.
1047 2410 1088 2449 &

38 2455 200 2498 quatuor
218 2450 348 2500 scripti.
375 2453 508 2494 Buam.

92 2524 180 2562 219.
206 2515 372 2554 Protinus
393 2520 598 2570 accedunt.]
638 2522 828 2570 Accipiunt
855 2525 994 2562 Mazar.
1011 2524 1088 2563 Zu-

38 2561 126 2601 lich.
147 2566 332 2613 arripiunt.
362 2569 466 2616 quod
493 2571 621 2617 placet.
653 2571 816 2609 accidunt
836 2574 1000 2622 optimus
1019 2575 1087 2613 Pa-

39 2614 272 2655 tal-lmus.
299 2618 396 2656 Mox
411 2647 422 2665 ,
433 2620 597 2672 sertaque
615 2621 759 2659 divinas
774 2652 784 2668 ‚
803 2635 857 2672 pr.
879 2625 1052 2663 Ambros.

34 2694 38 2703 ·
91 2691 175 2736 ²:2¹·
203 2680 316 2730 Sparfi
332 2695 426 2719 nova
436 2684 573 2731 semina
590 2686 736 2737 terras.]
757 2687 859 2737 Lege
872 2689 1058 2728 exiisdem
1077 2719 1088 2736 ,

35 2727 171 2777 semma
196 2742 312 2781 gentes
334 2748 345 2770 :
383 2735 490 2772 Unius
509 2736 611 2774 tellus
629 2749 701 2776 wc.
739 2739 908 2779 CroFAN.
964 2746 1086 2780 Terras

43 2779 178 2820 Mazar.
198 2785 236 2820 &
259 2796 351 2822 unus
371 2785 526 2824 Heinlii.
549 2787 620 2826 vid.
637 2789 681 2827 ad
700 2802 727 2827 1.
748 2791 843 2829 Met.
867 2804 951 2840 249.
978 2793 1086 2830 innu-

45 2842 154 2870 meras
175 2835 285 2872 etiam
309 2836 463 2874 Moreti.
488 2838 639 2886 ingentes
669 2841 769 2878 alius.
797 2841 869 2880 vid.
894 2855 947 2880 xv.
976 2843 1085 2882 Trist.

42 2893 95 2923 xx.
108 2894 162 2931 ¹9·
174 2884 235 2923 ubi
254 2886 384 2924 eadem
398 2888 552 2926 varietas
563 2917 573 2933 ,
588 2891 624 2927 ὅ(
646 2904 698 2929 1v.
711 2892 818 2930 Trill.
829 2906 873 2931 11.
886 2906 942 2943 59.
957 2893 1085 2932 Euam.

89 2959 174 3006 223.
202 2950 325 2987 Prima
346 2952 602 3004 Therapnaeo.]
627 2955 671 2993 In
704 2968 792 2995 meo
822 2958 1082 3004 vettistiffim0‚

43 3003 163 3037 Prema
189 3014 243 3049 ego
271 3003 473 3050 Amyclaeo.
512 3005 735 3045 Claudianus
764 3007 810 3046 de
841 3009 1080 3059 Hyacinthe:

19 3100 23 3102 Π
42 3053 93 3087 Tu
113 3061 216 3088 natus
233 3055 404 3102 Amyclis.
431 3056 597 3106 Utraque
616 3057 729 3095 ieetio
749 3058 838 3097 dicit
853 3063 1082 3099 Laconicum

69 3111 215 3140 uerum:
246 3115 333 3141 nam
354 3102 535 3148 Ἀμύκλαι
557 3109 617 3142 καὶ
640 3111 819 3152 &spamus
842 3112 977 3162 oppida
1004 3113 1085 3151 sunt

78 3154 238 3191 aconica.
262 3154 337 3193 Adi
360 3156 669 3207 Cosmographos.
699 3160 822 3200 Nem.

92 3225 175 3259 224.
202 3220 247 3252 Et
266 3230 386 3255 manet
402 3221 540 3267 infolio
557 3223 687 3274 ftripta
709 3226 861 3275 querella
873 3228 975 3278 sum]
1022 3231 1084 3268 De

43 3261 269 3320 Hyacinthe
287 3267 408 3318 deque
443 3272 569 3311 litteris
596 3277 635 3314 in
664 3276 742 3327 ejus
778 3278 875 3319 foliis
909 3279 1084 3332 inscriptis

45 3312 122 3353 duu
140 3315 201 3354 hb.
221 3328 257 3356 x.
281 3317 531 3371 Metamorph.
552 3323 622 3363 ibi:

2058 1217 2206 1276 Mars

1293 1376 1348 1386 —-
1375 1377 1429 1386 -—
1458 1367 1502 1396 eff
1530 1373 1566 1395 ou
1593 1372 1629 1407 oq

1205 1409 1281 1446 Flos
1302 1408 1406 1447 habet
1425 1410 1640 1461 inscriptum.

1153 1465 1323 1506 CIOFAN.
1348 1467 1395 1504 ἈἸ
1414 1468 1451 1505 oli
1471 1469 1677 1518 lugentibus
1700 1477 1804 1519 aptae
1826 1468 2026 1519 syllabaein
2038 1470 2134 1509 foliis
2146 1471 2205 1508 in-

1152 1517 1325 1566 scriptae,
1353 1519 1403 1556 ob
1431 1519 1621 1558 interitum
1652 1521 1776 1559 amasii
1811 1522 2014 1570 Apollinis:
2044 1522 2117 1559 five
2137 1521 2206 1558 sint

1150 1568 1234 1607 illae
1257 1572 1320 1605 τοῦ
1340 1568 1497 1614 Aram-og
1512 1599 1522 1614 ‚
1548 1570 1573 1608 fi
1593 1583 1722 1610 verum
1745 1584 1789 1609 ex
1803 1572 2113 1622 Ajacissanguine
2126 1572 2206 1609 edi-

1150 1626 1230 1657 tum
1247 1647 1258 1664 ,
1285 1628 1325 1658 ut
1346 1621 1464 1660 scribit
1486 1622 1708 1660 Columella.
1752 1623 1842 1661 Inde
1862 1623 1908 1662 de
1927 1624 2000 1661 hoc
2024 1623 2114 1661 flore
2136 1623 2204 1661 du-

1150 1670 1234 1718 plex
1258 1671 1377 1710 fabula
1397 1672 1513 1711 Plinio
1533 1673 1593 1711 lib.
1617 1685 1695 1711 xxx.
1712 1686 1790 1724 cap.
1811 1686 1857 1712 11.
1898 1675 1973 1712 Hic
1995 1674 2061 1713 flos
2088 1675 2205 1712 Grae-

1151 1722 1201 1759 cis
1228 1722 1290 1765 ’ίρις
1318 1723 1355 1760 &
1376 1722 1477 1769 ξῖρις.
1508 1723 1667 1769 Ῥωμαῖοι
1688 1723 1728 1762 δὲ
1754 1753 1764 1770 ,
1798 1725 1919 1773 inquit
1945 1725 2205 1769 Dioscorides,

1151 1772 1350 1817 γλαδίσλον
1366 1776 1527 1812 καλοῦσι.
1545 1773 1723 1818 Ὑάκινθος
1733 1776 1947 1824 genericum
1967 1775 2111 1813 videtur
2129 1787 2205 1813 no-

1152 1834 1263 1867 men,
1292 1823 1354 1871 qui
1382 1824 1500 1873 plures
1523 1827 1808 1874 comprehendit
1836 1825 2026 1874 hyacinthi
2046 1827 2206 1875 species:

1150 1885 1196 1911 ex
1217 1875 1271 1912 his
1291 1875 1387 1912 forte
1416 1887 1488 1914 una
1520 1877 1713 1925 gladiolus.
1752 1878 1814 1916 hic
1842 1886 1986 1915 tantum
2011 1878 2073 1915 has
2100 1877 2206 1926 lugu-

1148 1924 1227 1962 bres
1246 1935 1351 1963 notas
1370 1927 1638 1975 repraesentat,
1670 1929 1707 1966 &
1729 1927 1808 1966 lilio
1839 1927 1985 1973 sunnis,
2015 1937 2055 1966 ut
2075 1928 2207 1966 descri-

1148 1974 1199 2013 bit
1220 1976 1353 2014 Noster
1371 1978 1407 2014 in
1431 1978 1740 2027 Metamorphofi.
1770 1978 1880 2016 Siculi
1898 1979 2026 2017 dicunt
2038 1978 2206 2027 spatulil-

1147 2025 1206 2071 la,
1237 2026 1388 2076 Hispani
1424 2027 1502 2066 lirio
1533 2041 1618 2067 curn
1654 2043 1684 2067 r.
1714 2041 1800 2067 nam
1831 2029 1947 2067 lilium
1978 2030 2044 2068 illis
2073 2030 2208 2068 dicitur

1147 2090 1310 2127 afufena.
1356 2078 1474 2116 Radix
1505 2080 1670 2129 capillata
1704 2080 1963 2118 est'arundinis
1991 2080 2041 2118 illi
2071 2080 2206 2118 fimilis.

1146 2129 1316 2166 Plurimis
1339 2129 1444 2167 rebus
1467 2129 1542 2168 usui
1564 2131 1633 2169 est:
1661 2143 1739 2169 non
1759 2132 1931 2181 ignorant
1956 2131 2207 2170 mulierculae.

1146 2180 1323 2218 Nestor.

1196 2250 1240 2275 22
1248 2253 1279 2287 ς.
1306 2239 1428 2278 cultos
1441 2268 1452 2286 ,
1467 2243 1616 2292 Narciffe
1629 2272 1638 2288 ‚
1645 2252 1703 2293 per
1721 2242 1871 2294 hortos.]
1894 2250 1958 2282 Per
1978 2257 2075 2293 agros
2093 2245 2200 2283 multi

1144 2298 1312 2379 {veterum
1344 2293 1382 2331 ὃ(
1415 2294 1598 2341 quaedam
1620 2295 1814 2335 editiones.
1837 2295 1898 2334 sed
1917 2297 2056 2335 frustra.
2087 2296 2147 2335 lib.
2165 2308 2202 2334 v,

1194 2352 1213 2378 θ
1234 2371 1242 2380 ·
1265 2354 1348 2392 535·

1195 2406 1314 2445 Cultis
1333 2408 1418 2446 dum
1427 2408 1577 2458 fimplex
1598 2420 1693 2447 errat
1710 2410 1749 2448 in
1766 2410 1887 2448 hortis.

1143 2454 1204 2495 ubi
1225 2458 1322 2496 vide.
1350 2473 1490 2497 carmen
1510 2461 1613 2498 habes
1630 2461 1755 2498 Petav.
1769 2462 1869 2500 alter.
1880 2460 2174 2499 numenPutean.

1193 2532 1279 2565 227.
1305 2522 1407 2570 Qid
1439 2534 1554 2558 crocon
1579 2550 1590 2567 ,
1628 2532 1694 2560 aut
1720 2523 1816 2560 Acin
1841 2523 2029 2572 referam]
2100 2523 2198 2563 Tres

1142 2569 1266 2609 varic.
1287 2572 1367 2609 Urs.
1390 2573 1426 2609 &
1449 2571 1534 2609 Stat.
1558 2573 1681 2610 Attin.
1719 2573 1890 2611 CrorAN.
1941 2574 2039 2611 Acin
2067 2574 2139 2612 cufi
2157 2577 2197 2613 &

1143 2621 1251 2658 MSS.
1278 2633 1431 2660 omnes:
1461 2631 1496 2661 at
1519 2634 1564 2660 ex
1584 2623 1772 2662 Vaticanis
1797 2625 1856 2661 alii
1879 2626 2112 2672 praeferunt,
2130 2635 2196 2662 aut

1141 2672 1268 2710 Attin.
1296 2672 1473 2711 NEAPOL.
1528 2674 1617 2712 Acis
1647 2685 1723 2713 non
1754 2676 1790 2712 in
1816 2675 1971 2720 florem,
1997 2675 2056 2713 sed
2087 2675 2125 2713 in
2159 2688 2199 2714 a·

1142 2733 1270 2761 mnem
1287 2751 1298 2768 ‚
1315 2731 1476 2762 mutatus
1497 2725 1592 2774 apud
1605 2729 1734 2774 poetas
1747 2753 1755 2768 ‚
1773 2725 1797 2763 fi
1816 2726 1904 2775 quid
1918 2727 2086 2764 memini.
2120 2732 2198 2764 At-

1143 2773 1201 2811 tin
1222 2774 1424 2823 Pomponii
1455 2775 1562 2814 Laeti
1591 2776 1709 2814 codex
1731 2777 1769 2814 &
1789 2789 1881 2814 unus
1902 2777 2095 2815 Med1ceus
2117 2789 2198 2815 rne-

1142 2824 1241 2863 lioris
1268 2834 1381 2864 notae
1409 2826 1595 2864 exhibent.
1640 2827 1741 2876 quod
1775 2827 1812 2866 &
1844 2829 1881 2865 in
1912 2827 1978 2866 suis
2004 2829 2197 2867 invenerat

1143 2875 1350 2914 Ciofanus..
1401 2876 1554 2915 Plurimi
1580 2889 1623 2915 ex
1647 2879 1803 2927 antiquis
1825 2907 1835 2922 ‚
1866 2878 2021 2923 Arnim,
2050 2880 2110 2917 vel
2137 2887 2196 2917 A·

1142 2935 1242 2974 tym,
1272 2926 1330 2964 vel
1348 2927 1477 2971 Astim.
1510 2927 1630 2965 Athin
1642 2928 1955 2967 Zulichemianus.
1982 2930 2195 2975 Vossianus,

1140 2981 1255 3025 Atyn.
1278 2979 1408 3025 Λέἶγη.
1433 2977 1554 3017 Urfini
1583 2979 1716 3017 codex.
1754 2980 1858 3030 Lege
1878 3008 1889 3025 ‚
1926 2987 2056 3028 Artyn.
2093 2982 2196 3025 cujus

1141 3039 1248 3064 cruor
1270 3028 1305 3064 in
1329 3029 1464 3066 violam
1486 3037 1671 3074 mutatus,
1701 3039 1739 3069 ut
1754 3042 1798 3068 ex
1820 3031 1978 3069 Arnobii
2001 3033 2050 3069 lib
2077 3044 2097 3067 v
2132 3045 2194 3078 ap-

1141 3087 1263 3125 paret,
1291 3080 1355 3128 qui
1368 3079 1491 3118 multis
1502 3081 1660 3118 fabulam
1673 3082 1767 3120 hanc
1781 3082 2015 3131 persequitur.
2045 3083 2192 3119 Heius.

1142 3129 1231 3217 ΒΖΜ.
1251 3141 1305 3168 1v.
1329 3129 1419 3170 Fast.
1439 3143 1523 3183 223.
1551 3132 1755 3182 cinaraque
1778 3133 1836 3172 vel
1854 3139 2065 3184 Cynaraque
2087 3133 2193 3171 multi

1158 3192 1203 3217 cri
1233 3187 1272 3218 tl.

1195 3192 1280 3269 2pz8.
1306 3233 1477 3282 sanguine
1486 3233 1640 3284 surgit]
1671 3233 1817 3273 Vulnere
1837 3236 1873 3272 in
1895 3233 2190 3275 nonnullis,non

1132 3282 1315 3329 sanguine.
1344 3285 1535 3323 Nasuam.
1573 3285 1646 3322 Sex
1659 3286 1783 3323 Vatic.
1803 3286 1841 3322 &
1865 3284 2010 3327 U·s1ni‚
2038 3283 2196 3318 vulnere.

1139 3332 1229 3372 alius
1249 3332 1373 3374 Vatic.
1402 3348 1553 3376 munere.
1575 3335 1750 3375 ClOFAN.
1799 3336 1920 3384 Legas
1942 3361 1955 3379 ,
1988 3332 2012 3369 fi
2035 3332 2111 3375 vis,
2137 3340 2195 3417 pe:

2141 3393 2175 3418 m
