2495 3675
258 221 372 289 αφ
750 209 1308 284 noviom

1382 208 1907 286 NASONOE

420 328 519 398 815
559 327 671 385 Res
697 330 885 401 placet.
927 329 1060 384 alter
1083 328 1179 382 init
1207 324 1475 381 nemorosi
1499 325 1616 379 saxa
1640 325 1834 380 Palati:

638 404 792 457 Alter
821 402 1153 456 Aventinum
1180 417 1334 454 mane
1361 415 1616 453 cacumen
1642 398 1769 453 adit.

562 476 668 532 Sex
693 475 899 531 Remus
915 514 928 537 ,
966 474 1052 528 hic
1076 473 1321 527 volucres
1345 471 1423 526 bis
1447 471 1538 526 sex
1563 471 1699 525 vidit
1726 471 1946 528 ordine:
1985 471 2140 544 pasto

634 550 839 605 Statur:
882 547 937 599 δε
962 545 1235 599 arbitrium
1264 544 1530 598 Romulus
1557 544 1697 599 urbis
1718 543 1899 601 habet.

562 624 707 695 Apta
736 622 850 675 dies
877 620 1101 689 legitur,
1139 620 1245 690 qua
1273 618 1484 672 moenia
1511 617 1682 688 signet
1707 630 1897 674 aratro,

419 693 524 750 820

637 698 790 750 Sacra
812 692 948 746 Palis
968 691 1240 746 suberant:
1284 689 1411 744 inde
1439 703 1687 744 movetur
1715 708 1864 773 opus,

567 767 718 825 Fossa
741 766 802 821 fit
825 765 892 819 ad
917 764 1170 819 solidum:
1212 763 1393 834 fruges
1414 763 1680 834 jaciuntur
1705 764 1760 818 in
1785 765 1890 818 lma
1906 800 1924 827 ‚

643 840 714 896 Et
740 838 810 893 de
833 838 1014 892 vicino
1042 851 1182 892 terra
1205 836 1372 908 petita
1394 836 1522 890 s010.

566 913 718 970 Foffa
743 911 978 983 repletur
1002 910 1198 973 hum0‚
1233 910 1526 981 plenaeque
1561 909 1856 979 imponitur
1883 927 1999 973 ara;

642 985 713 1041 Et
740 1001 911 1039 novus
935 983 1157 1038 accenso
1179 982 1418 1052 fungitur
1442 983 1566 1052 igne
1600 981 1769 1037 focus,

423 1061 520 1136 825
563 1059 694 1116 Inde
718 1073 966 1129 premens
991 1055 1174 1110 stivam
1203 1054 1440 1126 designat
1468 1054 1679 1109 moenia
1704 1053 1874 1109 sulco:

643 1131 776 1186 Alba
796 1129 986 1202 jugum
1012 1129 1172 1183 niveo
1196 1145 1320 1183 curn
1347 1127 1486 1182 bove
1512 1143 1671 1181 vacca
1699 1127 1834 1182 tulit.

327 1405 414 1453 815.
440 1400 546 1438 Alter
557 1396 623 1435 init
636 1392 798 1443 nemorosi
811 1392 902 1441 saxa
925 1390 1083 1442 Palati.]
1114 1390 1208 1428 Adit
1219 1388 1324 1429 Voff.

280 1459 318 1498 δ(
336 1457 395 1494 sex
413 1452 485 1492 alii.
510 1461 558 1487 ne
578 1449 629 1486 bis
649 1445 785 1484 eodem
806 1445 919 1481 verbo
940 1451 1072 1481 utatur.
1100 1442 1245 1480 Hfims.

329 1515 413 1553 816.
439 1517 617 1550 Cacumen
635 1506 750 1556 adit.]
800 1506 946 1543 Omnes
975 1505 1055 1543 libri
1074 1504 1215 1553 scripti,
1243 1503 1323 1542 init.

280 1568 454 1606 emma.

329 1633 416 1677 817.
444 1633 507 1665 Sex
529 1631 653 1663 Remus
671 1622 727 1660 hic
747 1621 924 1666 volucres,
951 1620 1002 1659 bis
1029 1620 1086 1666 sex
1115 1620 1215 1658 videt
1234 1619 1326 1657 ordi-

282 1699 344 1723 ne:
372 1681 468 1731 pasto
488 1674 650 1724 Statum]
699 1674 757 1711 Sic
777 1673 954 1721 distingue
994 1682 1036 1709 ac
1064 1672 1158 1720 lege.
1193 1682 1326 1720 quam-

281 1737 335 1773 vis
358 1734 396 1771 in
427 1737 600 1778 quattuor
631 1726 754 1762 Vatic.
789 1723 853 1768 sit,
872 1725 970 1770 faeta
992 1750 1002 1767 ‚
1042 1733 1120 1760 non
1156 1724 1264 1770 paeto.
1291 1722 1330 1759 in

281 1795 361 1824 uno
392 1789 536 1818 tantum
566 1776 690 1813 Vatic.
720 1774 847 1811 Fratris
885 1775 923 1810 &
956 1775 993 1811 in
1020 1784 1084 1810 ora
1116 1771 1203 1809 Stat.
1231 1773 1331 1821 paeto

280 1832 434 1884 repperi.
461 1830 633 1867 CxofAN.
659 1824 720 1862 Ab
740 1824 896 1873 antiquis
913 1835 1086 1873 germana
1106 1822 1218 1860 ’lectio
1236 1823 1333 1860 erui-

281 1894 361 1929 tur,
390 1880 515 1929 bissex
534 1877 633 1914 videt
647 1875 783 1912 ordine:
807 1876 905 1924 pab‘io
925 1874 1197 1913 mmmmm.
1225 1874 1333 1911 Haec

280 1947 366 1975 vera
387 1931 502 1971 ieetio
529 1958 539 1974 ‚
573 1925 749 1978 quicquid
777 1925 924 1964 turbant
951 1924 1126 1964 codicum
1146 1923 1327 1963 nonnulli.

283 1989 380 2027 Met.
401 1995 446 2021 11.
467 1981 555 2020 818.

338 2053 473 2084 Stemus
486 2073 497 2091 ‚
517 2044 570 2082 ait
583 2071 593 2090 ,
617 2044 715 2093 pae‘io
738 2040 839 2079 velox
860 2039 1040 2089 Cyllenius
1059 2038 1127 2085 isto.

286 2099 433 2137 Hnms.

336 2163 425 2211 819.
451 2165 549 2211 Apta
567 2158 638 2196 dies
659 2155 821 2207 legium]
850 2156 961 2193 Hanc
976 2157 1056 2205 jam
1077 2153 1198 2192 habes.
1225 2153 1334 2191 Hora

289 2214 356 2253 fuit
384 2212 462 2262 post
491 2209 689 2249 secundam
721 2216 805 2245 ante
834 2207 979 2244 tertiam
1009 2205 1157 2254 plenam
1181 2233 1192 2249 ‚
1219 2212 1260 2242 ut
1288 2215 1334 2241 ex

285 2263 326 2303 T
328 2264 491 2302 arruntio
516 2260 645 2309 insigni
677 2258 949 2296 Mathematico
976 2256 1094 2293 scribit
1122 2256 1237 2302 Julius
1265 2254 1334 2291 So-

288 2314 404 2358 linus;
435 2314 473 2350 &
505 2323 549 2349 ex
583 2309 717 2348 eodem
742 2308 922 2355 Excerpta
946 2307 1079 2344 Dionis
1100 2306 1208 2342 verba
1230 2305 1332 2342 sunt:

280 2363 376 2418 ⁰52&
408 2366 435 2403 αἳ
466 2360 606 2414 Teium,
631 2360 682 2399 ’ὅτε
701 2356 884 2410 Tanain&
896 2354 1029 2396 raba-bas
1050 2354 1171 2409 ἴςξαιτο
1191 2358 1331 2407 κτίζειν,

285 2418 359 2472 125&
378 2419 532 2470 Aldu-ri&
552 2419 611 2470 πςὸ
638 2413 773 2462 τότ-ης,
804 2416 842 2454 ὦς
864 2411 1055 2464 Τοιρῥέτιῷυ
1078 2413 1333 2461 ὅΜοιθ-ηματι-

289 2478 343 2517 ’ebs
362 2472 573 2521 κοιτεςῆφιξε·
615 2473 687 2511 Διὸς
718 2467 772 2520 [ἃᾶ
791 2466 913 2518 ἰχθύσι
927 2498 937 2518 ,
969 2468 1069 2520 Κρόνε
1089 2466 1107 2517 '9³
1131 2468 1189 2514 »(ςῆ
1209 2467 1334 2518 Ἀφξο-

290 2529 399 2578 δι’της,
421 2526 618 2582 ις’ᾋρεῷη
648 2527 705 2573 ³49⁴}
726 2526 832 2576 Ἐςμὲ
851 2523 1011 2575 οκοςπίῳ,
1026 2523 1098 2563 ἦλιέ
1117 2539 1151 2559 τε
1178 2521 1286 2570 ταύρῳ
1303 2523 1335 2571 '‘:i

291 2582 427 2626 σελᾶάης
446 2582 545 2636 ζόγῳ.
577 2582 706 2618 Annus
726 2579 793 2615 suit
811 2577 987 2615 secundus
1009 2575 1245 2625 Olympiadis
1265 2585 1336 2611 vix.

287 2639 317 2676 si
337 2637 565 2676 Eratostheni
588 2633 782 2673 credimus.
807 2633 985 2670 Nsmos.
1011 2633 1112 2679 Quae
1123 2629 1263 2669 maenia
1274 2630 1337 2677 Ju-

292 2689 391 2726 nian.
409 2691 445 2726 &
464 2688 522 2725 sex
545 2687 618 2724 alii.

345 2752 429 2789 820.
457 2759 561 2789 Sacra
586 2751 678 2789 Palis
702 2745 908 2798 suberant.]
956 2745 1062 2783 Haec
1090 2744 1139 2782 est
1171 2754 1338 2793 quorun-

293 2803 378 2840 dam
401 2803 521 2840 Vatic.
538 2802 662 2839 leffio.
692 2801 733 2838 ln
751 2799 809 2837 lib.
831 2798 956 2842 Statii,
984 2795 1097 2834 fratris
1121 2795 1158 2832 δε
1191 2792 1336 2837 Ursini,

295 2853 416 2896 Pales,
446 2864 522 2889 non
544 2852 651 2889 Palis.
677 2850 838 2899 superior
866 2848 978 2896 magis
997 2843 1194 2896 probanda.
1222 2843 1336 2882 Ctor.

299 2902 427 2940 Albius
453 2901 620 2940 Tibullus
635 2902 696 2940 lib.
717 2914 760 2938 11.
782 2897 909 2948 Elegia
929 2910 964 2935 v.

343 2970 508 3007 Romulus
530 2979 687 3006 aeternae
707 2968 861 3005 nondum
874 2968 1100 3013 formaverat
1118 2963 1211 3002 urbis

401 3020 538 3055 Moenia
553 3048 562 3063 ,
592 3019 732 3065 consorti
754 3031 821 3054 non
841 3017 1035 3053 habitanda
1059 3023 1185 3053 Remo.-

349 3070 412 3108 Sed
431 3081 506 3105 tum
524 3068 705 3116 pascebant
726 3067 861 3113 herbosa
878 3067 1012 3114 palatia
1034 3079 1184 3110 vaccae;

399 3125 448 3156 Et
462 3119 604 3165 stabant
623 3116 770 3153 humiles
791 3117 828 3151 in
852 3116 958 3160 Jovis
978 3129 1052 3152 arce
1069 3117 1177 3164 casae.

350 3174 453 3210 Laffle
477 3169 617 3205 madens
637 3166 710 3203 illic
723 3165 864 3213 suberat
890 3171 969 3201 Pan
988 3165 1074 3202 ilicis
1097 3165 1258 3211 umbram

404 3222 556 3268 Etsao‘ia
577 3218 693 3267 agresti
713 3217 822 3265 lignea
833 3216 926 3263 falce
948 3216 1057 3254 Pales.

304 3290 413 3339 Legit
441 3287 622 3324 Onufrius
649 3283 843 3322 Panvinius
867 3310 877 3327 ‚
924 3288 1026 3319 Sacra
1059 3283 1155 3320 Pales
1182 3284 1342 3321 aderant.

303 3344 413 3391 Quae
431 3337 545 3378 lectio
574 3336 598 3374 si
631 3333 817 3375 emendati
844 3334 883 3372 ὃς
914 3334 1053 3383 antiqui
1074 3334 1210 3373 codicis
1231 3333 1340 3381 effer,

2298 1253 2428 1314 Vox

1380 1400 1518 1439 magno
1547 1400 1608 1428 me
1636 1389 1804 1440 scrupulo
1822 1389 1988 1428 liberaret
2008 1404 2020 1434 ;
2055 1401 2169 1440 quern
2188 1390 2292 1430 silere
2313 1392 2429 1432 adde-

1381 1448 1452 1479 cet.
1478 1441 1654 1480 NEAPOL.
1699 1442 1747 1480 Et
1767 1440 1939 1480 Heinfius
1955 1449 2146 1481 notaverat
2161 1442 2196 1480 se
2215 1444 2253 1481 in
2270 1442 2329 1482 sua
2351 1444 2428 1483 edi-

1381 1492 1486 1529 tione
1515 1492 1667 1530 Onufrii
1696 1493 1842 1542 legere,
1874 1497 1978 1529 Sacra
2009 1491 2108 1529 Pales
2135 1493 2259 1531 aderat
2281 1522 2293 1539 ‚
2327 1496 2428 1534 ut&

1378 1542 1498 1590 scripti
1534 1543 1572 1580 &
1609 1542 1697 1580 editi
1737 1543 1844 1581 multi
1871 1542 2018 1581 habent.
2059 1543 2097 1580 in
2137 1544 2429 1584 sanciandreana

1382 1592 1570 1649 Fastorum
1597 1594 1749 1632 Onufrii
1767 1594 1933 1632 editione
1970 1593 2018 1632 A.
2041 1593 2150 1642 1588.
2176 1606 2257 1644 pag.
2275 1607 2335 1646 23.
2368 1602 2433 1643 suff

1385 1656 1445 1681 cra
1468 1643 1563 1681 Palis
1577 1643 1746 1692 suberant
1767 1646 1855 1683 vidi.
1883 1645 2018 1682 Euam.

1443 1707 1527 1746 821.
1554 1707 1647 1757 Fossa
1663 1707 1710 1756 fit
1730 1708 1777 1744 ad
1789 1706 1983 1756 fluidum]
2023 1708 2087 1744 Ad
2098 1708 2245 1756 pilitum
2266 1709 2303 1746 in
2324 1709 2438 1758 pluri-³

1389 1762 1457 1799 mis
1475 1766 1667 1802 veterum;
1697 1758 1757 1796 sed
1780 1757 1916 1796 frustra.
1938 1757 2123 1807 vulgatam
2146 1758 2355 1808 scripturam
2375 1761 2437 1799 illa

1389 1811 1528 1850 Valerii
1549 1810 1708 1847 Maximi
1728 1809 1788 1847 lib.
1813 1821 1860 1847 11.
1879 1821 1959 1857 cap.
1978 1821 2012 1854 4.
2038 1809 2183 1847 abunde
2201 1818 2374 1848 tuentur:
2402 1817 2438 1848 Is

1387 1863 1479 1913 quod
1498 1874 1531 1898 eo
1550 1860 1614 1897 loci
1631 1859 1768 1898 nullam
1787 1873 1892 1898 aram
1903 1859 2044 1897 viderat
2058 1887 2069 1905 ,
2096 1858 2280 1909 defiderari
2300 1861 2439 1899 credens

1387 1923 1428 1951 ut
1448 1926 1471 1950 a
1484 1912 1522 1962 se
1543 1910 1788 1958 construeretur
1808 1938 1818 1954 ,
1856 1923 1960 1947 aram
1987 1920 2144 1948 emturus
2161 1912 2200 1949 in
2218 1911 2341 1949 Urbem
2359 1921 2437 1962 per-

1388 1964 1480 2002 rexit
1501 1991 1511 2008 ,
1552 1962 1676 2000 reliezis
1708 1962 1769 2012 qui
1781 1962 2100 2008 fundamentorum
2121 1962 2433 2011 constituendorum

1385 2015 1503 2065 gratia
1522 2023 1653 2051 terram
1672 2014 1721 2049 ad
1742 2013 1895 2062 solidum
1914 2012 2089 2058 foderent.
2131 2013 2341 2052 Columella
2372 2014 2436 2053 lib.

1391 2078 1449 2105 1v.
1477 2077 1555 2114 cap.
1573 2076 1633 2114 30.
1661 2063 1837 2100 Amerina
1849 2063 1949 2113 salix
1987 2063 2129 2101 racilem
2149 2064 2290 2113 virgam
2311 2075 2356 2105 ο·
2372 2077 2433 2101 ru-

1388 2116 1495 2154 tilam
1510 2117 1611 2165 gerit.
1630 2124 1736 2164 atque
1751 2114 1817 2152 hae
1843 2114 1901 2151 vel
1919 2127 1934 2151 c
1979 2113 2155 2152 uminibus
2172 2114 2233 2151 vel
2248 2113 2349 2150 taleis
2375 2113 2436 2150 de-

1382 2176 1564 2219 ponuntur
1593 2179 1733 2214 eousque
1752 2193 1763 2208 ,
1814 2164 1899 2202 dum
1926 2164 1976 2201 ad
2000 2164 2150 2212 [olidum
2188 2162 2436 2203 demittantur.

1390 2219 1487 2268 apud
1506 2217 1706 2255 Maronem
1732 2215 1906 2264 Georgic.
1926 2227 1972 2252 11.
1994 2226 2082 2263 230.

1441 2287 1541 2320 Ante
1559 2280 1672 2317 locum
1692 2277 1797 2326 capies
1819 2275 1943 2319 oculis,
1970 2275 2107 2326 alteque
2123 2275 2256 2325 jubebis

1444 2339 1486 2370 In
1497 2331 1607 2381 solido
1624 2339 1768 2379 puteum
1788 2325 1950 2371 demitti,
1977 2339 2180 2378 omnemque
2199 2336 2332 2377 repones

1441 2383 1570 2432 Rursus
1598 2381 1747 2418 humum
1769 2406 1780 2424 ‚
1828 2388 1872 2419 (φ
1906 2376 2045 2427 pedibus
2071 2378 2236 2426 summas
2271 2377 2435 2430 aequabis

1568 2445 1704 2470 arenas.

1389 2510 1459 2537 nec
1487 2498 1663 2538 abludunt
1692 2498 1749 2536 illa
1778 2497 1943 2548 ejusdem
1974 2498 2141 2536 Maronis
2174 2496 2264 2536 ibid.
2289 2497 2344 2541 Jl‘s.
2375 2500 2436 2546 794

1391 2549 1557 2587 finditur
1573 2548 1764 2598 insolidum
1777 2548 1888 2586 cuneis
1906 2548 1982 2586 via.
2001 2548 2050 2584 ad
2062 2547 2216 2597 solidum
2236 2549 2344 2596 igitur
2356 2575 2367 2593 ,
2379 2547 2436 2586 ad

1390 2600 1545 2640 solidam
1565 2609 1710 2639 terram.
1749 2600 1807 2637 Sic
1834 2609 1926 2636 terra
1950 2598 2063 2647 solida
2092 2598 2215 2637 Siculo
2238 2599 2368 2636 Flacco
2386 2597 2433 2634 de

1393 2650 1609 2690 conditione
1632 2662 1803 2699 agrorum
1824 2662 1832 2687 :
1871 2655 1965 2687 Cum
1994 2650 2086 2687 enim
2106 2648 2267 2687 terminos
2286 2646 2435 2696 dispone·

1393 2712 1493 2744 rent,
1520 2701 1603 2750 ipfhs
1623 2701 1763 2749 quidem
1784 2699 1910 2750 lapides
1931 2699 1970 2736 in
1984 2698 2136 2748 solidam
2164 2707 2295 2734 terram
2326 2697 2438 2735 conlo-

1394 2751 1522 2788 cabant
1538 2778 1549 2795 ,
1568 2751 1725 2798 proxime
1741 2764 1781 2787 ea
1801 2751 1871 2787 loca
1884 2777 1896 2796 ,
1923 2749 2045 2800 quibus
2064 2744 2150 2794 fhffls
2159 2747 2267 2795 fabiis
2286 2747 2436 2797 defixurt‘

1393 2815 1443 2839 eos
1473 2811 1572 2838 erant
1593 2829 1603 2846 ,
1635 2800 1868 2852 sacrificioque
1894 2801 1990 2847 sablo
2008 2826 2019 2842 ,
2065 2807 2146 2833 tura
2186 2810 2228 2837 ey
2248 2800 2366 2847 fruges
2399 2812 2434 2836 eo

1391 2851 1587 2901 jac‘labant.
1606 2852 1660 2889 Ex
1673 2864 1750 2900 quo
1770 2852 1856 2889 loco
1878 2858 2023 2898 apparet
2036 2849 2146 2885 etiam
2168 2849 2286 2897 fruges
2305 2850 2342 2886 iu
2362 2848 2435 2887 fos-

1393 2903 1466 2940 sam
1492 2903 1642 2952 jaetatas
1659 2900 1729 2939 effe
1751 2901 1839 2939 dum
1860 2898 2007 2936 termini
2028 2897 2310 2944 dedicabantur,
2332 2899 2435 2949 quod

1394 2952 1528 2991 Noster
1547 2954 1606 2989 hic
1628 2952 1824 2999 auspicium
1842 2948 2058 2986 condendae
2078 2949 2232 2988 civitatis
2249 2950 2347 2988 facit.
2375 2961 2436 2987 ae·
2494 2967 2495 2975 ¹

1393 3015 1466 3051 que
1495 3004 1544 3040 ita
1575 3000 1792 3049 capiendum
1826 2998 1913 3036 illud
1933 2999 2056 3036 Nostri
2083 2998 2176 3038 libro
2199 3013 2243 3038 11.
2272 3001 2356 3047 648.
2390 2999 2436 3038 de

1392 3051 1666 3091 Terminalibus
1681 3079 1691 3094 ,
1720 3056 1760 3087 In
1776 3049 1887 3099 solida
1909 3062 2022 3087 ramos
2048 3048 2147 3098 figere
2159 3060 2295 3101 pugnat
2315 3051 2432 3090 humo.

1392 3104 1534 3141 Hmus.
1561 3101 1648 3138 infr.
1666 3101 1728 3138 lib.
1750 3113 1803 3137 vx.
1822 3113 1909 3148 404.

1445 3173 1550 3204 Nunc
1558 3165 1670 3213 solida
1688 3164 1730 3212 est
1751 3165 1851 3202 tellus
1864 3194 1873 3210 ,
1888 3165 1950 3216 sed
1961 3164 2055 3203 lacus
2073 3176 2156 3204 ante
2167 3167 2256 3215 fuit.

1386 3234 1504 3281 fruges
1515 3231 1699 3281 jaciuntur
1720 3232 1759 3269 in
1779 3231 1890 3271 imam
1910 3232 2048 3273 Mazar.
2073 3232 2111 3271 in
2129 3233 2193 3272 illa
2212 3234 2364 3273 Putean.
2385 3231 2434 3270 al-

1397 3293 1461 3323 ter.
1482 3282 1518 3322 in
1535 3282 1604 3322 imo
1625 3282 1730 3321 Bern.

2250 3385 2334 3424 822.
2360 3387 2439 3432 Terg
2490 3362 2493 3454 ξ
