2495 3675
335 150 898 210 EPISTOLARUM
932 151 1040 209 EX
1078 148 1363 208 PONTO.
1402 148 1523 204 Lm.
1562 147 1620 206 II.
1661 141 1841 210 Ems‘r.
1883 154 1975 215 VI.

2136 157 2234 226 781

409 248 566 321 Quos
589 247 734 318 prior
760 244 835 299 est
862 246 1077 305 mirata,
1115 242 1338 313 sequens
1363 235 1639 293 mirabitur
1666 256 1830 298 aetas:

483 321 540 376 In
568 336 799 392 quorum
824 317 1028 388 plausus
1057 319 1169 367 t'ota
1194 313 1395 367 theatra
1423 310 1625 366 sonant.

400 392 493 448 Tu
521 409 772 465 quoque,
795 406 917 471 ’per
945 389 1140 441 durum
1173 385 1379 439 servato
1405 398 1614 453 tempus
1641 386 1847 452 amic0‚

260 482 329 528 30

478 466 687 536 Dignus
715 481 770 517 es
793 478 847 515 1n
872 459 1027 514 tantis
1052 474 1249 511 nomen
1278 457 1468 510 habere
1496 457 1633 510 viris.

403 539 615 609 Dignus
640 553 720 590 es:
762 534 817 587 δε
841 531 1095 602 quoniam
1126 528 1333 582 laudem
1360 530 1557 599 pietate
1585 533 1836 596 merem,

476 612 603 664 Non
631 608 731 662 erit
756 601 924 659 officii
955 602 1122 674 gratia
1145 601 1298 654 surda
1324 602 1416 653 tui.

399 682 582 737 Crede
607 679 765 742 mihi,
804 676 1064 747 (nostrum
1091 674 1126 726 fi
1155 690 1265 726 non
1290 673 1512 726 mortale
1539 673 1779 729 futurum

469 756 737 820 Carmen)
775 754 830 804 in
858 766 952 802 ore
977 747 1224 818 frequens
1249 744 1565 815 posteritatis
1589 746 1706 799 eris,

253 845 319 896 35
392 827 499 882 Fac
530 825 699 882 modo
723 837 1026 893 permaneas
1051 817 1217 888 lapso,
1257 815 1552 879 Graecine,
1589 816 1790 880 fidelis3

469 900 643 953 Duret
670 896 724 948 &
750 895 801 946 in
827 893 1008 962 longas
1036 897 1265 961 impetus
1300 889 1392 942 isse
1418 906 1608 943 moras,

396 973 551 1045 Quae
567 983 636 1022 „tu
659 983 782 1020 cum
809 962 1061 1035 praestes,
1102 978 1254 1015 remo
1280 974 1454 1014 tamen
1482 974 1606 1015 utor
1631 963 1685 1017 in
1710 964 1851 1019 aurit³

466 1043 556 1098 Nil
582 1053 741 1097 nocet
759 1035 976 1092 admissb
1001 1034 1227 1091 subdere
1256 1035 1427 1089 calcar
1453 1051 1611 1107 equo,

155 1318 215 1357 32.
240 1307 370 1346 Gratia
393 1306 545 1358 surda.]
575 1312 684 1345 Muta
723 1304 941 1345 Thuaneus.
970 1311 1010 1343 ut
1040 1302 1144 1354 Elegss

101 1358 174 1407 seq.
198 1362 248 1398 vl.
271 1369 328 1408 52.
354 1360 412 1398 sed
438 1360 555 1407 gratia
578 1359 692 1408 surda
721 1369 788 1407 pro
815 1368 915 1394 vana
945 1357 1057 1395 etiam
1079 1367 1144 1394 co-

104 1409 201 1447 dices
216 1438 226 1455 ,
254 1410 353 1459 Eleg.
368 1423 421 1449 xt.
445 1410 478 1448 8.

157 1468 218 1509 35.
246 1459 588 1509 Lapfh‚Graecine.]
617 1458 818 1503 Meliores,
848 1456 936 1506 lasso.
964 1457 1111 1495 Herus.

157 1521 218 1559 37.
246 1513 346 1560 §Luae
375 1522 415 1549 tu
435 1525 513 1549 cum
537 1511 703 1560 praestes,
731 1522 822 1546 remo
851 1518 970 1546 tamen
993 1518 1076 1544 utar
1098 1516 1142 1548 ω’

102 1560 234 1610 'aura.]
285 1564 399 1610 Qem
426 1572 468 1599 tu
498 1561 672 1605 Combii,
700 1562 738 1598 ὅ(
758 1560 923 1608 quinque
945 1559 1015 1596 alii.
1043 1567 1140 1603 tres,

100 1613 219 1659 Qod.
240 1612 337 1657 duo,
368 1615 502 1661 Qam.
529 1611 675 1656 Scribe,
702 1613 818 1659 {Quem
839 1619 872 1646 te
891 1622 969 1646 cum
987 1609 1140 1657 praestes.

97 1663 175 1701 hoc
196 1664 242 1700 est
263 1662 408 1701 fidelem
431 1691 442 1707 ,
480 1662 583 1711 quod
605 1658 850 1711 praecesserat.
878 1659 1012 1697 deinde
1032 1659 1136 1696 multi

100 1722 242 1751 veteres
257 1741 268 1758 ,
293 1723 371 1751 utor
392 1713 431 1750 in
447 1726 577 1756 auras,
606 1712 665 1749 vel
686 1721 780 1748 utar.
809 1709 1078 1759 Sarrav.-Polit.
1099 1709 1139 1747 &

100 1762 177 1802 duo
198 1765 280 1809 alii,
307 1774 384 1801 utor
402 1765 439 1800 in
460 1775 561 1800 aura.
589 1761 692 1811 quod
712 1772 842 1798 verum
866 1759 926 1798 est.
949 1760 1093 1798 Hzms.

155 1814 216 1862 38.
245 1814 400 1864 Admiffo
412 1813 557 1861 subdere
577 1812 690 1849 calcar
713 1810 833 1861 equa]
881 1809 1031 1847 Alterno
1053 1823 1135 1858 equo

99 1864 253 1913 Argent.
274 1874 314 1903 ut
334 1865 378 1903 de
399 1866 502 1914 equis
519 1862 822 1910 desultoriisagat.
848 1860 1133 1909 PropertiiVer-

99 1923 250 1953 tumnus
269 1915 328 1954 lib.
352 1929 407 1955 ιν.

145 1976 205 2025 Est
222 1977 328 2013 etiam
346 1978 484 2026 aurigae
493 1975 614 2025 species
638 1981 847 2012 Vertumnus
859 1999 870 2017 ‚
897 1980 940 2011 ω’
959 1970 1031 2020 ejus

199 2028 343 2076 Trasicit
362 2028 494 2065 alterno
513 2027 573 2076 qui
590 2025 664 2063 leve
679 2024 810 2074 pondus
829 2035 926 2071 equo.

94 2088 225 2137 quibus
249 2089 403 2128 verfibus
435 2089 599 2127 Homeri
624 2088 685 2127 illa
711 2087 758 2125 de
789 2083 970 2124 desultore
999 2082 1134 2123 Iliados

95 2139 135 2176 O
161 2140 304 2177 videtur
327 2138 539 2189 respexiss'e:

145 2208 313 2252 Θρῶσκων
330 2204 468 2252 ἄλλοτ’
485 2206 546 2244 ἐπ’
561 2206 677 2244 ἄλλον
695 2203 896 2250 ἀμείβεται.

95 2272 292 2312 Manilius:

143 2349 216 2381 Nec
236 2355 304 2379 mm
320 2341 453 2379 alterno
475 2339 624 2388 desultor
647 2337 760 2377 ludere
782 2335 876 2383 dorfh

127 2393 418 2443 -Qadrupedum
441 2419 452 2437 ‚
493 2401 538 2431 (9⁶
560 2389 701 2437 stabiles
726 2387 851 2437 poterit
874 2382 1011 2434 defigere
1031 2383 1133 2435 plan·

145 2501 210 2533 Per
231 2454 448 2543 qtioass'vadit
467 2504 576 2543 equos.

93 2562 275 2601 Lucifero
296 2560 452 2598 alternus
473 2571 588 2609 equus
611 2557 774 2596 dabatur.
802 2554 1037 2594 Caffiodorus
1052 2569 1070 2610 z⁴
1089 2558 1136 2591 E-

93 2613 156 2663 qui
178 2609 422 2662 delatrandi,
446 2618 504 2660 per
524 2623 606 2661 quos
625 2607 837 2660 Circenfium
853 2607 1004 2660 ministri
1022 2606 1138 2658 miffus

265 3340 360 3374 Tam.
387 3340 454 3383 ΠῙΞ

2118 1164 2245 1223 Em-

1198 1301 1413 1342 denunciant
1433 1301 1585 1340 exituros
1599 1331 1610 1347 ‚
1639 1299 1789 1348 Luciferi
1809 1302 2060 1354 praecnrfhrias
2082 1304 2246 1355 velutin}

1175 1365 1179 1368 '
1198 1367 1247 1394 tes
1264 1354 1466 1392 imitantur.
1496 1354 1626 1392 Statius
1648 1353 1772 1391 Theb.
1793 1366 1846 1392 V1.

1252 1413 1394 1462 Roscida
1406 1414 1486 1462 jam
1509 1415 1625 1450 novies
1649 1412 1730 1450 coelo
1752 1412 1932 1461 dimiserat
1951 1416 2044 1455 aslra

1249 1465 1385 1511 Lucifer
1400 1492 1411 1510 ‚
1430 1476 1473 1504 <9⁸
1493 1465 1636 1502 totidem
1652 1470 1771 1500 Lunae
1785 1474 2013 1514 praevenerat
2023 1466 2114 1514 ignes
2121 1470 2137 1513 ,Ἰ

1250 1523 1397 1554 Mutato
1419 1518 1606 1552 noblurnus
1624 1528 1718 1565 equo.
1748 1528 1806 1551 nec
1827 1516 1955 1565 conscia
1968 1517 2071 1562 fallit

1250 1567 1370 1604 sidera
1382 1593 1391 1609 ‚
1403 1576 1446 1605 ω’
1464 1566 1597 1603 alterno
1616 1565 1838 1615 deprenditur
1858 1579 1948 1604 unus
1968 1567 2005 1604 in
2023 1577 2115 1605 ortu.

1195 1647 1305 1732 feam
1335 1656 1403 1702 pro
1437 1644 1614 1684 Lucifero
1653 1643 1800 1683 videtur
1833 1643 1987 1693 posuisse
2017 1643 2174 1685 Rutilius
2200 1645 2242 1689 iu

1216 1702 1387 1733 tlnel‘al'lO
1404 1705 1414 1733 3

1243 1756 1336 1792 Cum
1354 1754 1510 1803 primum
1531 1753 1617 1803 rofi-o
1629 1752 1733 1803 fulsit
1755 1758 1844 1791 Eous
1862 1767 1958 1804 equo.

1190 1815 1295 1867 quod
1315 1817 1352 1853 &
1367 1813 1486 1854 Cinna
1508 1816 1643 1853 fecerat
1660 1816 1738 1864 jam
1758 1824 1870 1855 ante:

1242 1883 1288 1916 Te
1316 1881 1516 1917 matutinus
1543 1879 1683 1929 flentem
1700 1880 1873 1929 conspexit
1891 1884 2005 1925 Eous;

1240 1933 1287 1965 Et
1309 1930 1448 1977 flentem
1476 1931 1592 1979 paullo
1623 1930 1718 1967 vidit
1743 1930 1812 1979 post
1838 1931 2002 1981 Hesperus
2020 1929 2127 1970 idem:

1189 1991 1240 2030 fic
1263 1994 1440 2032 Lucifero
1461 1995 1498 2032 ὃ(
1513 1994 1680 2041 Hespero
1705 2001 1849 2032 tantum
1874 1997 2003 2034 unicus
2024 1996 2231 2044 equus,sed

1190 2042 1413 2082 desultorius.
1452 2044 1500 2081 fic
1526 2044 1806 2092 intelligendum
1835 2045 1924 2084 illud
1947 2046 2070 2085 Nostri
2108 2048 2231 2095 Amo:

1189 2104 1272 2131 rum
1298 2095 1389 2132 libro
1409 2106 1456 2132 11.
1478 2094 1580 2143 Eleg.
1600 2106 1646 2131 11.

1241 2157 1379 2202 *Lucifer
1399 2156 1540 2204 admisfh
1559 2166 1708 2206 tempora
1726 2164 1836 2205 portet
1852 2170 1947 2208 equo.

1189 2218 1230 2274 ὃς
1253 2218 1340 2257 illud
1361 2217 1548 2256 Fastorum
1568 2231 1578 2256 z

1240 2286 1400 2334 Hesperus
1418 2285 1566 2333 &fufio
1587 2288 1736 2334 roscidus
1761 2287 1837 2326 ibat
1856 2302 1952 2341 equo.

1187 2351 1336 2392 Herus.
1414 2352 1487 2391 Sed
1522 2355 1664 2405 admisso
1699 2354 1761 2393 hic
1792 2356 1949 2395 minime
1985 2356 2231 2401 mutandum}

1188 2411 1230 2442 ut
1264 2406 1365 2442 enim
1404 2413 1520 2442 vento
1560 2406 1693 2443 ferenti
1737 2405 1906 2444 addimus
1952 2419 2097 2445 remum
2121 2435 2132 2452 ,
2179 2408 2229 2445 sie

1189 2454 1241 2492 nil
1270 2462 1383 2492 nocet
1410 2464 1616 2494 currentem
1649 2457 1687 2493 &
1716 2454 1908 2494 admissum
1941 2469 2079 2506 equum
2111 2457 2230 2496 calca-

1190 2506 1287 2543 ribus
1307 2505 1500 2543 stimulare.
1527 2518 1597 2543 nec
1623 2505 1821 2543 desultores
1849 2508 1998 2545 calcaria
2025 2506 2230 2552 addebant,

1190 2555 1250 2593 sed
1270 2555 1376 2593 nudis
1393 2558 1494 2604 equis
1526 2556 1723 2597 insistentes
1750 2568 1814 2607 per
1833 2564 1934 2608 terga
1964 2557 2139 2600 ludebant
2157 2569 2229 2608 vo:

1191 2606 1361 2659 lamium
1384 2606 1516 2647 Buttm-

1463 3335 1632 3388 Ggggs
2076 3334 2112 3383 3:
2136 3331 2236 3382 9:⁵⁸0}
