2495 3675
3 3297 11 3427 -‘⁴-·.
3 3130 10 3291 *m*=.-.
2 3114 4 3121 <
2 3091 9 3104 T.

604 155 610 165 2
664 123 1295 190 TRI55T1U—M
1365 125 1700 187 L'1n.-11.

2124 139 2238 229 ’535ι

353 234 470 292 Nec
502 242 792 288 contentus
821 235 883 287 eft
901 271 915 295 ,
944 231 1149 287 multos
1176 228 1412 300 vulgavit
1440 247 1677 296 amore3‚

215 326 319 380 430

426 307 484 362 In
512 306 702 378 quibus
727 306 835 378 ipse
862 307 1013 361 suurn
1039 303 1190 360 fassus
1211 302 1533 359 adulterium
1560 301 1650 358 est.

353 379 454 435 Par
479 381 579 443 fuit
604 381 786 452 exigui
811 379 1095 449 similisque
1119 376 1333 432 licentia
1358 376 1540 444 Calvi,

435 454 657 509 Detexit
683 452 836 506 variis
859 452 951 524 qui
978 451 1063 504 sua
1088 450 1229 504 furta
1256 450 1447 505 modis

358 527 508 602 Quid
537 527 762 581 referam
791 523 1050 587 Ticidae,
1088 522 1216 594 quid
1246 521 1482 578 Memmi
1513 540 1753 588 carmen,
1798 525 1937 598 apud
1964 544 2096 599 quos

433 600 617 655 Rebus
642 597 782 652 abest
807 613 1007 650 nomen
1027 635 1041 658 ,
1070 595 1489 668 nominibusque
1521 597 1729 668 pudor?

213 692 312 744 435
352 674 524 729 Cinna
551 687 770 744 quoque
793 668 873 723 his
899 686 1080 723 comes
1108 668 1210 731 est,
1244 668 1530 742 Cinnaque
1557 673 1834 742 procacior
1859 671 2058 727 Anser:

433 746 504 801 Et
532 746 651 799 leve
679 741 975 809 Cornifiei,
1011 759 1212 814 parque
1237 741 1458 797 Catonis
1487 761 1634 814 opus

113 964 188 996 Una
209 957 279 996 dies
298 957 396 995 dabit
414 956 538 994 exitia:
562 955 760 1003 multosque
782 963 840 1004 per
862 966 971 993 annos

81 1043 99 1059 ⁴,
112 1009 309 1056 Sustentata
333 1019 405 1046 ruet
425 1006 528 1044 moles
543 1034 553 1052 ,
579 1017 622 1047 (9·
641 1005 808 1044 machina
825 1006 964 1045 mundi.

64 1074 113 1114 Et
134 1074 293 1112 Ovidius
313 1075 350 1111 in
373 1072 532 1122 Epistola
550 1071 596 1110 ad
610 1071 760 1110 Liviam
781 1098 793 1115 ‚
821 1070 866 1109 de
883 1068 1117 1109 morteDru·

67 1125 118 1170 fi,
144 1126 193 1163 ita
212 1126 352 1174 inquit:

73 1202 76 1203 γ
115 1180 198 1214 Ecce
217 1189 328 1212 necem
351 1175 526 1213 intentam
549 1174 633 1212 coelo
648 1201 659 1219 ‚
687 1184 863 1225 terraeque
878 1202 888 1220 ‚
893 1174 1065 1223 fretoque,

167 1228 340 1276 Cafhrum
362 1226 487 1276 triplex
510 1225 732 1264 vaticinatur
750 1234 840 1276 opus.

67 1291 281 1342 Quomodo
303 1299 428 1330 autem
450 1292 570 1330 causas
590 1291 681 1340 ignis
703 1291 898 1329 Lucretius
918 1289 1115 1333 describat,

66 1344 226 1383 diximus
247 1343 361 1391 supra.
389 1343 432 1380 ln
452 1345 681 1381 enarratione
694 1342 801 1390 hujus
821 1341 942 1379 versus
962 1341 1113 1391 quidam

52 1393 232 1434 delirant.
261 1395 453 1432 MERULA.
498 1395 575 1431 Hic
603 1394 706 1431 locus
728 1393 891 1430 bifariam
926 1393 1039 1440 accipi
1060 1393 1116 1429 vi·

68 1445 174 1484 detur
197 1444 310 1494 posse.
357 1445 430 1483 Vel
460 1454 499 1482 ut
518 1444 729 1493 simpliciter
748 1444 872 1492 ignem
895 1443 1116 1491 accipiamus

65 1497 294 1536 materialem
307 1524 317 1540 ,
334 1497 371 1533 ὅ(
391 1509 469 1546 quo
491 1495 658 1545 quotidie
676 1495 816 1532 utimur
829 1493 911 1538 ,vel
931 1501 972 1531 ut
990 1493 1034 1531 ad
1049 1494 1117 1531 ful-

68 1546 183 1592 men,
212 1548 250 1585 ὃ(
281 1548 357 1596 ejus
385 1546 503 1585 causas
533 1546 758 1590 referamus,
787 1554 935 1593 propter
965 1545 1118 1593 Epithe-

67 1607 135 1636 ton
169 1597 293 1646 rapidi.
338 1599 389 1635 lta
421 1599 520 1635 enim
551 1598 590 1635 &
618 1596 750 1644 Virgil.
773 1596 886 1641 dixit,
916 1599 989 1644 Ipsa
1011 1596 1119 1641 Jovis

69 1648 230 1699 rapidum
242 1648 404 1697 jaculata
423 1647 599 1685 {nubibus
617 1647 727 1695 ignem
743 1675 754 1691 ‚
782 1647 855 1684 &c.
876 1659 960 1685 cum
974 1647 1118 1685 fulmen

70 1699 300 1749 significaret.
345 1700 403 1736 Ac
421 1698 466 1736 de
485 1699 648 1736 fulminis
670 1697 782 1735 caufis
799 1725 810 1742 ,
839 1698 877 1735 &
897 1697 995 1736 unde
1017 1697 1118 1736 idem

70 1758 266 1799 generetur
282 1778 292 1795 ‚
320 1750 411 1788 libro
430 1749 531 1788 sexto
555 1749 748 1787 Lucretius
770 1748 855 1796 agit.
892 1748 952 1785 De
971 1749 1115 1797 reliquo

68 1809 197 1839 autern
221 1803 328 1851 igne,
356 1800 486 1851 quibus
517 1813 563 1838 ex
595 1799 730 1844 caufis,
760 1800 798 1837 &
821 1798 919 1836 unde
947 1799 985 1836 in
1006 1807 1116 1838 terras

71 1853 217 1890 venerit
231 1879 241 1896 ,
267 1852 325 1890 lib.
341 1854 472 1901 quinto
488 1879 498 1895 ,
522 1852 576 1889 his
606 1850 785 1888 versibus:
816 1849 912 1886 Illud
932 1849 971 1887 in
990 1849 1045 1888 his
1066 1865 1118 1887 re-

69 1901 137 1940 ‘bus
153 1903 281 1939 tacitus
302 1917 342 1940 ne
358 1906 444 1950 forte
463 1902 642 1952 requiras,
672 1900 818 1938 Fulmen
840 1900 967 1938 detulit
985 1901 1023 1938 in
1049 1912 1118 1938 ter-

73 1966 132 1991 ras
149 1953 353 1991 mortalibus
380 1954 491 2003 ignem
523 1954 696 1991 Primitus
719 1980 729 1997 ‚
765 1952 857 1990 unde
883 1952 994 1990 omnis
1009 1950 1120 2001 flam-

69 2017 220 2042 ·marum
243 2005 379 2042 diditur
398 2006 511 2042 ardor.
525 2005 562 2042 δε
585 2004 829 2053 sequentibus.
858 2003 899 2042 ln
920 2005 1042 2052 primo
1057 2015 1121 2041 au-

67 2061 153 2092 ·tem
176 2056 268 2093 libro
283 2085 292 2101 ,
323 2056 424 2105 cujus
452 2055 571 2093 versus
599 2056 660 2093 hic
678 2055 822 2092 Merula
837 2055 945 2098 citat,
972 2066 1051 2092 non
1073 2054 1120 2092 de

57 2105 187 2144 -'causis
206 2116 267 2144 aut
291 2108 435 2155 origine
461 2107 553 2155 ignis
579 2106 707 2144 tractat
737 2106 931 2143 Lucretius
949 2132 960 2149 ,
995 2105 1054 2143 sed
1075 2104 1121 2142 de

70 2161 122 2195 'eo
135 2184 145 2201 ‚
174 2156 278 2206 quod
296 2159 387 2205 ignis
408 2169 484 2194 non
503 2157 543 2194 fit
556 2156 776 2205 principium
794 2168 915 2194 rerum
931 2184 941 2200 ,
968 2155 1006 2192 id
1017 2155 1122 2204 quod

68 2207 312 2246 Democritus
330 2207 517 2245 docuerat.
545 2208 737 2255 Nusquam
758 2207 951 2250 Lucretius
961 2214 1031 2244 tres
1043 2215 1123 2244 tan-

66 2262 154 2297 'tum
177 2258 296 2296 causas
325 2270 443 2296 rerum
473 2259 602 2306 ponit,
630 2258 689 2296 sed
711 2257 787 2296 duo
804 2258 979 2306 principia
996 2285 1006 2301 ,
1033 2269 1123 2306 qua-

66 2314 161 2348 'tuor
182 2309 362 2347 elementa
387 2338 398 2353 ,
425 2309 620 2358 causasque
649 2308 797 2347 easdem
819 2336 830 2353 ,
869 2320 965 2358 quae
986 2308 1029 2345 ab
1048 2309 1123 2346 aliis

70 2360 317 2399 recensentur.
345 2362 471 2408 Quare
491 2359 575 2409 lego
598 2361 796 2408 Casurum,
823 2364 892 2408 'pro
912 2360 1124 2405 Causarum.

67 2408 189 2460 'idque
206 2418 354 2458 propter
384 2410 477 2458 ipsos
497 2411 565 2448 lios
586 2410 709 2448 versus
723 2438 734 2455 ,
762 2411 825 2459 qui
854 2410 914 2447 hic
940 2407 960 2446 a
981 2410 1124 2448 Merula

69 2462 247 2500 citantur.
284 2462 342 2498 Ac
371 2462 460 2498 mi‘ni
482 2461 643 2507 quidem.
666 2461 810 2504 videtur
832 2460 993 2498 Ovidius
1011 2462 1122 2499 etiam

66 2510 125 2549 ‘ad
145 2511 255 2548 verba
277 2512 442 2548 Lucretii
460 2511 620 2548 alludere
634 2538 644 2555 ,
673 2522 757 2549 cum
770 2511 1016 2560 vocattrt'plex
1033 2521 1126 2560 opus,

68 2561 276 2611 mundum.
306 2562 401 2599 Nam
427 2562 463 2599 Sc
483 2561 541 2599 ille
561 2560 726 2611 triplicem
751 2572 919 2598 naturam
935 2590 945 2607 ,
972 2562 1043 2598 tria
1056 2576 1126 2600 cor-

62 2622 183 2664 ·jpora‚
213 2623 280 2649 tres
293 2613 432 2662 species,
464 2611 500 2648 8<
530 2622 597 2648 tres
624 2618 803 2649 contextus
824 2613 937 2657 dixit,
967 2623 1050 2651 cum
1068 2623 1127 2652 to-

63 2664 156 2712 ,tam
174 2665 269 2701 hanc
290 2663 418 2700 mundi
441 2662 649 2700 machinam
673 2662 869 2711 significare
895 2663 1013 2702 vellet.
1042 2665 1127 2703 Dis-

63 2722 180 2764 jputat
199 2723 320 2752 autem
346 2725 392 2751 eo
410 2714 496 2751 loco
521 2714 736 2758 Lucretius,
765 2715 948 2753 mundum
980 2714 1049 2753 effe
1071 2716 1127 2754 in-

67 2766 294 2804 meriturum:
326 2773 452 2802 contra
483 2777 570 2808 eos,
596 2764 658 2811 qui
689 2774 878 2804 aeternum
903 2767 983 2804 fore
1007 2767 1128 2805 sense-

68 2825 178 2854 ·runt.
217 2817 306 2853 Hoc
327 2815 486 2852 Ovidius
506 2815 699 2852 vaticinari
729 2825 860 2862 vocat,
889 2816 1003 2854 veluti
1025 2829 1127 2865 prae-

83 2865 287 2905 dictionem
311 2866 492 2914 quandam
509 2867 606 2914 ejus,
627 2866 729 2915 quod
750 2867 912 2905 futurum
938 2865 1048 2911 effct,
1076 2869 1130 2905 fa-

87 2929 180 2954 cere.
211 2918 269 2955 De
293 2918 419 2954 futuris
441 2918 538 2954 enirn
562 2918 734 2955 vaticinia
754 2918 936 2956 dicuntur.
972 2918 1126 2958 Mrcrr..

90 2968 206 3005 Nobis
227 2973 468 3015 Casurumque
491 2968 624 3014 placuit
647 2996 656 3012 ‚
693 2967 794 3017 quod
815 2969 890 3007 hoc
908 2969 1023 3018 magis
1041 2981 1132 3007 con·

70 3027 229 3067 grueret
256 3031 340 3056 cum
364 3018 520 3056 versibus
535 3019 759 3056 Lucreti-anis
779 3019 839 3057 lib.
859 3032 895 3057 v.
925 3020 969 3057 de
990 3021 1131 3059 Rerum

91 3070 243 3113 Natura,
255 3070 296 3106 ad
311 3081 402 3118 quos
414 3070 600 3107 Nasonem
617 3070 837 3108 &hocloco
851 3072 918 3108 &L
933 3072 1063 3109 Amor.
1075 3083 1136 3109 xv.

91 3129 152 3167 23.
179 3119 322 3158 allusisse
341 3121 564 3158 arbitramur.
593 3120 740 3159 Erum.
777 3124 1017 3172 casurumque
1038 3122 1136 3160 reete

95 3180 187 3207 unus
201 3169 448 3209 Bononiensis.
490 3184 612 3221 neque
642 3173 743 3210 alitcr
766 3172 1017 3212 Bersmannus.
1046 3174 1132 3223 Egi-

96 3230 178 3257 mus
196 3219 240 3256 de
261 3221 334 3258 hoc
361 3223 447 3260 loco
478 3222 514 3260 in
544 3224 669 3273 Elegia
699 3224 743 3261 de
771 3233 893 3262 morte
923 3224 1029 3263 Drusi
1046 3254 1055 3270 ‚
1079 3224 1134 3269 xis.

96 3271 180 3318 362.
206 3270 347 3312 Hirrus.
376 3285 410 3312 v.
432 3273 551 3314 Barth.
569 3274 615 3314 ad
635 3274 723 3316 Stat.
750 3286 804 3315 xv.
828 3275 953 3316 Theb.
975 3277 1058 3326 516.

2151 820 2218 876 Et

2064 960 2219 1007 Legitur

2021 1010 2222 1049 dicebatur.

1223 954 1309 1001 428.
1337 954 1407 992 Cui
1429 955 1563 1004 salsum
1593 957 1712 995 Lesbia
1744 971 1865 996 nomen
1894 957 2007 1008 crat.]

1175 1006 1283 1043 etiam
1300 1006 1418 1054 salso.-
1445 1007 1519 1044 hoc
1549 1007 1595 1045 esi
1626 1021 1719 1054 quae
1739 1009 1825 1047 falso
1859 1011 1985 1045 Lesbia

1173 1057 1210 1094 id
1231 1058 1332 1105 quod
1356 1058 1466 1094 etiam
1490 1058 1599 1097 docet
1617 1061 1794 1110 Apulejus
1817 1061 1854 1098 in
1885 1060 2071 1110 Apelcgia
2105 1062 2222 1108 prima

1170 1107 1225 1146 his
1253 1108 1398 1146 verbis:
1439 1108 1569 1145 Eadem
1597 1110 1701 1159 igitur
1730 1122 1824 1161 opera
1844 1113 1999 1159 acts-tsent
2034 1116 2073 1147 C.
2094 1111 2224 1148 Catul-

1173 1158 1246 1195 lum
1262 1187 1271 1204 ‚
1302 1158 1361 1207 qui
1386 1158 1539 1196 Lesbiam
1558 1170 1615 1208 pro
1637 1161 1758 1199 Clodia
1790 1162 1989 1198 neminavit
2011 1191 2020 1205 ‚
2059 1172 2102 1201 (φ’
2132 1162 2223 1199 Tici-

1173 1210 1257 1247 dam
1278 1208 1442 1258 fit›:iliter
1463 1239 1472 1254 ‚
1511 1212 1601 1260 quoti
1629 1226 1714 1261 qnae
1736 1212 1880 1250 Metella
1915 1224 1991 1249 erat
2014 1240 2025 1258 ,
2054 1212 2221 1250 Perillam

1163 1261 1352 1311 scripserit.
1380 1262 1545 1302 Meam..

1221 1325 1306 1360 429.
1338 1312 1501 1361 Vulgavit
1546 1313 1714 1362 amores]
1780 1314 1822 1352 ln
1856 1313 2080 1352 Lovanienfi
2114 1322 2215 1359 erat,

1162 1362 1343 1412 fignavit‚
1372 1363 1473 1412 quod
1494 1366 1543 1402 ita
1575 1366 1651 1413 capi
1681 1365 1816 1413 posset,
1848 1375 1887 1403 ut
1918 1367 1965 1403 illi
1987 1377 2131 1403 amores
2151 1377 2225 1414 pu-

1175 1415 1292 1452 blicati
1314 1415 1376 1452 sub
1395 1416 1486 1452 veris
1514 1417 1715 1453 amicarum
1747 1417 1958 1454 nominibus
1986 1425 2221 1465 opponantur

1174 1466 1356 1504 secretiori
1383 1494 1392 1509 ,
1431 1465 1492 1503 sub
1521 1466 1609 1504 falso
1638 1467 1792 1504 Lesbiae
1821 1469 1988 1504 nomine.
2016 1469 2063 1504 ita
2085 1466 2223 1514 fignare

1173 1530 1267 1561 rem,
1296 1516 1344 1554 est
1366 1516 1470 1556 suum
1490 1529 1631 1555 nomen
1662 1519 1866 1567 imponere.
1894 1527 1933 1555 ut
1955 1519 2090 1554 nomine
2103 1517 2224 1566 signa-

1175 1582 1211 1605 re
1231 1581 1341 1617 aquas
1368 1568 1428 1606 lib.
1450 1580 1512 1606 111.
1529 1568 1631 1616 Eleg.
1652 1582 1703 1606 iv.
1728 1582 1785 1607 22.
1814 1569 1889 1607 vid.
1921 1568 1964 1606 acl
1984 1569 2043 1606 lib.
2064 1581 2090 1605 1.
2113 1581 2139 1605 1.
2162 1580 2230 1616 90.

1174 1620 1212 1656 δε
1232 1632 1277 1657 11.
1296 1620 1389 1656 Met.
1411 1619 1495 1667 326.
1521 1621 1560 1658 δε
1581 1619 1674 1659 alibi.
1696 1630 1872 1657 contentus
1892 1633 1924 1657 eo
1945 1620 2055 1657 etiam
2082 1618 2221 1668 septem

1173 1669 1264 1708 libri.
1293 1669 1425 1708 Burin.

1222 1732 1308 1769 431.
1335 1721 1485 1770 calva]
1516 1722 1575 1759 Ex
1604 1721 1710 1759 Calvi
1731 1723 1768 1761 ὅ(
1791 1721 1925 1759 Catulli
1944 1720 2102 1758 versibus
2123 1732 2222 1758 ama-

1171 1772 1272 1809 toriis
1296 1800 1306 1816 ‚
1336 1783 1473 1819 paucos
1496 1772 1649 1810 fluentes
1678 1784 1719 1809 ac
1749 1785 1832 1811 cum
1862 1773 2003 1809 Graeca
2037 1772 2222 1809 venustate

1173 1821 1446 1870 comparandos
1468 1850 1477 1866 ,
1517 1822 1635 1860 censet
1659 1823 1798 1861 Gellius
1821 1823 1883 1861 lib.
1907 1835 1982 1860 xrx.
2011 1834 2088 1869 cap.
2116 1834 2150 1869 9.
2184 1823 2223 1859 ὃ(

1174 1874 1332 1918 Laevii,
1360 1873 1572 1917 Hortensii,
1602 1874 1766 1918 Cinnae,
1793 1875 1968 1911 Memmii
1990 1878 2162 1921 poemata
2184 1881 2224 1910 ut

1177 1924 1265 1962 dura
1282 1952 1291 1968 ,
1318 1924 1462 1973 illepida
1480 1924 1517 1962 ὃ(
1540 1925 1729 1963 invenusta
1749 1927 1873 1973 carpit.
1893 1926 2035 1963 Herus.
2066 1930 2139 1961 Cur
2152 1924 2226 1960 exi-

1173 1988 1261 2023 guus
1284 1972 1438 2021 dicatur,
1461 1975 1534 2012 vid.
1554 1976 1676 2014 Achil.
1693 1976 1830 2015 Stat.&
1851 1977 2016 2026 Scaliger.
2035 1975 2079 2014 ad
2102 1975 2228 2013 Catul-

1177 2027 1202 2064 li
1225 2026 1327 2075 Epig.
1350 2038 1428 2064 mv.
1457 2025 1587 2065 Bunru.

1176 2127 1213 2165 A
1229 2088 1315 2133 4¹32.
1341 2082 1412 2113 Sua
1423 2077 1564 2127 sabla]
1604 2083 1718 2115 Furta
1739 2089 1785 2116 ex
1805 2078 1916 2117 tribus
1936 2078 2081 2128 scriptis.
2098 2077 2158 2115 lib.
2181 2089 2226 2115 11.

1218 2135 1297 2165 rtis:
1779 2142 1783 2145 ·

1227 2195 1336 2244 Flefle
1353 2196 1439 2241 iter,
1467 2205 1510 2236 <9⁰
1530 2197 1666 2235 monitu
1684 2197 1906 2247 detegesurta
1926 2211 2007 2234 meo.

1177 2262 1337 2351 ξ-Ιίᾗικεὲ
1365 2261 1420 2300 Ita
1439 2259 1576 2299 Douza
1605 2262 1718 2300 etiam
1748 2262 1902 2312 legebat.
1932 2261 2006 2301 vid.
2032 2258 2075 2298 ad
2093 2259 2151 2297 lib.
2172 2269 2225 2295 xv.

1192 2325 1227 2350 <a
1261 2341 1268 2350 .
1343 2325 1374 2350 2.

1231 2326 1315 2412 4335.
1344 2362 1522 2414 Ticidae]
1553 2363 1703 2401 Familia
1726 2363 1901 2412 Equestri.
1932 2363 1977 2398 L.
1999 2360 2154 2399 Ticidae
2178 2356 2228 2394 E-

1180 2415 1290 2463 quitis
1320 2415 1484 2452 Romani
1523 2415 1696 2452 meminit
1726 2415 1868 2453 Hirtius
1902 2412 2003 2450 Bello
2033 2411 2225 2448 Africano.

1175 2466 1328 2504 fimus.
1380 2464 1685 2514 TiridaeGryphii
1701 2464 1835 2502 Editio.
1858 2464 1979 2511 Tit3vde
1996 2462 2069 2498 Ms.
2090 2459 2226 2497 Bersm.

1182 2516 1381 2554 Trochidem
1404 2516 1551 2553 Lovan.
1578 2515 1726 2552 Ticidem
1750 2516 1787 2551 &
1815 2515 1971 2562 Trycidem
1991 2512 2060 2550 alii.
2087 2510 2159 2548 vid.
2179 2509 2227 2548 de

1183 2579 1230 2606 eo
1256 2566 1460 2617 Gyraldum
1483 2567 1522 2604 ὃ(
1543 2565 1693 2603 Casaub.
1714 2565 1756 2602 acl
1775 2565 1872 2602 Suet.
1896 2565 2020 2601 Gram.
2041 2573 2117 2610 cap.
2139 2573 2194 2598 xx.

1236 2630 1321 2667 433.
1349 2617 1448 2666 Quid
1471 2617 1621 2654 Memmi
1641 2615 1834 2666 carmen?]
1884 2615 1926 2652 C.
1950 2613 2111 2652 Memmi
2135 2614 2230 2659 poe‘-

1183 2679 1242 2707 tae
1263 2670 1394 2714 pariter
1416 2670 1454 2704 δε
1473 2668 1627 2705 oratoris
1641 2667 1811 2704 meminit
1838 2667 1970 2704 Plinius
1991 2666 2025 2702 in
2045 2662 2234 2719 ΕρίίὶοίἰξςΔ

1185 2721 1222 2759 &
1237 2719 1497 2767 Tranquillus,
1524 2718 1678 2756 scribens
1693 2745 1702 2761 ,
1715 2718 1815 2754 illum
1835 2717 1975 2767 objeciffe
2003 2721 2044 2754 C.
2064 2715 2228 2761 Caesam,

1179 2771 1300 2820 stetisse
1317 2772 1364 2808 ad
1384 2769 1549 2819 cyathum
1570 2781 1611 2808 ω’
1632 2769 1758 2805 vinum
1783 2767 1961 2805 Nicomedi
1975 2766 2052 2815 regi.
2082 2766 2126 2804 Et
2145 2765 2229 2802 alibi

1184 2823 1303 2859 scribit
1316 2823 1475 2859 eundem
1498 2820 1687 2857 Caesarem
1714 2820 1758 2856 C.
1775 2819 1974 2863 Memmii,
2004 2818 2098 2864 cujus
2117 2818 2229 2864 asper-

1181 2872 1280 2908 rimis
1309 2871 1519 2908 oratt'onibus
1547 2883 1615 2907 non
1637 2869 1763 2907 minori
1790 2868 1976 2906 acerbitate
1992 2868 2228 2917 rescripserat,

1182 2924 1288 2959 etiam
1300 2923 1561 2970 suffragatorem
1584 2934 1663 2957 mox
1685 2921 1722 2957 in
1737 2921 1900 2970 petitione
1921 2918 2230 2969 consulatussuiffe.

1187 2974 1270 3010 Fuit
1290 2983 1411 3010 autern
1437 2971 1748 3016 mordactffirnus,
1772 2980 1811 3009 ut
1838 2972 1964 3009 docuit
1987 2969 2126 3008 Crassus
2147 2981 2230 3006 ora-

1187 3033 1267 3062 tor:
1296 3025 1358 3070 qui
1375 3032 1451 3060 tota
1474 3023 1674 3060 Tarracina
1696 3022 1867 3060 omnibus
1888 3023 1921 3059 in
1947 3023 2138 3071 parietibus
2168 3021 2230 3056 has

1186 3075 1305 3112 literas
1327 3074 1509 3121 inscriptas
1543 3071 1643 3110 fuisse
1674 3073 1764 3111 dixit
1793 3074 1859 3111 tria
1893 3085 1978 3111 ιιι.
2000 3074 2034 3110 ὃς
2057 3073 2132 3109 duo
2157 3083 2229 3108 Μω.

1192 3137 1307 3175 quum
1329 3134 1545 3174 quaererent
1560 3124 1647 3172 quid
1671 3123 1932 3173 significarent,
1962 3125 2146 3173 quendam
2163 3133 2230 3168 op-

1187 3176 1361 3226 pidanum
1384 3175 1507 3213 senem
1531 3174 1654 3212 dixiffe
1675 3177 1747 3212 lioc
1769 3174 1979 3222 significari,
2010 3182 2153 3211 Lacerat
2177 3172 2229 3226 Ia-

1187 3238 1317 3264 certum
1338 3227 1456 3275 Largii
1477 3227 1624 3263 mordax
1648 3228 1846 3263 Memmius·
1877 3227 1906 3263 Is
1932 3228 1998 3263 fuit
2018 3233 2160 3273 praetor
2173 3223 2237 3258 bl-

1189 3278 1340 3329 thyniae
1362 3306 1380 3326 ‚,
1411 3289 1496 3318 cum
1529 3289 1607 3328 quo
1630 3277 1794 3317 Catullus
1821 3280 1932 3327 poeta
1960 3275 2170 3328 navigavit,
2192 3277 2238 3358 ¹}ss

2162 3334 2198 3370 Ψ
