2495 3675
445 177 1391 240 >FASTORUM
1500 184 1695 242 Lm.

1766 186 1848 245 ΠΙ.

2105 201 2208 253 225

360 299 451 353 An
468 341 480 360 ,
520 299 644 372 quia
670 298 738 355 de
765 298 948 371 capitis
983 297 1152 367 fertur
1176 294 1285 351 fine
1310 308 1478 352 matre
1502 298 1710 370 paterni

429 368 654 428 Vertice
677 389 802 427 cum
827 372 1016 440 clypeo
1038 367 1322 438 profiluiffe
1347 369 1477 425 suo?

351 444 469 506 An,
509 445 630 516 quia
657 441 970 515 perdomitis
995 441 1063 494 ad
1088 458 1184 495 nos
1210 442 1414 514 captiva
1440 442 1650 499 Faliscis

185 558 190 561 -
425 515 618 572 Venit:
659 516 713 567 ὅτ
735 514 839 567 hoc
863 512 1032 584 ipsum
1058 513 1207 567 litera
1232 515 1396 586 prisca
1423 517 1617 570 docet?

203 587 300 659 845
341 588 460 650 An,
499 585 646 658 quod
672 585 829 639 habet
853 584 1055 656 legem,
1092 586 1279 656 capitis
1303 604 1440 660 quae
1466 588 1702 661 pendere
1730 604 1925 662 poenas

422 659 502 713 Ex
528 659 617 711 illo
636 658 817 727 jubeat
840 656 980 711 furta
1005 671 1215 729 reperta
1241 660 1396 714 loco?

342 733 396 786 A
422 746 755 800 quacumque
782 729 940 783 trahis
971 730 1177 785 ratione
1203 732 1486 797 vocabula,
1525 733 1719 800 Pallas;

417 802 524 856 Pro
549 800 792 858 Ducibus
818 802 1004 858 nostris
1036 803 1222 875 aegida
1249 804 1452 878 semper
1478 807 1625 863 habe.

102 1062 186 1114 833.
211 1061 314 1101 Mille
333 1069 406 1101 Dea
415 1062 458 1106 esi
475 1062 642 1115 operum]
675 1064 775 1104 Hinc
785 1065 934 1105 Graecis
947 1065 1091 1114 ἐργάνη.

56 1114 130 1153 vid.
150 1114 283 1152 AElian.
305 1127 333 1153 1.
354 1115 441 1152 var.
463 1127 508 1153 11.

102 1164 184 1213 835.
221 1165 307 1213 Qd
331 1179 428 1202 mons
456 1164 625 1213 descendit
655 1166 694 1204 in
721 1167 908 1218 aequum]
963 1175 1084 1218 AEqua

52 1215 155 1264 prim.
177 1216 344 1254 Ambros.
364 1214 468 1257 ,Voffi
488 1217 588 1253 Maz.
610 1218 647 1254 δε
667 1225 736 1255 tres
758 1218 829 1256 alii.
882 1219 925 1256 In
948 1222 1084 1259 eodem

51 1266 148 1303 Maz.
170 1267 208 1304 δε
227 1267 355 1304 Oxon.
371 1278 437 1315 pro
460 1267 596 1305 diversa
613 1267 797 1313 lectione,
817 1282 953 1318 aequor.
982 1270 1085 1309 fic&

50 1314 355 1355 Zulichemianus.
383 1317 515 1355 Forsan
544 1317 652 1355 reete.
683 1332 808 1368 aequor
834 1321 933 1358 enim
954 1320 1085 1359 dicitur

50 1367 167 1405 om'nis
198 1367 363 1416 planities
394 1368 437 1405 ab
467 1368 694 1417 aequalitate.
730 1369 827 1406 unde
856 1383 983 1419 aequor
1017 1383 1083 1419 pro

49 1428 178 1465 campo
197 1417 299 1466 saepe
332 1419 482 1467 ponitur
508 1418 603 1466 apud
634 1422 772 1466 po'e'taS.
806 1419 854 1456 sic
882 1421 920 1458 δε
943 1422 1082 1460 variant

47 1468 154 1506 codd.
174 1469 341 1506 Maronis
362 1468 451 1506 AEn.
473 1480 526 1505 xx.
547 1468 602 1511 sss.
624 1468 683 1506 68.
715 1470 859 1506 Hmus.

96 1517 181 1567 837.
208 1525 338 1567 Captae
355 1518 499 1555 delubra
518 1518 738 1568 Minervae]
771 1520 874 1556 Haec
886 1532 1084 1561 numeran-

44 1575 104 1606 tur
135 1568 156 1606 ὲ.
187 1569 446 1618 Topographis
475 1570 568 1607 inter
598 1581 689 1607 v111.
716 1569 894 1608 aediculas
925 1573 1082 1620 regionis

44 1618 244 1656 secundae:
275 1619 379 1664 situs,
406 1628 446 1657 ut
474 1619 597 1663 vides,
623 1629 697 1657 erat
719 1620 764 1657 ad
793 1621 928 1659 radices
955 1623 1083 1663 Caelii.

27 1669 223 1707 -Nfiapm,
259 1669 357 1714 Alii,
379 1669 496 1716 castae.
534 1669 686 1707 Sarravii
707 1670 826 1708 codex
851 1673 888 1708 ὃς
918 1674 1083 1724 quinque

45 1719 129 1763 alii,
158 1728 281 1768 captae.
327 1720 368 1757 ln
391 1720 543 1768 vulgatis
572 1721 609 1760 P.
631 1721 787 1758 Victorii
807 1721 852 1759 de
873 1723 1083 1770 regionibus

45 1770 155 1807 Urbis
185 1770 445 1818 exemplaribus
472 1779 569 1816 capta
601 1772 710 1809 etiam
741 1772 882 1810 dicitur.
910 1773 958 1810 fic
987 1777 1083 1824 apud

47 1819 208 1858 Graecos
229 1821 350 1861 Ἀθηνᾶ
370 1819 568 1867 <pumicis-ce
581 1849 591 1866 ‚
616 1823 717 1870 cujus
734 1823 884 1861 Photius
895 1824 931 1860 in
949 1824 1083 1864 Excer-

43 1871 112 1917 ptis
143 1871 362 1909 Nicomachi
394 1871 726 1909 Arithmeticorum
752 1874 935 1912 meminit.
970 1877 1084 1915 miror

44 1920 232 1959 Nasonem
255 1923 348 1960 inter
368 1929 425 1960 tot
447 1922 564 1960 causas
591 1923 698 1972 hujus
718 1925 879 1962 nominis
901 1937 978 1965 non
1001 1939 1080 1966 me-

42 1970 188 2009 -miniffe
211 1973 305 2021 capti
325 1971 482 2012 Palladii.
509 1973 651 2010 Hmus.

96 2046 180 2085 339.
210 2037 370 2075 Nominis
387 2037 425 2075 in
460 2037 560 2075 dubio
585 2037 696 2087 cauffa
724 2037 806 2087 est.]
861 2039 933 2076 Vel
961 2041 1081 2090 inquit

41 2091 172 2136 Captae
198 2098 337 2126 nomen
367 2088 545 2134 inditum,
572 2089 674 2138 quod
700 2090 886 2137 ingeniosa
915 2091 995 2128 Dea
1023 2092 1077 2135 sit;

43 2148 125 2175 cum
155 2138 297 2186 capitale
323 2139 511 2186 ingenium
534 2140 643 2177 solers
662 2139 848 2177 dicamus:
878 2141 959 2186 vel,
976 2143 1080 2190 quod

40 2187 172 2225 feratur
189 2188 384 2235 prosiluisse
403 2201 448 2226 ex
474 2190 577 2236 Jovis
601 2190 755 2227 vertice:
784 2189 866 2234 vel,
896 2193 997 2240 quod
1011 2193 1079 2230 do-

41 2238 136 2276 mitis
162 2238 325 2276 Phali-scis
354 2239 510 2277 deducta
541 2242 578 2278 in
610 2240 750 2277 Urbem
782 2243 956 2289 captiva:
994 2244 1075 2288 vel,

39 2288 139 2336 quod
161 2290 277 2337 capite
294 2290 489 2338 puniatur,
515 2291 576 2340 qui
606 2290 809 2339 quidquam
838 2303 884 2329 ex
911 2292 1075 2341 ejusdem

39 2338 178 2387 templo
205 2340 303 2377 furto
330 2339 521 2379 subtrahat.
550 2342 725 2379 Neapor..

91 2402 176 2449 839.
203 2404 360 2451 Capitale
379 2417 544 2443 vocamus
573 2404 750 2454 Ingenium
771 2405 899 2452 solers,
929 2407 1077 2456 ingenio-

35 2452 78 2500 sa
106 2457 181 2488 Dea
207 2453 287 2502 est.]
352 2454 467 2491 Hunc
501 2455 626 2492 locum
659 2455 799 2492 erudite
827 2458 865 2493 &
895 2458 1078 2506 eleganter

40 2500 166 2539 tractat
193 2502 360 2540 Muretus
386 2504 578 2540 Variarum
615 2504 838 2541 Lectionum
866 2506 957 2542 libro
979 2521 1023 2544 ix.
1048 2522 1082 2556 ς.

41 2553 211 2589 exoras.
247 2550 393 2589 Tullius
421 2553 482 2590 lib.
511 2565 557 2590 n.
593 2553 751 2600 Epistola
774 2566 819 2592 11.
856 2554 902 2592 de
929 2556 1075 2595 Philisto

39 2604 161 2640 nostro
184 2615 192 2639 :
227 2602 359 2638 Siculus
378 2602 436 2638 ille
463 2602 642 2651 capitalis,
670 2602 799 2648 creber,
827 2614 971 2649 acutus,
1002 2606 1076 2644 bre-

39 2653 115 2695 vis,
140 2652 242 2700 plane
266 2652 409 2700 pufillus
429 2652 653 2701 Thucydides.
702 2653 760 2691 Sic
779 2656 817 2691 &
838 2655 932 2703 apud
954 2668 1075 2704 mnem-

39 2703 161 2740 branas
182 2711 323 2740 veteres
341 2703 377 2739 Τ
382 2704 517 2741 rebellii
536 2704 710 2741 Pollionis
730 2704 887 2753 capitalis
908 2706 970 2752 (in
993 2709 1073 2745 vul-

37 2753 124 2802 gatis
152 2752 281 2800 legitur
307 2753 497 2801 militaris)
528 2756 644 2802 jocus,
673 2766 738 2802 pro
767 2754 883 2793 astuto
914 2756 1072 2806 &inge—

38 2803 142 2842 nioso
165 2804 228 2843 est.
256 2803 410 2853 Capitali
430 2804 544 2848 enim,
571 2805 762 2853 inquiunt,
783 2806 856 2853 joco
876 2819 977 2854 regna
995 2818 1073 2856 pro-

38 2854 184 2891 meruit.-
212 2867 297 2891 nam
319 2868 395 2891 cum
414 2854 540 2891 milites
569 2868 647 2892 cum
672 2870 706 2892 eo
727 2855 872 2904 quidam
895 2869 1073 2896 coenarent

39 2904 110 2952 (de
130 2905 335 2953 Regilliano
356 2907 472 2953 agitur
490 2917 497 2947 2
539 2905 648 2954 astitit
679 2906 880 2943 Valerianus
900 2907 1072 2946 Tribunus

38 2955 96 3003 qui
115 2955 258 2998 diceret,
286 2955 465 3004 Regilliani
489 2970 609 2993 nomen
626 2957 716 2993 unde
734 2957 902 2993 credimus
921 2958 1072 2998 dicium?

37 3005 142 3042 Alius
160 3006 317 3042 continuo
340 3034 347 3046 .
377 3006 560 3043 Credimus
581 3007 670 3056 quod
690 3007 714 3043 ὰ
735 3021 845 3056 regno.
902 3013 988 3045 Tum
1015 3011 1069 3054 is,

35 3055 94 3104 qui
120 3055 264 3100 aderat,
285 3055 498 3104 scholasticus
526 3058 624 3106 coepit
637 3055 734 3106 quafi
755 3059 1070 3106 grammaticaliter

37 3104 201 3142 declinare
226 3118 269 3146 ω’
289 3107 395 3143 dicere
415 3136 425 3151 ,
463 3113 532 3144 Rex
547 3136 556 3151 ‚
592 3108 696 3155 regis,
725 3108 792 3156 regi
814 3136 826 3152 ‚
852 3109 1074 3156 Regillianus.

38 3154 194 3199 Milites,
221 3167 258 3192 ut
287 3157 330 3202 est
365 3158 545 3195 hominum
563 3171 667 3206 genus
690 3168 838 3207 pronum
858 3160 906 3196 ad
925 3174 963 3196 ea
987 3175 1073 3208 quae

37 3205 183 3251 cogitant
197 3231 207 3248 ,
233 3207 394 3243 dixerunt
413 3222 423 3251 ;
454 3213 538 3257 Ergo
555 3218 644 3257 potes
666 3215 736 3245 Rex
756 3209 839 3257 effe?
864 3210 947 3246 item
960 3212 1072 3256 alius,

36 3257 122 3301 Ergo
147 3255 243 3309 potest
273 3269 328 3292 nos
347 3271 453 3305 regere
474 3268 489 3296 ἒ
526 3271 611 3296 nem
627 3259 740 3304 alius,
770 3264 865 3296 Deus
880 3260 945 3297 tibi
977 3262 1072 3308 Regis

37 3315 156 3342 namen
176 3305 342 3393 inposuit.
392 3308 491 3356 Qid
519 3309 660 3349 multa?
686 3309 740 3362 his
763 3309 864 3350 dictis
887 3323 966 3350 cum
995 3311 1071 3349 alid

233 3366 299 3394 om.
327 3362 390 3397 111.

2033 929 2189 987 Sum-4

1145 1067 1200 1106 die
1219 1081 1322 1107 mane
1336 1068 1522 1120 proceffiſjet
1543 1097 1553 1113 ,
1589 1069 1615 1107 ὰ
1626 1068 1835 1119 principibus
1868 1069 2051 1119 Imperator
2069 1069 2112 1114 est
2124 1068 2189 1118 fib}

1144 1119 1293 1158 lutatus.
1319 1127 1375 1158 Ita
1395 1121 1486 1171 quod
1505 1120 1585 1157 aliis
1606 1120 1663 1157 vel
1687 1121 1837 1157 audacia
1859 1121 1916 1158 vel
1937 1120 2107 1169 judicium
2126 1121 2185 1157 de-

1143 1171 1249 1217 tulit,
1285 1171 1365 1208 huic
1390 1172 1555 1220 jocularis
1575 1171 1714 1218 astutia.
1742 1172 1919 1209 Nfiapor..
1969 1172 2025 1209 Ex
2048 1171 2185 1208 Salma-

1142 1220 1194 1258 fio
1218 1222 1262 1260 ad
1277 1222 1448 1310 lPollion.
1478 1234 1563 1261 xxx.
1592 1222 1735 1272 Tyran.
1769 1234 1847 1271 cap.
1882 1235 1941 1261 10.
1977 1222 2037 1260 sua
2067 1220 2183 1260 hausit

1141 1272 1222 1309 Nea
1251 1285 1274 1310 ο
1292 1273 1330 1310 is.

1192 1284 1274 1369 854.
1301 1328 1347 1360 Et
1378 1323 1439 1360 hoc
1459 1322 1552 1372 figno
1580 1324 1701 1360 littora
1726 1324 1841 1371 prima
1869 1321 2001 1371 decer]
2056 1326 2103 1358 Et
2123 1323 2182 1358 hoc

1137 1371 1248 1420 ipsum
1282 1373 1401 1410 littera
1428 1374 1541 1423 prisca
1568 1373 1661 1412 bene
1705 1374 1824 1412 Urfin.
1864 1373 2008 1410 Arond.
2043 1373 2184 1410 Mazar.

1139 1424 1175 1459 &
1196 1422 1333 1471 septem
1354 1424 1424 1461 alii.
1455 1425 1599 1462 Herus.
1651 1425 1773 1461 Prima
1791 1424 1899 1473 Polit.
1925 1422 2057 1472 fignum
2079 1422 2183 1459 litera

1129 1473 1248 1520 prima
1281 1473 1447 1511 Bernens.
1479 1475 1517 1512 δε
1544 1482 1703 1523 quatuor
1738 1486 1822 1513 curn
1861 1475 1977 1523 prima
2005 1473 2182 1511 editione.

1128 1521 1257 1572 fillaba
1267 1525 1386 1573 prima
1404 1524 1597 1562 Pembroc.

1189 1574 1273 1622 845.
1300 1576 1400 1622 Quae
1414 1575 1558 1624 pendere
1571 1574 1732 1624 poenas.]
1763 1575 2002 1613 Conveniunt
2023 1575 2076 1612 his
2095 1576 2182 1612 veri

1138 1623 1181 1661 ba
1204 1624 1318 1662 Festi:
1348 1625 1519 1672 Capitalis
1545 1626 1661 1670 lucus,
1689 1625 1748 1662 ubi
1759 1625 1793 1676 si
1812 1625 1897 1677 quid
1916 1624 2090 1662 violatum
2109 1624 2176 1672 est,

1137 1677 1242 1723 capite
1252 1675 1432 1713 violatoris
1449 1677 1619 1724 expiatur.
1648 1677 1825 1714 Neapot.

1189 1725 1270 1771 846.
1298 1725 1434 1772 Jubeat
1445 1729 1549 1772 furta
1569 1736 1696 1776 recepta
1716 1726 1812 1775 loco.]
1843 1732 1951 1763 Furta
1963 1735 2092 1775 reperta
2104 1726 2181 1764 Ur-'

1139 1775 1200 1813 sin.
1221 1777 1357 1813 Mazar.
1376 1777 1482 1824 prim.
1503 1777 1672 1814 Ambros.
1690 1775 1795 1814 Vols.
1818 1776 1962 1814 Arond.
1990 1789 2076 1814 xm.
2104 1776 2178 1815 alii.

1138 1827 1254 1872 bene,
1281 1827 1318 1865 id
1339 1827 1410 1872 est,
1439 1827 1670 1876 deprehensa.
1717 1826 1862 1866 Plautus
1895 1826 2115 1866 Mostellaria
2141 1837 2182 1866 v.

1140 1890 1167 1916 1.
1191 1879 1251 1916 62.

1187 1940 1285 1979 Male
1294 1943 1397 1989 facta
1417 1941 1531 1991 vestra
1550 1942 1673 1994 repperi
1693 1940 1877 1980 radicitus.

1135 2006 1264 2056 Virgil.
1288 2020 1341 2046 1v.
1367 2007 1447 2046 128.

1187 2075 1333 2112 Annuit
1355 2104 1365 2120 ,
1392 2086 1498 2126 atque
1518 2074 1602 2112 dolis
1623 2075 1696 2127 risit
1714 2067 1883 2125 Cffitherea
1904 2075 2052 2126 repertis.

1135 2140 1251 2181 Amat
1272 2144 1308 2182 id
1332 2146 1481 2183 verbum
1506 2144 1651 2183 Noster.
1673 2145 1720 2183 fic
1741 2146 1850 2184 Trist.
1870 2158 1913 2183 11.
1940 2156 1995 2182 12.

1337 2243 1340 2245 i
1362 2210 1498 2259 Ingenio
1518 2210 1560 2258 est
1579 2219 1682 2259 poena
1700 2221 1832 2261 reperta
1851 2223 1934 2248 meo.

1130 2264 1188 2304 lib.
1209 2280 1261 2306 xv.
1281 2268 1467 2307 Fastorum
1486 2296 1496 2314 ,
1524 2271 1609 2316 466.

1181 2331 1216 2368 si
1236 2343 1304 2368 non
1322 2330 1513 2380 turbassent
1528 2331 1626 2382 figna
1648 2342 1780 2383 reperta
1791 2335 1882 2383 fites.

1133 2398 1172 2436 &
1190 2398 1253 2437 lib.
1271 2410 1324 2435 1v.
1346 2410 1406 2443 27.
1453 2405 1610 2436 Venerem
1641 2409 1811 2450 repertam
1837 2400 1940 2438 dixit.
1971 2405 2011 2437 ut
2041 2396 2176 2436 habent·

1135 2449 1280 2486 codices
1302 2448 1442 2486 vetusti.
1465 2449 1523 2486 lib.
1548 2461 1582 2486 v.
1601 2461 1660 2486 22.

1188 2506 1313 2554 Tethys
1330 2517 1374 2545 ω’
1393 2516 1543 2542 extremo
1552 2509 1651 2557 saepe
1669 2518 1800 2559 reperta
1819 2508 1885 2545 loco
1905 2506 1959 2553 est.

1132 2576 1180 2613 ita
1201 2573 1240 2609 &
1263 2571 1334 2610 illic
1355 2570 1507 2620 priscum
1526 2571 1722 2620 exemplar.
1744 2574 1823 2610 Art.
1848 2572 1933 2609 Am.
1953 2583 1980 2608 1.
2001 2569 2062 2609 86.

1183 2636 1416 2685 Flammaque
1436 2636 1472 2673 in
1495 2646 1616 2684 arguto
1631 2636 1724 2685 saepe
1743 2644 1874 2686 reperta
1884 2636 1962 2683 foro
1984 2633 2040 2682 est.

1127 2699 1229 2748 supra
1249 2699 1323 2737 hoc
1342 2698 1434 2737 libro
1448 2727 1458 2744 ,
1482 2700 1566 2745 728.

1358 2766 1395 2802 in
1412 2765 1533 2814 gelidis
1555 2766 1659 2803 herba
1679 2775 1808 2816 reperta
1818 2765 1919 2813 focis.

1129 2827 1238 2866 Trist.
1261 2838 1316 2863 xv,
1341 2826 1443 2875 Eleg.
1465 2839 1501 2865 v.
1519 2840 1555 2865 2.

1179 2891 1287 2929 Is'nica
1297 2891 1454 2937 fortunis
1474 2905 1538 2930 ara
1558 2902 1689 2942 reperta
1711 2894 1806 2932 meis.

1129 2958 1177 2995 ita
1197 2960 1235 2996 &
1255 2959 1385 2997 Graeci
1417 2972 1494 2997 non
1533 2973 1625 2998 raro.
1662 2970 1701 2998 ut
1730 2962 1766 2999 in
1800 2961 1862 2999 illo
1893 2960 2032 2999 filiani
2061 2960 2172 2999 Varia

1129 3009 1290 3046 Historia
1309 3010 1412 3047 lib.x.
1434 3023 1510 3059 cap.
1524 3012 1558 3049 6.
1588 3013 1834 3057 Ἀρχέςρατος
1860 3012 1899 3048 δὲ
1921 3013 2079 3054 auderi<
2100 3011 2169 3047 ὑπὸ

1127 3060 1304 3103 πολεμίων
1323 3060 1431 3104 ἁλοῦς
1445 3089 1455 3106 ,
1482 3064 1544 3097 καὶ
1564 3062 1633 3098 ὑπὸ
1648 3063 1759 3108 ζυγὸν
1781 3063 1994 3108 ἀναβληθεὶς
2009 3091 2019 3106 ,
2046 3061 2170 3106 ὀβολοῦ

1130 3109 1240 3150 ὁλκὴν
1267 3110 1361 3154 ἔχων
1389 3111 1523 3156 εὑρέθη,
1557 3112 1600 3154 ὥς
1628 3114 1729 3156 (Daci.
1767 3114 1804 3152 &
1835 3115 1871 3151 in
1904 3114 1964 3151 illo
1993 3110 2171 3151 Matthaei

1130 3159 1271 3209 Euang.
1294 3172 1372 3209 cap.
1396 3163 1536 3209 primo:
1566 3164 1689 3208 Εὑρέεκ
1712 3164 1748 3200 ἐν
1766 3166 1878 3209 ‘yae-p}
1897 3166 2052 3211 ἔχουσα·
2079 3173 2172 3210 quae

1128 3218 1234 3248 vetus
1254 3212 1427 3260 interpres
1458 3214 1590 3256 vertit,
1619 3221 1771 3251 Inventa
1795 3214 1837 3262 est
1860 3215 1898 3251 in
1924 3225 2017 3250 utero
2035 3212 2172 3263 halaenst

1129 3261 1176 3298 Et
1197 3262 1320 3298 Lucae
1350 3273 1428 3310 cap.
1449 3275 1547 3301 xv11.
1576 3263 1632 3302 18.
1667 3271 1710 3301 Ut
1734 3278 1803 3302 non
1823 3264 1866 3309 est
1894 3265 2080 3304 inventus,
2111 3271 2170 3308 qut

1128 3311 1253 3350 rediret
1281 3322 1331 3401 υἷ’
1354 3313 1452 3351 daret
1468 3314 1616 3364 gloriam
1639 3320 1724 3353 Deo.
1771 3314 1863 3359 Oix'
1888 3313 2070 3357 εὑρέθησαν
2088 3310 2173 3365 5⁷¹2?-

1319 3375 1326 3386 ·
1349 3363 1370 3402 f
2088 3370 2169 3404 ςρεῖ
