2495 3675
508 169 1445 259 FASTOARUM

1554 175 1751 232 L1B.
1825 182 1863 239 I,

258 315 361 368 475
397 297 621 355 Dixerat
649 299 777 354 haec
806 307 931 352 nato
957 303 1134 347 motus
1160 287 1380 352 instare,
1417 287 1646 362 sibique,
1744 367 1747 369 ‚

476 372 759 445 Multaque
782 380 1078 442 praeterea,
1119 374 1365 434 tempore
1391 361 1540 416 nacla
1563 363 1744 419 fidem.

401 446 539 500 Nam
566 444 788 511 juveni8‚
827 441 952 495 vera
977 436 1202 493 nimium
1230 453 1355 491 cum
1378 448 1575 500 matre,
1613 437 1825 509 fugatus
1869 499 1872 502 ,

476 516 680 572 Deserit
709 513 1003 568 Arcadium
1032 508 1473 580 Parrhasiumque
1500 511 1682 565 larem.

400 590 503 646 Cui
529 588 775 658 genetrix
797 585 977 649 flenti,
1016 584 1252 638 Fortuna
1276 582 1528 647 viriliter,
1569 584 1775 656 inquit,

258 660 360 731 480

469 659 650 731 (Siste,
690 676 847 730 puer,
885 657 1146 725 lacrimas)
1185 655 1277 709 ista
1302 654 1526 709 ferenda
1553 656 1646 710 tibi
1671 656 1761 712 est.

395 735 481 788 Sic
506 746 615 786 erat
641 732 694 786 in
720 732 865 786 fatis:
905 749 1006 786 nec
1030 744 1084 786 te
1107 743 1196 785 tua
1222 729 1375 800 culpa
1399 727 1631 800 fugavit;

467 804 573 859 Sed
595 804 760 859 Deus.
795 801 998 859 offenso
1032 804 1208 877 pulsus
1249 819 1302 856 es
1331 800 1462 855 urbe
1493 801 1631 855 Deo,

394 878 519 932 Non
544 877 722 930 meriti
745 894 973 949 poenam
998 875 1189 949 pateris
1205 915 1219 938 ‚
1261 873 1351 928 sed
1373 874 1619 928 Numinis
1645 874 1791 929 iram.

458 948 552 1003 Est
575 949 771 1022 aliquid
799 950 1001 1022 magnis
1026 950 1232 1005 crimen
1256 945 1424 1002 abeffe
1450 947 1616 1002 malis.

152 1158 219 1197 Hic
227 1157 302 1208 fuit
316 1187 326 1204 ‚
346 1157 371 1196 ἱι
391 1160 486 1208 cujus
497 1160 660 1210 stagnum
682 1174 814 1214 quoque
834 1161 971 1200 nomine
993 1161 1142 1208 dilium,

153 1216 247 1248 Inter
267 1210 426 1248 Sicelidas
444 1217 561 1261 Cyane
581 1212 796 1252 celeberrima
820 1212 1014 1263 Nymphas.

103 1259 165 1299 lib.
183 1273 245 1300 κν.
267 1261 327 1299 60.

153 1312 213 1349 Vir
222 1312 297 1359 suit
319 1313 377 1351 hic
397 1324 475 1352 ortu
495 1314 644 1353 Samius.
671 1315 816 1352 Hiems.

155 1373 240 1411 473.
267 1365 443 1402 AEthereos
465 1365 592 1414 ignea]
624 1366 718 1413 Ignis
739 1367 927 1403 aethereus
941 1393 950 1408 ,
977 1366 996 1407 ἦ
1014 1364 1139 1409 μανίαι,

99 1412 116 1449 ὃ
137 1410 385 1460 ἐνθουσιασμὸς·
441 1417 503 1464 qui
527 1416 665 1453 eisdem
687 1416 735 1453 est
755 1417 876 1462 φὸβσς.
913 1415 1141 1463 Hesychius:

101 1464 275 1508 Φοβήσας,
305 1467 412 1501 ἔνθεον
432 1467 588 1508 ποιήσας.
620 1467 794 1503 ΝΕΑΡΟΧ..
831 1465 1022 1513 Collegerac
1050 1477 1141 1504 unus

100 1515 238 1552 Medic.
263 1516 335 1552 vid.
358 1516 402 1552 ad
422 1528 454 1551 v.
479 1516 564 1553 Fast.
583 1517 663 1560 ³46-
690 1517 866 1552 AEthereos
878 1516 1021 1564 concepit
1031 1529 1144 1554 mente

93 1567 229 1610 furores
259 1565 424 1604 Francos>
444 1578 510 1614 pro
532 1566 698 1604 varied.
712 1567 832 1604 animo
857 1567 1032 1617 collegerat
1052 1568 1144 1617 ignes

104 1627 196 1652 unus
220 1617 356 1653 Medic.

155 1677 237 1711 474.
263 1672 326 1702 Ore
345 1664 452 1702 dabat
468 1666 564 1715 pleno
586 1669 746 1705 carmina
757 1668 881 1718 verm]
911 1669 1045 1718 Longe
1065 1682 1144 1708 me-

104 1715 172 1754 lius
192 1717 227 1753 in
249 1717 375 1753 iisdem
401 1717 569 1765 Scaligeri
590 1720 775 1758 codicibus
794 1721 1001 1770 legebatur:

159 1771 225 1803 Ore
245 1767 353 1804 dabat
371 1781 450 1804 vero
472 1769 630 1806 carmina
647 1770 748 1820 plena
771 1773 849 1810 Dei.
874 1772 981 1811 DAN.
1000 1772 1144 1812 HHNS.

107 1816 209 1864 Lege
225 1845 236 1860 ‚
317 1832 333 1836 ’·
617 1823 620 1826 ”

156 1886 222 1917 Ore
237 1880 346 1919 dabat
366 1896 446 1921 vero
467 1885 625 1922 carmina
643 1885 744 1935 plena
761 1887 839 1927 Dei.

104 1945 300 1999 quomodo
324 1947 460 1987 Mazar.
488 1949 591 1988 Voff.
620 1951 762 1990 Arond.
783 1953 821 1990 &
850 1961 922 1992 tres
940 1954 1014 1995 alii.
1034 1963 1145 2005 atque

105 2003 153 2031 ita
179 2007 223 2032 ex
253 1998 463 2053 coiijesstura
493 2001 659 2051 Scaliger.
691 2003 836 2052 Captol.
863 2006 1048 2043 Macrino.
1078 2014 1147 2044 Va-

105 2054 153 2080 tes
177 2046 313 2094 coelestis
331 2051 423 2098 apud
451 2052 700 2101 Carthaginem
715 2082 724 2097 ‚
751 2068 840 2104 quae
849 2055 906 2092 deo
923 2057 1048 2105 repleta
1056 2058 1146 2105 fhle-

107 2093 167 2131 bat
191 2111 275 2133 vera
294 2111 422 2139 canere.
452 2103 597 2141 Heius.
636 2109 707 2140 Ora
732 2105 842 2142 dabat
866 2106 964 2156 pleno
991 2110 1144 2146 carmine

108 2159 192 2182 vera
215 2153 285 2184 Deo
312 2151 398 2188 alter
420 2153 547 2191 Mazar
566 2166 632 2201 pro
655 2166 728 2192 var.
750 2155 832 2194 leet.

155 2208 238 2245 475.
269 2207 359 2237 Haec
378 2204 500 2253 natm]
541 2211 631 2241 Haec
653 2216 752 2243 vates
781 2209 949 2246 Francof.
969 2221 999 2246 a.
1018 2221 1070 2248 m.
1089 2223 1141 2259 pi‘.

133 2249 236 2305 1476.ἶ
266 2251 453 2302 Multaque
468 2256 682 2306 praeterea]
736 2258 841 2296 Alter
865 2260 1046 2298 Puteanus
1075 2274 1141 2310 pro

104 2295 241 2356 diverla
274 2300 433 2340 lectione
457 2332 466 2347 ‚
510 2306 703 2348 praeterito.
737 2321 829 2347 unus
851 2310 1022 2349 Ambros.
1041 2313 1143 2350 Mul-

105 2357 154 2383 ta.
183 2360 245 2386 vix
267 2351 394 2390 dubito
416 2354 596 2393 Ovidium
619 2358 781 2396 nostrum
801 2359 984 2408 scripsisse,

158 2400 314 2436 Multam
334 2406 514 2450 praeterito
531 2416 675 2456 tempore
692 2413 795 2446 nacla
807 2411 930 2458 fidem.

104 2451 286 2492 praeterito
304 2461 470 2501 tempore,
492 2464 530 2492 ut
551 2458 614 2495 lib.
637 2470 672 2496 V.
687 2460 773 2498 681.

158 2513 275 2550 Ablue
289 2518 465 2563 praeteriti
481 2520 629 2564 perjuria
651 2522 827 2568 temporis,
855 2523 983 2571 inquit.

211 2565 328 2601 Ablue
342 2567 523 2613 praeterito
541 2566 669 2614 perfida
691 2569 798 2606 verba
817 2571 882 2607 die.

108 2612 167 2651 ubi
191 2614 264 2652 duo
290 2617 473 2653 veterrimi
493 2618 659 2661 codices,
680 2628 854 2666 praeterea
873 2622 936 2659 die.
962 2622 1140 2666 similiter.

107 2663 250 2702 Heius.
279 2665 358 2712 Ego
382 2666 470 2703 nihil
489 2676 606 2704 muto,
636 2680 704 2706 nec
721 2670 858 2708 sensum
881 2680 1007 2720 aptum
1028 2675 1139 2713 video

107 2714 222 2751 inilia
250 2715 487 2753 correctione.
515 2717 573 2754 sed
603 2726 771 2767 tempore
799 2722 836 2758 &
871 2732 1007 2761 eventu
1026 2723 1138 2764 fidem

108 2763 234 2802 nactae
254 2765 332 2804 sunt
353 2767 428 2815 ejus
457 2768 756 2814 vaticinationes,
783 2772 912 2821 quibus
930 2773 1045 2812 statim
1061 2787 1140 2814 non

108 2815 326 2854 credebatur.
372 2816 558 2855 Debuiffet
579 2831 666 2868 ergo
690 2822 809 2869 potius
830 2823 950 2862 dicere
974 2825 1142 2875 sequenti

111 2873 278 2914 tempore
294 2894 304 2912 ,
325 2879 402 2905 non
423 2870 628 2917 praeterito.
657 2871 724 2920 Ep.
745 2884 816 2912 νη.
833 2885 914 2923 179.

246 2982 252 2988 ι
387 2934 471 2971 dum
492 2944 655 2983 tempore,
685 2948 728 2976 (9⁹
745 2939 808 2987 usic

157 2987 304 3019 Fortiter
322 2984 424 3034 edisco
440 2985 550 3033 tristia
564 2986 646 3035 poffi‘
662 2989 748 3036 pati.
786 2991 868 3029 BUR
876 3006 915 3031 M.

127 3095 134 3102 ·
158 3058 242 3092 477.
261 3048 431 3104 'Nimium
461 3064 546 3087 vera
567 3065 644 3089 cum
666 3055 820 3104 matra]
858 3055 938 3094 Pari
961 3054 1140 3106 fignifica-

109 3102 211 3134 tione
233 3097 322 3136 dixit
341 3101 377 3137 in
400 3100 575 3149 Epistola:
602 3115 637 3140 v.
659 3116 741 3152 123.

113 3147 220 3230 NAh
248 3149 397 3187 nimium
427 3153 566 3200 miserae
587 3165 687 3191 vates
707 3155 797 3193 mihi
815 3170 899 3194 vera
911 3156 1012 3206 fuisti
1025 3163 1040 3194 l

153 3207 282 3237 Em‘ot.

163 3247 243 3290 478.
271 3251 401 3298 Deserit
438 3254 673 3304 Arcadiam]
736 3259 936 3297 Arcadium
972 3262 1145 3300 Strozzae

115 3295 244 3334 codex.
277 3302 377 3347 quod
404 3304 564 3351 praestat.
596 3307 705 3344 larem
735 3309 909 3359 intellige.
945 3317 1002 3351 lta
1029 3320 1147 3361 Arca-¹

2097 1023 2250 1094 Con}¹

1197 1159 1251 1197 dis
1286 1159 1361 1208 agri
1395 1159 1455 1199 lib.
1487 1173 1523 1199 v.
1561 1169 1623 1209 91.
1688 1158 1839 1196 Arcadii
1874 1172 1961 1208 reges
2002 1159 2107 1207 Virg.
2145 1164 2238 1200 vm.¹

1198 1211 1350 1248 AEneid.
1388 1212 1533 1249 Heius.
1591 1209 1883 1260 Parrhasiumque
1905 1223 2022 1247 nemus
2068 1210 2239 1257 Francof.

1200 1261 1393 1309 eleganter.
1421 1263 1508 1310 quia
1545 1261 1741 1299 Carmenta
1779 1261 1960 1299 Poe'tria:
1998 1272 2152 1299 nemora
2182 1273 2248 1297 auo

1198 1319 1275 1347 teni
1297 1339 1307 1355 ‚
1354 1320 1453 1349 antra
1485 1313 1522 1348 &
1556 1311 1681 1349 similia
1710 1312 1792 1349 loca
1820 1311 1894 1350 sola
1924 1312 2048 1350 Po'e'tis
2077 1310 2247 1358 placuisse

1196 1369 1330 1399 notum
1363 1362 1424 1399 est.
1478 1361 1578 1400 Vide
1609 1362 1727 1400 Bentl.
1748 1362 1793 1401 ad
1814 1363 1949 1401 Horat.
1974 1375 2002 1401 1.
2029 1362 2105 1400 Od.
2125 1373 2182 1412 32.
2209 1363 2249 1399 ὃς

1196 1412 1375 1460 plurimos
1397 1413 1500 1451 alios.
1528 1413 1661 1451 Bonivi.
1877 1445 1880 1448 .
1923 1456 1926 1459 y

1248 1463 1334 1504 480.
1362 1463 1463 1510 Siste,
1486 1473 1601 1513 precor
1621 1493 1631 1509 ,
1659 1463 1870 1514 lacrymam]
1935 1464 2014 1510 Siste
2036 1492 2045 1508 ,
2068 1474 2153 1514 puer
2180 1468 2250 1509 vei

1196 1514 1310 1552 tustae
1353 1515 1534 1554 editiones
1575 1528 1660 1554 cum
1699 1517 1863 1565 quinque
1903 1515 2049 1564 scriptis.
2095 1516 2245 1554 Heius,

1198 1565 1254 1603 Ita
1275 1568 1313 1603 &
1334 1566 1426 1613 supr.
1451 1567 1534 1614 367.
1562 1567 1636 1603 vid.
1656 1566 1716 1604 lib.
1740 1580 1784 1604 ii.
1803 1568 1898 1603 Met.
1925 1578 2006 1611 127.

1247 1616 1331 1663 481.
1361 1616 1552 1666 Fugavit.]
1583 1617 1626 1655 In
1644 1617 1794 1654 exilium
1815 1617 1934 1665 ejecit.
1962 1617 2133 1654 CIOFAN.

1249 1667 1333 1714 482.
1362 1667 1602 1716 Offenfhdeo.]
1642 1669 1772 1711 Jnsenfti
1786 1668 1994 1705 Matthaeus
2014 1667 2245 1704 Herculanus

1200 1730 1246 1756 ex
1266 1718 1382 1756 veteri
1400 1719 1491 1755 libro
1512 1727 1618 1755 notat
1638 1719 1675 1755 in
1708 1717 1838 1755 codice
1860 1717 1939 1755 suo.
1966 1718 2067 1765 quod
2091 1718 2130 1754 3<
2150 1728 2248 1753 mar-

1198 1770 1323 1819 ginem
1346 1769 1575 1815 quarundam
1598 1768 1808 1806 editionum
1831 1769 2039 1816 occupavit.
2075 1767 2146 1805 Sed
2167 1765 2250 1809 vul-e

1199 1829 1282 1869 gata
1315 1821 1427 1859 lectio
1456 1821 1549 1857 bene
1580 1819 1614 1857 se
1650 1819 1772 1858 habet.
1838 1819 2007 1869 Cydippe
2053 1818 2123 1867 Ep.
2160 1822 2248 1857 xxti

1201 1883 1350 1960 47Nam
1373 1922 1476 1972 pudet
1499 1934 1542 1962 ο·
1570 1921 1695 1967 timeo,
1721 1920 1888 1973 quamvis
1908 1919 1998 1958 mihi
2018 1920 2147 1968 conscia
2173 1921 2243 1957 non

1391 1987 1440 2011 tm
1456 2001 1465 2017 ,

1302 1973 1451 2075 Offeirfhs
1468 2024 1593 2061 videar
1612 2037 1653 2061 ne
1673 2023 1826 2073 meruiſje
1846 2023 1933 2061 deos.

1201 2077 1346 2115 HMNS.
1375 2075 1506 2125 Offimso
1530 2073 1758 2113 retinuimus.
1785 2075 1910 2112 alludit
1937 2074 2037 2111 enim
2061 2099 2071 2116 ,
2111 2080 2151 2110 ut
2171 2070 2246 2119 sae}

1160 2172 1164 2175 ,
1200 2140 1247 2177 pe
1263 2156 1273 2172 ,
1303 2129 1419 2165 Poeta
1438 2127 1482 2163 ad
1505 2125 1608 2163 suum
1632 2125 1810 2163 exsilium.
1838 2133 1887 2162 ita
1910 2136 1945 2161 V.
1967 2123 2078 2162 Trist.
2097 2136 2145 2162 11.

1253 2179 1421 2215 Maxima
1445 2185 1553 2226 poena
1579 2175 1669 2213 mihi
1688 2175 1798 2225 ipsum
1819 2175 1996 2225 offendiffe.

1201 2230 1354 2269 1.Trist.
1374 2242 1420 2266 11.

1249 2289 1375 2340 Offinfi
1393 2304 1457 2342 quo
1478 2304 1534 2329 me
1553 2289 1712 2340 compulit
1731 2290 1786 2328 ira
1809 2289 1888 2329 Dei.

1202 2370 1217 2396 1
1236 2357 1348 2395 Pont.
1366 2356 1430 2393 ult.

1249 2420 1406 2469 Caesaris
1425 2419 1587 2469 offensum
1605 2430 1683 2457 tum
1701 2418 1790 2456 mihi
1810 2429 1940 2454 numen
1964 2416 2042 2453 erit.

1201 2484 1240 2521 δε
1260 2484 1398 2531 passim.
1421 2483 1540 2529 pulsus
1566 2493 1609 2519 ea·
1634 2482 1710 2517 orbe
1737 2482 1848 2518 etiam
1870 2479 1958 2516 0610
1977 2478 2068 2516 libri.
2098 2478 2135 2516 in
2155 2476 2243 2524 Ber-2]

1197 2532 1300 2568 nensi
1312 2531 1458 2568 turbatis
1477 2529 1594 2566 verbis
1614 2538 1688 2567 erat
1702 2557 1713 2573 ,

1249 2593 1304 2631 Sic
1323 2599 1415 2630 Deus
1432 2595 1549 2642 offensi)
1565 2622 1574 2637 ,
1604 2608 1660 2631 mc
1681 2604 1714 2631 te
1732 2603 1796 2630 tua
1818 2592 1916 2641 culpa
1927 2593 2100 2639 fugarat,

1303 2645 1356 2680 Sic
1377 2655 1452 2680 erat
1474 2644 1511 2680 in
1522 2645 1614 2691 fatis
1628 2673 1638 2687 ,
1665 2644 1779 2694 pulsus
1800 2657 1831 2679 cx
1852 2642 1926 2679 orl-e
1958 2648 2039 2680 Deo.

1195 2714 1266 2746 tres
1278 2709 1358 2754 alii,
1370 2724 1427 2747 nec
1446 2720 1564 2747 tamen
1577 2709 1705 2759 offenso.
1715 2708 1953 2757 totidein‚sed
1965 2718 2095 2746 tamen.
2111 2708 2243 2748 Bumri

1246 2775 1333 2823 483.
1360 2775 1521 2825 Meriti.]
1573 2775 1711 2812 Meritis
1730 2775 1837 2813 Bern.

1248 2838 1334 2888 483.
1361 2839 1424 2875 Sed
1445 2839 1601 2876 numinis
1621 2839 1751 2889 iram]
1806 2838 1910 2877 Absit
1938 2840 2029 2878 haec
2051 2841 2087 2878 in
2111 2842 2239 2879 Deum

1199 2890 1436 2927 contumelia.
1466 2891 1642 2927 NEAPOL.

1249 2951 1333 2998 484.
1361 2952 1416 2997 Est
1434 2953 1572 3003 aliquid
1590 2951 1761 3002 magnif]
1813 2952 1938 3002 Magni
1966 2964 2059 2990 unus
2085 2952 2243 2991 Heinfiii

1199 3010 1239 3042 ut
1265 3003 1402 3051 aliquid
1423 3004 1566 3051 solliciti
1593 3015 1662 3041 vii.
1693 3004 1750 3040 M.
1770 3015 1852 3051 454.
1879 3003 2021 3052 aliquid
2040 3004 2133 3052 regni
2159 3014 2242 3041 xiv.

1197 3064 1259 3091 20.
1293 3054 1430 3102 aliquid
1441 3056 1559 3103 sensus
1578 3066 1605 3091 1.
1635 3066 1677 3091 ex
1697 3055 1808 3092 Pont.
1829 3066 1884 3092 11.
1906 3066 1988 3102 113.
2009 3066 2086 3092 non
2113 3063 2240 3092 tamen

1197 3106 1401 3152 praeferam
1425 3107 1604 3155 vulgatae.
1633 3104 1762 3142 Euam.

1249 3163 1332 3211 484.
1360 3166 1503 3202 Crimen
1528 3165 1628 3216 abesse
1655 3167 1797 3218 malis.]
1853 3168 1907 3206 Ita
1935 3167 2005 3210 est;
2035 3168 2239 3216 magnuiri‚'

1198 3216 1272 3263 pati
1291 3215 1365 3253 fine
1383 3215 1496 3264 culpa.
1536 3217 1636 3255 Bene
1666 3231 1787 3264 nunc,
1818 3218 1957 3262 Ovidi,
1985 3219 2148 3257 locutus,
2177 3215 2238 3254 scd

1200 3266 1283 3303 alibi
1303 3267 1446 3312 ἀσόφως
1472 3269 1512 3305 &
1541 3269 1640 3318 vulgi
1659 3269 1771 3309 sensu.
1799 3278 1841 3308 tu
1875 3269 1974 3309 idem
1996 3280 2056 3313 es,
2084 3268 2145 3314 qui
2166 3267 2236 3303 ais:

1206 3327 1247 3356 11
1269 3316 1358 3357 Am.
1379 3330 1452 3357 vix.
1474 3330 1520 3357 xi.
2246 3368 2249 3371 .

2174 3371 2250 3412 A&
