2495 3675
307 178 412 234 594

836 151 897 211 P.
972 126 1389 212 ovinii
1449 144 1981 214 NAsonis

463 272 491 325 ς
604 252 715 325 Iam
741 254 936 310 violam
960 255 1221 327 puerique
1248 253 1434 321 legunt
1462 249 2018 335 hilaresque-puellam

681 327 898 382 Rustica
920 345 1080 399 quam
1104 327 1249 379 nullo
1274 337 1414 376 terra
1438 321 1645 378 serente
1669 339 1824 396 gerit.

609 399 873 473 Prataque
900 399 1191 469 pubescunt
1218 395 1487 450 variorum
1512 395 1648 450 flore
1673 399 1949 465 colorum,

677 472 1007 542 Indocilique
1033 473 1230 541 loquax
1252 480 1470 540 gutture
1501 483 1682 524 vernat
1708 471 1830 526 avis,

603 543 787 618 thue
817 545 980 597 malae
1006 542 1212 595 crimen
1238 541 1416 595 matris
1445 541 1680 614 deponat
1706 544 1971 610 hirundo,

462 637 523 674 10

673 617 779 671 Sub
808 613 1039 668 trabibus
1064 631 1223 668 cunas
1250 630 1514 685 parvaque
1539 615 1675 670 tedia
1699 616 1840 672 facit.

603 688 899 760 Hei-[saque
917 724 933 749 ‚
973 705 1110 760 quae
1133 687 1281 742 latuit
1305 686 1613 743 Cerealibus
1638 689 1827 745 obruta
1850 692 2027 758 sulciS,

676 760 886 816 Exserit
913 762 943 813 e
969 760 1148 832 tepida
1177 760 1336 814 molle
1362 778 1619 816 cacumen
1650 763 1832 819 lium0.

357 1045 421 1053 ——-
445 1045 507 1053 --
534 1025 703 1075 annisque
723 1025 862 1072 peraifla

359 1075 503 1111 Tardior
520 1076 675 1125 antiquis
696 1076 771 1123 visa
797 1072 945 1112 Maeotis
961 1072 1082 1113 hiems.

305 1135 360 1171 ‘Tb
386 1136 531 1172 Maeotis
551 1135 613 1172 etii
638 1148 712 1171 non
740 1136 873 1182 ignoro
893 1134 1091 1183 quomodo
1114 1133 1263 1172 defendi
1291 1133 1352 1172 hic

305 1186 412 1234 possit
435 1214 443 1229 ‚
482 1196 605 1222 tamen
629 1185 734 1222 valde
765 1186 968 1233 suspedium
991 1185 1050 1222 est.
1088 1196 1227 1234 quaero
1249 1185 1350 1223 enim

305 1237 517 1284 exemplum
534 1246 720 1283 correptae
741 1237 878 1283 primae
902 1237 937 1273 in
958 1236 1031 1273 hoc
1051 1236 1164 1273 verbo
1185 1235 1354 1282 syllabae.

304 1287 368 1324 etsi
391 1288 545 1334 primam
568 1288 604 1324 in
623 1287 771 1336 praeiret
791 1287 923 1325 Statius
944 1286 1159 1335 produxerit
1187 1286 1351 1324 Thebai-

305 1338 372 1376 dos
394 1349 446 1374 vx.

355 1421 427 1430 ·—
455 1420 516 1429 —
541 1414 674 1438 vacuus
693 1400 830 1438 domino
844 1399 996 1450 praeiret
1016 1399 1145 1439 Arion.

308 1479 474 1509 ceterum
496 1471 690 1508 Maeotidas
715 1471 829 1509 undas
848 1500 858 1517 ,
885 1483 962 1509 non
986 1471 1174 1509 Maeotidos
1195 1471 1231 1509 in
1254 1474 1351 1520 opti-

303 1523 377 1610 iniis
410 1523 553 1560 Lucani
580 1522 845 1571 exemplaribus
874 1521 1043 1572 reperisse
1081 1534 1143 1561 me
1175 1523 1351 1563 recordor

318 1585 326 1609 i
356 1584 396 1610 ro
421 1586 483 1610 111.

355 1636 508 1687 ‹Qaque
520 1637 657 1683 fretum
675 1647 807 1675 torrens
826 1635 1019 1674 Maeotidas
1035 1635 1138 1686 egerit
1159 1636 1285 1675 undas.

302 1697 353 1737 sic
373 1700 411 1738 &
444 1701 623 1738 Maeotida
655 1702 788 1752 Tethyn
804 1702 914 1740 habes
935 1701 1031 1753 apud
1053 1701 1244 1740 Avienum
1272 1702 1352 1741 De-

303 1749 500 1799 scriptione
522 1752 685 1791 Terrae:

349 1837 413 1848 --
440 1841 503 1849 -—
525 1820 641 1868 procul
662 1819 743 1857 hinc
765 1820 945 1858 Maeotida
968 1819 1102 1868 Tethyn

351 1875 492 1915 Intrat,
520 1881 563 1910 <9⁰
581 1870 704 1918 inserto
717 1873 813 1918 freta
832 1871 927 1920 pellit
952 1870 1051 1917 vasta
1073 1869 1212 1919 fluento.

300 1933 447 1971 Hit-ms.
475 1934 654 1972 Tentavit
674 1935 710 1972 in
740 1935 871 1973 hiemis
900 1936 1052 1984 gratiam
1069 1963 1079 1979 ‚
1105 1935 1342 1985 conje8tura‚

299 1984 471 2033 Scythica
501 1985 625 2022 hieme
653 1985 864 2032 frigidiore,
899 1987 998 2023 hunc
1026 1986 1153 2024 locum
1191 1986 1346 2032 Jacobus

298 2035 515 2073 Gronovius
539 2037 575 2073 in
590 2035 856 2085 Disquifitione
877 2036 922 2073 de
943 2036 1114 2074 Icuncula
1138 2036 1321 2074 Smetiana
1335 2067 1345 2083 ‚

297 2086 359 2123 ubi
380 2085 571 2136 postquam
595 2094 700 2124 notas
729 2086 870 2124 Heinsii
897 2089 934 2124 in
965 2086 1154 2125 Nasonem
1174 2087 1344 2126 infamas·

297 2135 372 2182 set,
398 2137 510 2186 legit,

350 2201 493 2250 Largior
513 2200 678 2238 Antoecis
698 2200 803 2249 instat
824 2200 952 2239 Athois
973 2201 1094 2242 hiems.

296 2291 392 2330 quae
414 2281 592 2330 explicat,
619 2279 804 2319 disceffiss‘e
827 2292 871 2318 ex
893 2281 949 2319 illa
971 2280 1130 2329 ipsorum
1143 2282 1336 2322 habitatio-

295 2343 345 2369 ne
365 2333 551 2377 hiemem,
581 2340 620 2370 ut
641 2332 718 2380 jam
740 2333 832 2369 vires
857 2331 932 2369 suas
954 2332 1089 2370 exserat
1111 2335 1148 2371 in
1170 2334 1337 2382 opposita

296 2382 428 2421 mundi
450 2392 550 2432 parte
564 2410 574 2427 ‚
601 2394 713 2431 quam
742 2390 883 2420 veteres
909 2382 1110 2421 statuebant
1129 2384 1173 2422 ad
1194 2387 1338 2423 Antoe-

294 2444 371 2470 cos.
392 2433 451 2471 sed
472 2434 558 2471 tales
577 2433 827 2481 elegantissimi
848 2433 885 2470 ὃς
914 2434 1077 2472 facillimi
1097 2434 1235 2473 Po'e'tae
1256 2447 1339 2473 mo-

295 2484 396 2521 rosae
425 2485 679 2532 corruptiones
707 2484 819 2532 longe
849 2483 998 2528 abeant3
1028 2485 1150 2523 immo
1182 2486 1219 2523 ὃς
1239 2486 1338 2534 quasi

293 2534 473 2572 sufficeret
497 2545 513 2572 a
534 2535 567 2572 se
585 2543 660 2571 tam
687 2534 800 2572 felicis
824 2535 960 2583 ingenii
982 2536 1131 2573 inventa
1146 2536 1336 2584 proficisci,

293 2585 578 2634 nihiladjestiim
594 2584 793 2622 firmandae
813 2592 886 2622 tam
911 2586 1127 2623 temerariae
1147 2587 1334 2636 conjectu-

294 2645 354 2670 rae
369 2663 378 2678 ‚
392 2648 485 2684 quae
508 2636 673 2674 manibus
687 2635 892 2673 Heiniianis
909 2663 917 2678 ,
935 2635 959 2673 fi
980 2636 1171 2684 superesset
1192 2638 1309 2676 sensus
1321 2667 1331 2683 ,

293 2684 402 2722 risum
418 2695 644 2725 excuterent.
672 2686 731 2724 sed
753 2687 890 2724 mitiori
905 2698 1017 2724 manu
1037 2687 1071 2724 se
1094 2688 1242 2726 credens
1261 2696 1332 2726 tra-

295 2733 402 2772 &ass‘e
422 2737 496 2774 hoc
517 2737 616 2775 ulcus
638 2737 769 2776 doetus
793 2737 1017 2785 Verburgius
1032 2765 1041 2782 ,
1069 2739 1260 2787 postquam
1282 2741 1330 2776 ob

293 2788 571 2825 venerationem
593 2789 684 2825 tanti
703 2788 864 2825 nominis
887 2786 1027 2825 silentio
1048 2797 1122 2825 tam
1145 2790 1331 2838 egregium

292 2835 487 2874 inventum
507 2836 716 2876 involvifl'et
730 2866 738 2880 ‚
759 2838 831 2887 ipse
854 2849 1005 2887 quoque
1027 2839 1110 2876 ense
1131 2840 1333 2877 rescindens

289 2885 420 2922 vulnus
435 2888 703 2925 immedicabile
717 2917 727 2932 ‚
739 2890 785 2926 ita
797 2889 896 2936 legit,
913 2889 1051 2937 Longior
1062 2900 1144 2925 ante
1155 2889 1243 2926 alias
1256 2891 1332 2937 visa

291 2938 441 2972 Maeotis
462 2937 580 2974 hiems.
608 2939 776 2976 Francius
800 2939 978 2983 malebat,
1009 2942 1148 2988 Longior
1171 2941 1329 2979 Euxinis.

292 2983 390 3022 Tan.
413 2986 497 3023 Fal).
514 2987 573 3024 lib.
594 3001 621 3025 i.
653 2989 759 3036 Epist.
781 2991 839 3030 67.
867 3001 978 3037 quem
1004 2991 1175 3028 Heinsius
1195 2991 1328 3039 fignifi-

290 3043 370 3079 cat,
398 3036 562 3084 legebat,
592 3038 717 3086 longior
738 3052 759 3074 a
781 3039 876 3074 vobis
905 3042 1003 3088 versa
1029 3043 1173 3078 Maeotis
1195 3042 1299 3078 hiems
1316 3071 1325 3087 ,

288 3087 326 3123 in
345 3087 474 3135 quibus
497 3088 632 3125 sensum
663 3089 908 3126 commodum
941 3102 1016 3126 non
1047 3092 1170 3130 video.
1192 3093 1251 3130 sed
1274 3094 1328 3131 vi-
1381 3093 1468 3131 illud
1501 3096 1642 3132 Moeotis
1679 3096 1905 3145 adscripscrat
1943 3099 2094 3145 quidem
2120 3129 2131 3145 ,

2303 895 2451 973 Quo.
2487 882 2495 894 ‘

1405 1023 1506 1072 plura
1535 1024 1580 1063 ad
1610 1025 1800 1065 Valerium
1835 1026 2008 1068 Flaccum
2048 1043 2094 1071 ex
2115 1033 2190 1073 aliis
2229 1034 2448 1085 produstuti.

1407 1075 1539 1113 Noster
1552 1087 1640 1125 ergo
1652 1088 1696 1114 ex
1707 1077 1816 1116 Pont.
1829 1091 1853 1116 i.
1867 1091 1902 1117 v,
1917 1091 1975 1128 37.

1458 1137 1599 1173 Saucius
1617 1138 1734 1186 ejurat
1751 1148 1904 1187 pugnam
1919 1142 2095 1189 gladiator
2107 1172 2119 1190 ,
2147 1155 2190 1185 (9·
2209 1144 2303 1185 idem

1511 1194 1699 1225 Immemor
1717 1189 1860 1239 antiqui
1881 1192 2039 1232 vulneris
2065 1209 2169 1235 arma
2187 1198 2292 1246 capit.

1408 1264 1439 1291 1.
1455 1252 1545 1292 Am.
1564 1267 1642 1293 inv.
1664 1268 1722 1307 53.

1457 1314 1604 1361 sustinet
1624 1318 1788 1370 antiquos
1805 1321 1932 1371 gremio
1949 1323 2096 1374 speffare
2113 1328 2261 1378 sapillos.

1409 1393 1436 1419 1.
1460 1382 1554 1421 Met.
1577 1384 1659 1423 116.

1457 1445 1603 1495 Jupiter
1622 1447 1766 1500 antiqui
1782 1451 1960 1489 contraxit
1977 1461 2123 1503 tempore
2141 1457 2247 1496 veris.

1405 1509 1453 1598 geg
1457 1523 1524 1598 611.
1550 1522 1633 1561 523.
1689 1514 1846 1553 Vindicet
1871 1517 2060 1568 antiquam
2081 1520 2225 1568 faciem.
2258 1533 2321 1562 xv.
2355 1522 2442 1565 Mer.

1455 1627 1640 1675 Antiquos
1657 1627 1820 1667 abiturus
1838 1630 1970 1681 respicit
1987 1644 2081 1672 aras.

1406 1691 1500 1740 supr.
1520 1692 1625 1743 Eleg.
1646 1707 1717 1732 vir.
1736 1707 1802 1750 294

1456 1761 1618 1805 Rugaque
1634 1757 1671 1794 in
1686 1759 1835 1810 antiqua
1847 1761 1968 1806 fronte
1978 1760 2098 1810 senilis
2116 1763 2193 1802 erit.

1397 1822 1436 1860 &
1458 1833 1486 1858 1.
1504 1820 1615 1860 Trist.
1639 1834 1674 1861 v.
1697 1834 1756 1872 32.

1449 1890 1495 1923 Et
1510 1894 1593 1936 pars
1611 1887 1752 1937 antiqui
1771 1900 1901 1938 magna
1921 1888 2049 1940 vigoris
2069 1890 2170 1941 abest.

1404 1952 1443 1989 δε
1465 1962 1519 1988 ιν.
1539 1962 1573 1987 x.
1599 1961 1658 1998 94.

1451 2001 1635 2050 Antiquas
1646 1998 1898 2051 miscueratque
1919 2014 2044 2042 comas.

1402 2067 1439 2105 Sc
1464 2069 1512 2106 ita
1533 2068 1680 2105 centies.
1708 2067 1747 2105 ὅ(
1769 2066 1817 2105 fic
1841 2069 2032 2117 antiquum
2050 2098 2060 2115 ,
2089 2082 2157 2119 pro
2178 2072 2269 2112 olim
2300 2086 2327 2114 1.
2353 2073 2440 2114 Fastt

1399 2119 1484 2164 641.
1530 2130 1624 2166 quae
1652 2117 1841 2156 cumulare
1869 2119 2054 2159 fastidiosis
2077 2122 2116 2160 δε
2141 2125 2315 2163 comtulis
2334 2125 2440 2164 Criti-

1399 2170 1448 2207 cis
1466 2169 1636 2207 nauseam
1668 2177 1877 2207 moverent.
1902 2172 2018 2209 miror
2043 2183 2111 2221 pro
2129 2175 2293 2211 Antoecis
2316 2175 2439 2215 saitem

1395 2231 1473 2258 non
1500 2217 1692 2266 reposuiffe
1723 2219 1893 2256 amentiis
1913 2222 2152 2259 Gronovium
2173 2238 2184 2266 ;
2222 2224 2325 2272 quod
2353 2227 2440 2266 faci-
2494 2255 2495 2259 ,

1394 2269 1462 2308 lius
1493 2279 1579 2308 erat.
1606 2271 1643 2307 in
1680 2281 1776 2307 voce
1811 2281 1899 2318 ergo
1934 2272 2083 2308 Maeotis
2117 2272 2206 2311 latet
2233 2274 2435 2322 mendum,
2494 2291 2495 2298 ¹

1391 2321 1495 2370 quod
1515 2321 1660 2359 tolerari
1681 2331 1758 2358 non
1784 2320 1912 2368 potest.
1936 2332 2007 2360 nec
2029 2334 2074 2360 ex
2091 2322 2226 2373 scriptis
2244 2324 2435 2366 subsidium
2492 2347 2494 2373 5

1391 2371 1520 2409 afferre
1545 2372 1665 2420 potuit
1695 2370 1867 2409 Heinsius
1886 2399 1897 2415 ‚
1933 2383 2161 2422 quamquam
2186 2376 2285 2423 plura
2304 2388 2349 2414 ex
2373 2388 2435 2417 co·
2492 2402 2495 2413 2

1393 2422 1530 2461 dicibus
1586 2421 1766 2459 veteribus
1823 2422 1981 2459 indicata
2035 2424 2145 2462 vellet
2194 2427 2430 2474 Gronovius,
2490 2434 2494 2447 ³

1394 2485 1479 2511 curn
1502 2473 1599 2511 nulla
1630 2473 1782 2511 varietas
1809 2473 2133 2521 deprehendatur;
2167 2476 2233 2514 nifi
2255 2479 2291 2516 in
2321 2478 2430 2526 prima
2489 2496 2491 2522 2

1392 2536 1489 2562 voce
1517 2523 1644 2572 longior
1661 2551 1671 2567 ,
1699 2535 1765 2571 pro
1786 2535 1856 2571 qua
1877 2522 2002 2573 largior
2021 2524 2201 2565 Arondel.
2233 2528 2272 2566 &
2301 2528 2430 2566 tardior
2494 2547 2495 2550 =

1391 2578 1541 2625 antiqua
1567 2574 1747 2612 editiones
1791 2583 1931 2612 veteres
1961 2575 2142 2623 quaedam
2175 2580 2213 2615 &
2251 2579 2426 2628 Grypffli,
2494 2611 2495 2614 ,

1392 2625 1581 2663 Vincentii
1598 2653 1607 2669 ‚
1633 2625 1774 2672 Micylli
1799 2626 1837 2662 ὃς
1861 2625 2029 2663 aliorum.
2059 2627 2128 2675 ipsa
2156 2631 2299 2667 Maeotis
2323 2630 2427 2676 prim.

1388 2676 1528 2714 Editio.
1550 2675 1786 2712 Bersmannus
1801 2688 1901 2719 ,non
1914 2676 2070 2715 indicata
2098 2680 2331 2728 conjeeiurae
2348 2679 2428 2721 suae
2488 2704 2495 2713 ,ι

1388 2727 1546 2769 ratione,
1557 2725 1685 2773 longior
1696 2726 1854 2772 antiquis
1867 2727 1943 2775 visa
1961 2727 2096 2764 meavit
2109 2729 2218 2767 hiems
2231 2759 2241 2776 ,
2255 2730 2425 2781 Micyllus
2491 2746 2495 2768 .’

1389 2788 1474 2813 cum
1506 2778 1570 2814 liic
1599 2775 1814 2824 despeiasset
1845 2776 1892 2815 de
1921 2778 2103 2816 medicina
2128 2808 2137 2823 ,
2177 2781 2221 2820 ad
2249 2782 2307 2820 lib.
2328 2794 2355 2820 1.
2379 2792 2423 2820 ex

1388 2827 1494 2864 Pont.
1536 2827 1636 2876 Eleg.
1672 2841 1696 2864 1.
1727 2828 1814 2874 legit
1839 2856 1849 2871 ‚
1885 2827 2020 2865 tardior
2049 2831 2209 2882 antiquis
2231 2833 2310 2879 visa
2340 2844 2421 2869 rece·
2492 2844 2495 2850 ·

1389 2878 1443 2913 dit
1463 2878 1582 2915 hiems.
1615 2881 1653 2915 δε
1683 2887 1781 2916 certe
1801 2879 1873 2916 tale
1895 2878 2045 2928 aliquod
2065 2883 2220 2921 verbum
2252 2883 2423 2922 desidera·
2494 2891 2495 2894 ’

1389 2928 1417 2965 ri
1438 2937 1552 2976 puto:
1575 2929 1670 2967 forte
1686 2956 1697 2972 ‚

1905 2985 2082 3029 Annoque
2094 2986 2227 3029 perab't'o
2238 3013 2250 3030 ‚

1435 3028 1578 3077 Longior
1596 3028 1754 3076 antiquis
1773 3030 1850 3076 visa
1870 3057 1880 3074 ‚
1909 3034 2063 3080 fugatur
2082 3033 2201 3072 hiems.

286 3138 380 3175 tium
404 3137 525 3174 frustra
543 3140 744 3190 quaeritur2
772 3140 808 3176 in
831 3140 987 3189 antiquis
1002 3168 1011 3182 ,
1037 3153 1132 3190 quae
1156 3155 1229 3180 vox
1245 3155 1328 3191 pro·
1382 3146 1590 3192 praeteritas
1610 3146 1751 3184 hiemes
1773 3149 1809 3184 in
1831 3148 1932 3184 Italia
1958 3149 2076 3192 aetas.
2105 3152 2144 3189 &
2166 3153 2349 3193 breviores
2368 3155 2422 3193 vi·

288 3188 333 3225 ba
354 3189 392 3225 &
415 3188 494 3225 sana
511 3216 520 3231 ‚
551 3197 726 3237 notatque
746 3191 1022 3237 praeteritorum
1046 3203 1228 3231 annorum
1252 3195 1330 3232 hie-
1381 3195 1431 3232 sas
1463 3197 1625 3241 cogitans
1647 3224 1657 3239 ,
1709 3209 1808 3235 nunc
1840 3198 2046 3237 Maeotidas
2074 3202 2214 3241 hiemes
2241 3205 2421 3255 longiores
2484 3206 2495 3240 i

1384 3245 1446 3293 ipfi
1478 3246 1567 3282 visas
1599 3255 1805 3285 notaverat.
1838 3247 1898 3285 sed
1929 3249 2003 3287 hoc
2038 3251 2086 3289 est
2115 3254 2304 3299 hariolari;
2336 3266 2419 3294 nam
2482 3268 2495 3292 ¹⁴.

285 3249 365 3276 mes
387 3266 397 3282 ‚
427 3248 465 3276 ut
485 3238 582 3276 reete
605 3240 681 3287 jain
706 3240 848 3277 Merula
872 3241 909 3276 &
935 3240 1118 3279 Pomanus
1141 3253 1328 3283 notarunt.

287 3288 326 3337 βε
354 3300 422 3328 nos
450 3301 549 3329 nunc
577 3289 649 3329 sola
678 3290 808 3329 Ovidii
835 3290 1051 3331 au&0ritate
1082 3293 1329 3342 probabimus.

1385 3304 1598 3345 corruptum
1629 3297 1754 3336 locum
1778 3298 1912 3344 credo,
1940 3312 2010 3339 nec
2029 3302 2149 3343 adhuc
2167 3305 2328 3345 sanatum
2343 3333 2354 3351 ,
2380 3305 2422 3343 li·
2492 3338 2495 3348 .

2368 3365 2425 3396 cet

2184 3105 2248 3152 qui
2281 3103 2419 3142 Ovidio
2486 3106 2495 3183 2

2481 3175 2488 3190 ,
