2495 3675
497 175 1436 241 FASTORUM

1545 182 1599 237 L
1635 201 1656 237 1
1695 202 1741 238 n.
1814 187 1910 247 IV,

2151 205 2249 253 231

395 299 551 373 Quae
568 300 791 365 decuit,
828 298 1009 371 primis
1033 296 1140 350 fine
1169 293 1393 349 crimine
1418 293 1628 350 lusimus
1651 298 1824 354 annis:

253 389 316 424 10

464 374 622 429 Nunc
648 374 840 429 teritur
869 368 1056 425 nostris
1081 384 1200 421 area
1222 366 1390 438 major
1413 367 1579 440 equis,

385 446 663 519 Tempora
689 462 812 501 cum
839 440 1052 504 cauffis,
1081 441 1376 496 Annalibus
1403 454 1552 496 eruta
1579 441 1787 514 prisciS,

463 519 742 592 Lapsaque
767 516 859 570 sub
886 527 1080 577 terra3‚
1118 528 1344 588 ortaque
1371 514 1509 586 figna
1537 533 1689 571 cano,

386 591 647 648 Venimus
670 591 734 644 ad
761 600 1037 662 quartum,
1075 604 1186 660 quo
1210 601 1267 641 tu
1292 588 1666 653 celeberrima,
1706 591 1957 647 mensem.

454 663 527 717 Et
554 676 760 725 vatem,
800 662 853 715 &
882 661 1123 715 mensem
1149 659 1277 724 sciS,
1315 660 1532 725 Venus,
1571 661 1673 717 esse
1699 675 1839 718 tuos,

244 752 306 803 15

384 735 541 792 Mota
568 735 892 807 Cytheriaca
916 735 1104 788 leviter
1133 751 1248 787 mea
1273 746 1520 806 tempora
1548 749 1727 815 myrto

456 806 732 879 Contigit:
776 809 864 870 δε,
900 807 1175 879 Coeptum
1201 806 1434 879 perfice,
1472 808 1638 871 dixu,
1678 827 1830 883 opus-

383 879 675 942 Senfimus;
721 880 777 934 (ἵε
805 880 980 934 subito
1006 879 1207 934 cauffae
1231 882 1451 952 patuere
1479 882 1706 938 dierum.

454 951 600 1006 Dum
626 954 783 1016 licet,
823 953 877 1007 δε
903 954 1097 1025 spirant
1134 952 1380 1016 flamina3
1418 955 1564 1008 navis
1587 969 1692 1008 eat.

380 1022 433 1078 Si
459 1041 561 1095 qua
589 1038 767 1080 tamen
793 1042 908 1096 pars
934 1040 987 1080 te
1016 1026 1085 1080 de
1112 1025 1271 1079 Fastis
1297 1039 1518 1097 tangere
1544 1026 1750 1091 debet,

235 1112 307 1148 20

453 1098 675 1162 Caesar,
713 1100 767 1153 in
795 1099 1007 1170 Aprili,
1036 1116 1146 1171 quo
1172 1100 1427 1162 teneam,
1467 1099 1642 1154 habes,

377 1167 491 1223 Hic
516 1171 581 1225 ad
609 1187 661 1226 te
686 1176 875 1243 magnii
899 1172 1176 1226 descendit
1202 1173 1434 1242 imagine
1459 1172 1674 1227 mensis:

453 1241 526 1296 Et
555 1244 614 1297 fit
640 1244 893 1316 adoptiva
916 1245 1192 1298 nobilitate
1217 1258 1352 1300 tuus,

376 1312 508 1369 Hoc
535 1330 683 1388 pater
710 1317 923 1380 Iliades,
967 1333 1091 1371 cum
1117 1319 1336 1389 longum
1362 1317 1615 1373 scriberet
1639 1335 1860 1385 annum,

459 1386 644 1453 Vidit,
684 1390 738 1443 &
765 1389 1004 1444 auPtores
1034 1390 1213 1443 retulit
1237 1390 1347 1460 ipse
1372 1390 1507 1444 suos,

234 1478 301 1528 τις

376 1458 563 1531 thue
592 1463 708 1518 fero
736 1462 902 1516 Marti
929 1462 1154 1534 primam
1182 1461 1334 1515 dedit
1364 1463 1556 1518 ordine
1579 1464 1813 1531 sortem,

453 1535 622 1607 Quod
654 1534 745 1589 s1bi
768 1534 999 1589 nascenti
1026 1535 1269 1606 proxima
1298 1536 1466 1590 caussa
1491 1537 1623 1599 fuit;

375 1607 461 1663 Sic
492 1609 763 1663 Venerem
787 1607 1040 1679 gradibus
1067 1608 1243 1662 multis
1266 1608 1322 1662 in
1349 1624 1509 1680 gente
1538 1622 1818 1682 repertam,

454 1682 689 1736 Alterius
714 1682 881 1737 voluit
908 1681 1098 1735 mensis
1127 1681 1322 1737 habere
1350 1684 1547 1738 locum.

139 1952 195 1989 ῐς.
224 1942 362 1982 Eeviter
378 1956 454 1982 mea
475 1953 625 1995 tempora
636 1945 786 1996 myrta]
818 1946 929 1984 Liber
949 1945 1028 1984 Urs.
1040 1945 1126 1983 tim-

80 2001 177 2041 pora.
202 2003 241 2033 ut
259 1996 416 2044 superius
436 1995 580 2034 testatus
600 1997 690 2034 sum.
719 1997 889 2035 CIOFAN.
927 1997 1127 2035 Arbuscula

82 2043 204 2132 {Edem
228 2044 333 2084 sacrfi.
360 2046 600 2085 Membranae
622 2048 761 2097 aliquot
776 2049 911 2086 habent
925 2076 936 2093 ,
966 2049 1125 2098 timpora.

126 2106 262 2133 firmor..

136 2170 198 2195 20.
224 2159 352 2206 Caesar
368 2160 408 2197 in
426 2160 545 2209 Aprili
559 2188 569 2204 ,
597 2160 687 2211 quod
709 2162 839 2198 tuearis
853 2190 862 2204 ,
889 2161 1004 2199 habes.
1017 2161 1032 2212 ]
1046 2165 1126 2210 Qo

84 2209 230 2246 tenearis
253 2209 373 2247 Urfin.
388 2211 531 2248 Zulich.
551 2212 710 2259 Nauger.
742 2213 780 2248 ὅ(
798 2212 856 2250 sex
880 2213 951 2251 alii.
970 2222 1004 2251 at
1026 2215 1125 2250 Maz.

87 2272 152 2306 quo
169 2260 314 2297 tenearis
329 2289 338 2305 ‚
359 2260 455 2299 habe.
475 2275 539 2311 quo
556 2263 685 2299 tuearis
704 2260 806 2301 Vols.
827 2265 866 2302 ὅ(
888 2264 1033 2303 Arond.
1052 2265 1124 2301 Re-

86 2309 184 2347 med.
201 2310 335 2349 Amor.
363 2324 441 2361 150.

136 2373 196 2405 Da
214 2383 346 2408 vacuae
364 2371 495 2415 menti,
525 2383 589 2420 quo
607 2380 789 2415 teneatur,
816 2379 905 2420 opus.

86 2429 277 2478 eleganter.
298 2433 346 2470 fic
376 2436 483 2471 teneri
502 2435 594 2472 ludis
612 2438 649 2473 ὅ(
665 2437 862 2485 [ρεέῖαειιίὶς
882 2439 1055 2476 Ciceroni
1077 2439 1122 2477 de

88 2478 234 2519 Finibus
256 2481 347 2519 libro
367 2496 403 2521 v.
429 2485 548 2521 Studio
569 2486 615 2522 rei
633 2486 780 2532 alicujus
802 2489 907 2523 teneri
929 2489 1026 2525 idem
1050 2490 1121 2526 fre-

83 2539 238 2577 quenter
266 2533 303 2569 &
325 2533 501 2571 Horatius
530 2535 621 2572 libro
651 2547 676 2571 1.
716 2535 825 2582 Epist.
846 2548 874 2574 x.
914 2537 1057 2574 Solinus
1075 2539 1121 2574 de

85 2581 340 2620 Macedonum
375 2584 517 2632 regibus
547 2596 622 2633 cap.
647 2597 698 2621 xx.
728 2585 920 2630 Plurimos,
949 2587 1010 2635 qai
1038 2587 1122 2634 fidi-

85 2630 147 2666 bus
164 2633 320 2678 sciebant
342 2661 352 2677 ,
396 2635 437 2670 in
455 2636 554 2682 usum
574 2635 811 2672 oblectamenti
831 2636 927 2672 donis
945 2638 1057 2674 tenuit
1078 2638 1122 2674 li-

86 2680 267 2721 beralibus.
301 2684 519 2722 tenebantur
547 2685 595 2722 111i
628 2686 743 2723 donis.
789 2686 960 2735 superiori
985 2687 1118 2732 versu,

76 2741 160 2780 pars
180 2743 212 2769 te
233 2733 273 2770 de
294 2734 395 2781 fastis
414 2734 520 2771 dicere
538 2735 633 2772 debet
652 2765 662 2780 ,
698 2748 775 2774 non
801 2748 961 2786 tangere,
981 2738 1121 2777 Mazar-

86 2783 188 2831 Lege
208 2811 217 2828 ‚
246 2785 385 2829 ducere,
416 2785 451 2822 id
472 2785 541 2830 est,
570 2786 773 2831 obleerare,
800 2790 951 2825 trahere.
982 2790 1122 2827 Hfims.

88 2832 145 2870 De
164 2835 277 2872 verbo
308 2836 414 2872 teneri
442 2837 526 2873 vide
557 2837 612 2873 Cl.
640 2838 774 2875 Graev.
804 2839 848 2876 ad
876 2839 993 2876 Cicer.
1016 2851 1050 2876 v.
1078 2841 1123 2878 ad

88 2882 264 2923 Familiar.
290 2896 343 2924 η.
371 2886 502 2924 Noster
521 2886 581 2923 lib.
600 2898 652 2925 1v.
673 2888 782 2925 Trist.
802 2901 835 2926 x.
856 2901 914 2937 49.
946 2894 990 2926 Et
1010 2891 1123 2926 tenuit

87 2934 213 2980 nostras
234 2938 429 2979 numerosus
451 2938 617 2974 Horatius
637 2952 747 2976 aures.
776 2939 873 2976 Suet.
898 2941 992 2989 Aug.
1017 2953 1122 2979 κων,

90 2986 225 3073 Ίεηιψὶ3
238 2986 414 3035 voluptate
428 2988 618 3037 spec‘Iandi.
664 2989 738 3027 vid.
761 2990 805 3028 ad
828 2990 950 3028 Valer.
980 2990 1075 3029 Flac.
1096 3004 1123 3029 1.

92 3044 173 3084 103.
231 3050 329 3075 URM.

138 3108 199 3135 20.
225 3100 328 3148 Quod
347 3100 475 3138 tuearis
490 3129 499 3145 ‚
527 3099 659 3151 habes]
673 3100 735 3139 Ob
753 3101 993 3151 adoptionem
1015 3104 1049 3142 in
1061 3104 1126 3152 Ju-

87 3144 175 3184 liam
202 3150 390 3188 familiam.
421 3154 594 3190 ΝεΑινοῐ..

112 3246 118 3251 ι
142 3209 201 3235 21.
229 3201 405 3247 Descendit
426 3203 548 3250 origine
567 3201 729 3252 menfi5.]
759 3203 907 3243 Plurimi
928 3217 974 3243 ex
993 3206 1125 3244 melio-

91 3245 185 3283 ribus
200 3275 209 3290 ,
235 3251 390 3297 imagine.
411 3252 594 3290 sollemnis
614 3255 671 3291 illa
695 3255 860 3296 variatio.
887 3257 960 3297 vid.
983 3270 1010 3296 1.
1030 3258 1125 3296 Met.

93 3308 151 3345 79.
181 3300 216 3336 ὅ(
239 3310 254 3335 1
274 3299 361 3339 Fast.
380 3303 440 3351 65.
459 3303 566 3352 Epist.
586 3316 657 3344 vu.

2079 1807 2232 1865 Prin*

1230 1944 1387 1996 Pyrrhus
1399 1945 1597 1985 Achillides
1608 1946 1785 1996 animosus
1807 1947 1959 1997 imagine
1972 1947 2101 1999 patris.

1181 2024 1310 2101 ’Ἄρη
1329 2020 1465 2100 §iurem
1494 2022 1533 2051 ut
1557 2040 1568 2058 ,
1606 2012 1692 2051 licet
1716 2014 1785 2052 alia
1813 2014 1971 2052 notione
1992 2042 2004 2060 ,
2041 2015 2135 2054 Stat.
2160 2027 2226 2054 1133

1251 2075 1320 2109 ‚41
1356 2091 1364 2100 .

1239 2167 1242 2170 .
1361 2150 1506 2163 -—‘
1537 2152 1623 2175 nam
1646 2139 1761 2187 Tydea
1779 2139 1896 2189 largus
1912 2139 2061 2177 habebat

1234 2190 1417 2238 Perfusum
1440 2203 1569 2239 magna
1583 2190 1730 2229 virtutis
1748 2191 1899 2241 imagine
1908 2192 2065 2240 femmas.

1182 2264 1312 2313 Virgil.
1334 2276 1386 2301 xv.
1408 2265 1493 2313 654.

1180 2388 1218 2425 q
1234 2342 1279 2375 Et
1301 2353 1393 2378 nunc
1416 2355 1545 2392 magna
1566 2342 1633 2380 mei
1646 2343 1713 2393 sub
1731 2355 1841 2383 terras
1861 2345 1925 2384 ibit
1945 2347 2073 2395 image.

1180 2411 1195 2426 ,ι
1224 2401 1326 2429 Erus.

1231 2469 1290 2505 23.
1321 2466 1426 2496 Pater
1447 2461 1609 2511 Iliades.]
1639 2463 1834 2501 Romulus.
1862 2464 2033 2504 Crorau.

1228 2530 1289 2565 23.
1318 2524 1471 2567 Longum
1486 2521 1646 2568 scriberet
1664 2526 1831 2574 annum]
1862 2530 1960 2576 Quia
1982 2541 2020 2567 re
2041 2531 2124 2568 verfi
2144 2544 2237 2571 non·

1177 2567 1272 2605 adeo
1302 2568 1413 2606 breve
1440 2571 1591 2617 spatium
1620 2583 1765 2622 tempus
1794 2577 2005 2616 decimestre
2029 2594 2035 2617 :
2072 2594 2146 2620 non
2176 2583 2237 2621 ad·

1178 2618 1370 2656 discrimen
1390 2621 1641 2668 annilunaris,
1670 2635 1709 2663 ut
1728 2626 2068 2678 voluntmagisselli.
2095 2634 2237 2673 Mn..

1176 2674 1325 2705 Duceret
1344 2682 1480 2707 annum
1501 2672 1576 2711 duo
1596 2674 1686 2713 libri.

1227 2746 1288 2780 24.
1314 2738 1482 2773 Auerores
1507 2739 1642 2776 rettulit
1660 2740 1723 2789 ipſse
1739 2741 1853 2792 suos.]
1908 2746 2015 2783 Unus
2035 2747 2158 2785 Vatic.
2180 2748 2230 2785 δί.

1177 2785 1325 2828 Ursini,
1353 2786 1423 2823 ille.
1454 2787 1623 2827 CxorAN.
1681 2799 1766 2829 'suos
1786 2793 2047 2834 Ursm.Petav.
2072 2799 2108 2835 δε
2130 2810 2220 2848 qua-

1176 2844 1262 2873 tuor
1283 2837 1357 2874 alii.
1383 2837 1489 2886 Senfit
1509 2842 1618 2878 etiam
1644 2843 1749 2889 prim.
1775 2845 1946 2883 Ambros.
1968 2848 2004 2883 ἃ
2030 2849 2133 2886 Laeti
2156 2862 2218 2886 co-

1178 2886 1261 2923 dex.
1290 2887 1434 2924 Hems.
1465 2888 1524 2926 Ille
1541 2893 1650 2928 etiam
1664 2894 2014 2942 ExcerptaDouzae
2035 2901 2071 2935 &
2086 2899 2219 2937 infiniti

1178 2937 1237 2974 alii
1254 2936 1383 2985 scripti.
1394 2938 1451 2975 sed
1463 2940 1662 2988 elegantior
1675 2945 1795 2982 multo
1806 2946 1917 2984 ledio
1929 2948 2025 2986 estin
2047 2949 2218 2988 Francos.

1178 2991 1329 3024 auflores
1344 2989 1511 3037 praetulit
1530 2992 1597 3030 ille.
1624 2994 1797 3032 nimirum
1810 2996 1903 3035 duos
1923 3000 2060 3046 priores
2079 3001 2218 3039 menses

1180 3049 1224 3075 ex
1243 3038 1449 3077 auetonbus
1470 3045 1610 3089 generis
1642 3043 1693 3082 sui
1722 3046 1813 3085 dixit
1841 3049 1877 3085 ὅ(
1905 3051 2111 3100 praeposuit
2131 3052 2217 3089 aliis,

1180 3098 1255 3125 tuos
1277 3098 1350 3126 erat
1371 3099 1481 3128 etiam
1503 3093 1539 3129 in
1562 3093 1731 3134 Francos.
1759 3098 1891 3136 Burm-

1230 3157 1289 3193 26.
1317 3157 1496 3212 Qodfibi
1518 3161 1714 3212 nascendi]
1748 3165 1911 3209 Nascenti
1931 3168 2094 3216 plerique
2113 3176 2213 3204 ”fete2

1182 3217 1247 3243 res.
1270 3210 1304 3243 ὅ(
1325 3211 1488 3256 sequenti
1519 3212 1618 3249 versu
1633 3240 1642 3256 ,
1670 3214 1707 3250 in
1733 3228 1830 3264 gente
1849 3226 2039 3264 repertam,
2069 3230 2143 3253 non
2165 3230 2217 3251 re-

1183 3267 1311 3304 ceptam
1328 3286 1337 3301 ,
1358 3260 1540 3299 meliores,
1567 3263 1676 3304 reete.
1703 3275 1745 3305 ut
1761 3267 1903 3306 dietum
1922 3267 2021 3314 supra
2051 3268 2108 3304 lib.
2135 3276 2216 3302 111»

1180 3306 1335 3357 fis.845.
1365 3310 1508 3349 Hiems.

2066 3377 2085 3399 ν,
2092 3376 2126 3411 9.
2154 3370 2217 3402 Rs·
