2495 3675
197 173 301 242 796
678 163 1237 223 P.0V·1D11

1311 159 1839 218 NASONIS

487 257 682 323 Adde,
717 258 867 333 quod
897 260 1149 330 ingenuas
1188 250 1427 307 didiciffe
1461 251 1691 307 fideliter
1717 267 1883 318 artes,

564 330 786 387 Emollit
814 349 1021 393 mores,
1059 346 1159 381 nec
1187 325 1301 379 sinit
1329 323 1431 378 effe
1460 324 1619 379 feros.

491 405 609 459 Nec
638 408 852 476 Regum
879 403 1159 474 quisquam
1187 397 1350 468 magis
1376 397 1449 450 est
1473 396 1748 453 instrufius
1773 397 1837 452 ab
1863 398 1988 463 illis,

354 494 420 545 50

572 477 795 531 Mitibus
820 488 907 526 aut
935 471 1113 525 studiis
1141 485 1382 542 tempora
1410 470 1555 540 plura
1581 469 1748 524 dedit.

497 550 747 606 Carmina
773 545 1058 604 testantur3
1097 561 1264 615 quae,
1301 543 1338 595 fi
1365 556 1453 595 tua
1478 543 1694 597 nomina
1727 543 1937 607 demaS,

571 618 890 676 Threicium
912 617 1163 688 juvenem
1191 613 1541 685 composuisse
1567 633 1777 686 negem.

499 695 651 750 Neve
678 692 768 744 suh
793 690 897 744 hoc
922 689 1089 744 tra&u
1117 702 1258 741 vates
1285 686 1427 740 foret
1457 688 1641 741 unicus
1667 689 1946 760 Orpheu83

568 763 793 818 Bistonis
819 762 1036 832 ingenio
1064 776 1200 815 terra
1229 759 1445 830 superba
1472 774 1567 813 tuo
1592 759 1680 813 est.

353 859 416 908 55
494 836 678 908 thue
707 836 801 890 tibi
839 837 912 889 est
937 838 1168 895 animm,
1206 850 1330 886 cum
1360 850 1440 886 res
1467 833 1536 885 ita
1562 833 1816 903 postulat,
1854 852 1999 889 arma.

570 909 820 971 Sumere,
860 910 910 961 ὅ(
938 906 1107 962 hostili
1135 907 1379 975 tinguere
1403 905 1566 958 caede
1594 921 1842 969 manum3

503 984 718 1053 Atque,
758 998 813 1035 ut
847 999 900 1034 es
922 1025 933 1040 ,
980 978 1200 1034 >excusso
1220 979 1453 1048 jaculum
1481 992 1735 1048 torquere
1763 980 1995 1045 lacertO,

573 1056 836 1126 Collaque
861 1053 1057 1107 vel-ocis
1084 1050 1302 1104 flestere
1328 1050 1515 1104 dofflus
1541 1050 1695 1119 equi3

505 1127 783 1198 Tempora
806 1126 870 1180 sic
897 1127 1016 1179 data
1042 1124 1157 1178 sunt
1185 1123 1364 1177 studiis
1388 1122 1474 1175 ubi
1500 1121 1630 1192 justa
1657 1124 1913 1193 paterni8‚

358 1207 426 1257 60

576 1199 760 1271 thue
787 1200 884 1252 suis
909 1197 1141 1252 humeris
1168 1197 1309 1249 forte
1332 1195 1533 1266 quievit
1569 1211 1732 1264 opus;

495 1274 581 1329 Ne
606 1286 694 1326 tua
723 1271 1043 1326 marcescant
1069 1287 1165 1341 per
1195 1268 1392 1321 inertes
1419 1267 1527 1320 otia
1552 1267 1798 1332 somnos,

579 1345 792 1400 Lucida
812 1345 988 1400 Pi'e'ria
1015 1341 1187 1397 tendis
1210 1341 1265 1396 in
1290 1340 1418 1395 astra
1443 1339 1538 1395 via.

221 1613 362 1653 demus.
390 1612 439 1651 ita
470 1620 566 1651 certe
598 1611 809 1651 Plutarchus
831 1611 868 1649 &
901 1609 1026 1649 Suidas
1058 1610 1093 1648 in
1123 1608 1262 1652 Ἱερόνυ-

225 1680 316 1712 μσς,
356 1665 529 1713 Polybius
556 1665 615 1703 lib.
650 1676 704 1703 vi.
740 1665 778 1701 in
811 1663 1000 1710 Excerptis
1040 1661 1260 1703 Valesianis,

225 1729 306 1765 pag.
339 1728 393 1753 io.
437 1716 625 1754 Diodorus
645 1715 783 1752 Siculus
803 1714 839 1751 in
862 1714 1014 1755 iisdem.
1044 1713 1121 1750 Dio
1143 1713 1262 1759 Chry-

223 1767 401 1805 sostomus
425 1767 605 1804 Oratione
631 1766 786 1804 secunda
803 1792 812 1807 ,
840 1764 1067 1802 Themistius
1079 1764 1263 1800 Oratione

227 1830 350 1861 nona,
381 1818 513 1853 Cicero
536 1818 596 1854 lib.
619 1829 683 1853 111.
701 1816 747 1853 de
769 1817 907 1853 Natura
930 1817 1096 1851 Deorum
1112 1841 1122 1858 ‚
1151 1813 1263 1850 Sene-

226 1880 267 1905 ca
297 1868 341 1905 de
366 1867 554 1906 Beneficiis
575 1869 635 1905 lib.
658 1879 729 1903 vri.
752 1878 830 1912 cap.
856 1877 911 1912 19.
940 1866 976 1902 &
996 1865 1099 1901 lib.11
1135 1863 1262 1907 delta,

228 1931 306 1965 cap.
332 1930 384 1954 xv.
438 1919 564 1966 Atque
590 1919 680 1954 haec
701 1917 746 1954 de
773 1915 1006 1961 Apollodoro
1035 1914 1188 1951 dicenda
1211 1914 1261 1949 vi-

228 1969 428 2006 debantur:
464 1980 557 2016 quae
581 1968 733 2006 obscuro
755 1966 928 2004 haetenus
943 1994 952 2008 ‚
973 1977 1041 2002 nec
1062 1963 1264 2007 intellecto,

231 2019 388 2058 Nasonis
404 2019 491 2056 loco
511 2019 632 2057 lucem
651 2019 795 2056 allatura
814 2016 977 2053 confido.
1005 2017 1151 2053 Hiatus.

283 2092 344 2121 ας.
371 2080 532 2130 Quin]
562 2081 636 2128 {Qui
656 2090 769 2117 marte
787 2080 823 2116 ὅ(
844 2079 913 2128 seq>
936 2079 988 2121 Μ’.
1012 2091 1054 2118 &¹
1074 2092 1270 2125 numquam

231 2129 378 2178 plurimi
409 2132 538 2179 scripti.
575 2132 634 2178 qui
672 2144 854 2182 nunquam
894 2131 1042 2177 Junian.
1071 2141 1148 2167 tam
1175 2130 1272 2167 vinci

233 2181 361 2228 nescius
384 2184 494 2218 etiam
521 2182 690 2219 Politian.

293 2255 351 2292 50.
381 2245 530 2282 Mitibus
558 2244 662 2295 aut.]
718 2245 868 2283 Artibus
898 2254 962 2282 aut
992 2244 1080 2283 duo.
1109 2244 1270 2282 mollibus

231 2306 295 2331 aut
315 2305 397 2333 tres.

285 2358 344 2393 52.
373 2346 566 2383 Threicium
586 2348 754 2396 juvenem
778 2347 980 2397 composuisse
1001 2346 1151 2395 negem.]
1182 2347 1272 2383 Hoc

234 2395 308 2441 est,
338 2396 402 2434 nisi
423 2410 561 2434 nomen
583 2409 687 2435 tuum
719 2398 929 2446 inscriptum
962 2396 1068 2441 esset,
1097 2409 1174 2434 non
1196 2408 1272 2434 cre-

234 2446 359 2485 derem
375 2475 385 2492 ‚
397 2448 440 2484 ab
454 2449 528 2485 uilo
541 2448 741 2486 Thracenfi
752 2449 831 2486 -tale
844 2460 992 2485 carmen
1005 2447 1157 2495 potuiffe
1170 2459 1274 2484 com-

235 2499 338 2545 poni.
392 2499 505 2546 Quasi
525 2499 644 2542 dicat,
672 2499 766 2537 adeo
792 2499 1028 2536 humanitatis
1047 2499 1214 2536 doftrina
1235 2499 1272 2534 &

237 2549 447 2586 eruditione
476 2550 662 2587 excultum
688 2578 697 2593 ‚
737 2551 775 2586 ὃ(
812 2550 855 2587 ab
883 2551 988 2586 omni
1009 2550 1168 2586 barbarie
1189 2549 1275 2585 alie—

241 2610 330 2636 num
354 2599 412 2637 est.
442 2601 617 2638 Mrcur.
647 2601 839 2637 Threicium
863 2610 982 2637 vatem
1001 2599 1276 2648 composuiffepu-

241 2658 322 2687 tem.
350 2652 494 2696 Junian.
522 2651 714 2689 Threicium
733 2652 901 2700 juvenem
930 2652 1136 2701 composuisse
1156 2660 1277 2700 putem

243 2700 387 2738 decem.

300 2762 358 2798 53.
387 2757 483 2789 Vates
501 2754 592 2799 foret
616 2753 736 2790 unicus
757 2751 948 2801 Orpheu5.]
994 2753 1188 2793 Musaeum
1212 2767 1279 2803 po-

242 2807 334 2837 terat
358 2803 512 2849 Orpheo
533 2802 728 2848 addidisse,
753 2815 864 2852 quem
891 2804 1079 2841 Thracem
1109 2806 1279 2843 nonnulli

245 2851 406 2895 faciunt,
437 2856 471 2889 δε
496 2855 644 2899 quidem
672 2854 848 2901 Eumolpi
874 2853 989 2892 filium
1014 2883 1025 2899 ‚
1061 2867 1103 2892 ac
1124 2857 1278 2905 proinde

247 2899 393 2955 Cotyos
413 2906 556 2949 proavis
576 2904 854 2942 accensendum.
909 2905 978 2943 Sed
998 2906 1118 2943 noster
1137 2920 1178 2944 ea
1201 2908 1284 2953 opi-

245 2962 358 2988 nione
389 2966 463 2990 non
496 2954 640 2992 videtur
667 2955 768 2992 fuisse
798 2955 971 2994 imbutus.
998 2957 1055 2994 alii
1087 2960 1186 2995 enim
1208 2959 1283 2995 Or-

246 3001 362 3049 pheos
385 3003 498 3040 silium
520 3007 648 3053 ajunt,
674 3009 710 3042 &
742 3005 790 3043 sic
810 3018 961 3055 quoque
983 3007 1170 3046 Thracem
1187 3037 1198 3053 ,
1226 3009 1284 3046 alii

246 3051 530 3091 Autochtonem
565 3056 803 3094 Eleusinium.
843 3056 953 3093 Certe
973 3069 1056 3094 curn
1079 3059 1286 3106 Eumolpus

248 3102 416 3140 Eleusina
457 3108 644 3152 occuparit
665 3135 674 3150 ‚
717 3119 758 3144 ac
790 3107 945 3154 proinde
986 3108 1122 3145 Nasoni
1166 3112 1285 3147 Meta-

249 3155 398 3200 morph.
421 3166 459 3191 xx
499 3158 675 3203 Cecropius
701 3157 838 3193 dicatur
859 3185 869 3200 ,
908 3159 1188 3198 Atheniensibus
1209 3173 1286 3198 ma-

249 3203 300 3251 gis
317 3232 326 3247 ,
355 3216 464 3251 quam
476 3205 678 3243 Thracibus
698 3207 992 3245 annumerandus
1016 3209 1197 3248 Musaeus.
1213 3212 1285 3249 Eu-

251 3255 365 3291 sebius
388 3267 423 3291 in
456 3257 646 3292 (jhronicis
679 3258 868 3293 Musaeum
894 3259 980 3297 facit
1011 3258 1154 3308 Orphei
1183 3261 1287 3300 disci-

245 3306 374 3354 pulum
387 3333 400 3351 .,
430 3305 545 3345 filium
559 3307 745 3356 Eumolpi.
773 3308 914 3347 Hiems.

2200 1471 2363 1532 ‘Haec

1372 1614 1429 1658 54.
1459 1609 1528 1645 Tuo
1557 1607 1644 1659 est.]
1673 1610 1736 1646 Suo
1752 1610 1796 1658 est
1816 1610 1886 1649 Ms.
1906 1608 2043 1649 Bersml

1375 1668 1430 1708 55.
1459 1665 1521 1696 Res
1543 1660 1595 1696 ita
1611 1660 1794 1711 postulat.]
1827 1669 1886 1699 Res
1902 1661 2086 1710 expostulat
2107 1662 2277 1702 Leidens.

1369 1720 1428 1758 57.
1457 1716 1565 1758 thue
1576 1711 1622 1758 est
1634 1711 1760 1759 excusso
1772 1714 1931 1760 jaculum
1945 1724 2098 1762 torquere
2111 1714 2249 1758 lacerto,
2262 1715 2357 1767 eya]

1319 1760 1377 1798 Sic
1397 1760 1545 1807 quidem
1570 1762 1712 1799 Merula
1736 1762 1821 1812 legit
1869 1764 1943 1801 Alii
1967 1773 2115 1809 autem,
2144 1772 2313 1817 Atqueut
2326 1781 2360 1804 es

1318 1812 1614 1860 excuſjojaculum
1652 1822 1806 1862 torquere
1835 1816 1960 1851 lacerto
1983 1843 1993 1857 ,
2028 1827 2098 1854 (Vc.
2127 1828 2221 1864 quae
2242 1817 2356 1855 Icilio

1319 1862 1522 1910 planiorem
1546 1862 1758 1900 sententiam
1792 1865 1920 1903 reddit.
1968 1866 2104 1904 Durius
2124 1867 2222 1904 enim
2248 1869 2360 1907 fuerit

1320 1912 1434 1955 illud,
1463 1918 1569 1963 thue
1598 1917 1644 1958 est
1674 1915 1815 1951 animas
1847 1915 1964 1952 doHus
1998 1927 2152 1964 torquere
2171 1919 2356 1966 jaculum,

1322 1962 1507 2015 &flec‘iere
1529 1963 1613 1999 colla
1633 1965 1731 2012 equi:
1761 1965 1911 2012 quando
1940 1978 1981 2003 ea
2016 1979 2068 2004 res
2095 1980 2170 2005 non
2202 1970 2355 2016 animo,

1322 2012 1381 2050 sed
1401 2012 1565 2050 manibus
1582 2015 1727 2062 geritur.
1755 2017 1935 2054 MicYLL.
1963 2023 2004 2053 Ut
2026 2032 2057 2054 es
2072 2046 2080 2060 ,
2095 2019 2129 2055 id
2151 2018 2199 2055 est
2221 2019 2355 2067 statim,

1322 2072 1362 2100 ut
1382 2063 1526 2101 occasio
1546 2064 1579 2101 se
1601 2065 1682 2108 dat,
1710 2079 1786 2104 non
1806 2067 1951 2114 sumpto
1974 2067 2087 2115 spatio
2109 2069 2152 2107 ad
2177 2069 2364 2109 meditan-

1323 2114 1438 2167 dum«,
1466 2122 1526 2152 aut
1563 2116 1676 2152 vestes
1704 2126 1766 2154 aut
1795 2118 1959 2156 habitum
1993 2128 2134 2157 mutans
2163 2130 2202 2157 ut
2229 2122 2356 2169 paffim

1326 2166 1372 2201 ita
1387 2165 1500 2213 sicut‘,
1530 2165 1628 2202 velut
1649 2167 1694 2211 est
1710 2196 1719 2210 ‚
1740 2168 1797 2205 vel
1814 2178 1907 2207 erat.
1932 2168 2002 2204 vid.
2026 2181 2077 2207 iv.
2092 2171 2185 2208 Met.
2205 2182 2290 2219 473.
2318 2173 2359 2211 &

1325 2215 1420 2253 alibi.
1447 2226 1487 2252 ut
1507 2215 1545 2251 in
1567 2216 1693 2264 excusso
1715 2220 1785 2255 Ms.
1808 2218 1941 2256 Bersrn.
1970 2219 2100 2257 Euam,

1378 2266 1436 2314 58.
1464 2265 1630 2314 Collaque
1650 2267 1770 2305 velocis
1783 2267 1917 2317 fleciere
1935 2269 2052 2305 declus
2072 2269 2182 2319 equi]
2213 2271 2360 2310 Graeco

1327 2328 1434 2354 more
1455 2316 1606 2354 dicium.
1636 2320 1683 2357 sic
1714 2321 1747 2355 in
1772 2327 1885 2355 veteri
1913 2319 2170 2367 inscriptione,
2197 2334 2292 2370 quae
2314 2323 2364 2362 est

1326 2368 1362 2405 in
1387 2367 1533 2406 aedibus
1550 2368 1610 2414 Jo.
1638 2371 1777 2408 Donati
1805 2369 1947 2412 Caelii,
1977 2369 2201 2408 Cardinalis:

1380 2430 1522 2467 Flefft'ere
1542 2430 1657 2467 donus
1678 2444 1777 2482 equos
1790 2459 1800 2475 ,
1828 2431 1944 2467 nitida
1962 2443 2090 2471 certare
2104 2434 2291 2484 palaestra.

1330 2498 1366 2534 &
1383 2498 1557 2534 Horatius
1572 2497 1656 2534 Oda
1680 2499 1717 2534 ὅ(
1739 2496 1798 2534 lib.
1821 2509 1846 2534 1.
1869 2509 1976 2534 carm,
2003 2500 2160 2537 Indocilis
2172 2504 2368 2552 pauperiem

1325 2549 1415 2597 pati.
1444 2549 1580 2585 Seneca
1611 2551 1648 2586 in
1677 2548 1887 2586 Troadibus
1911 2563 1918 2585 :
1959 2549 2117 2587 indociles
2147 2552 2286 2601 lugere:
2326 2557 2367 2594 &

1334 2599 1553 2635 Claudianus
1583 2599 1628 2637 de
1654 2610 1757 2645 raptu
1786 2599 2020 2647 Proserpinae
2048 2602 2108 2639 lib.
2130 2614 2158 2638 r.
2190 2606 2372 2652 {Quamvis

1333 2648 1491 2686 indocilis
1511 2648 1624 2698 flesti.-
1654 2651 1691 2686 &
1713 2650 1772 2687 hic
1795 2650 1950 2695 Noster,
1980 2650 2039 2688 lib.
2064 2664 2098 2689 v.
2120 2654 2215 2692 Met.

1335 2765 1367 2802 C
1385 2714 1498 2762 Figere
1517 2712 1633 2750 (locrus
1655 2725 1730 2751 erat
1745 2741 1756 2759 ,
1777 2714 1839 2764 sed
1858 2715 1994 2752 rendere
2012 2716 2138 2755 doflior
2158 2731 2271 2758 arcus.

1372 2776 1505 2802 iorAN.

1391 2835 1448 2876 59.
1475 2827 1537 2864 Ubi
1552 2827 1692 2878 justas]
1722 2835 1764 2866 Ut
1786 2830 1880 2882 justa
1899 2829 1973 2868 duo
1995 2839 2148 2870 veteres.
2177 2833 2327 2872 Heius:

1386 2895 1446 2932 60.
1475 2900 1596 2944 Atque
1612 2897 1681 2933 tuis
1698 2896 1851 2934 humeris
1862 2898 1955 2945 forte
1976 2899 2109 2947 quievit
2130 2898 2238 2949 opus.]
2267 2905 2373 2947 thue

1335 2945 1467 2983 restius
1498 2958 1639 2984 veteres
1671 2958 1841 2995 quatuor.
1869 2952 1907 2985 ὅ(
1930 2951 2004 2996 Jm's
2032 2950 2206 2991 humeris,
2235 2949 2374 2986 Sarrav.

1339 2998 1491 3044 Argent.
1511 2998 1549 3033 ὅ(
1573 2998 1734 3034 Combii.
1761 3013 1844 3035 onus
1863 3010 2047 3046 praeterea
2069 3001 2105 3037 in
2117 2999 2272 3047 antiquis
2284 2999 2375 3038 osto

1340 3057 1402 3084 aut
1423 3047 1566 3083 decem.
1594 3049 1653 3086 sed
1677 3049 1810 3087 frustra.
1839 3050 2023 3087 Trist.ur.

1362 3114 1365 3117 ¹
1394 3103 1437 3134 Ut
1460 3098 1523 3134 via
1534 3098 1644 3146 finita
1665 3103 1725 3148 est,
1762 3113 1806 3140 ey·
1822 3110 1900 3150 opus
1918 3096 2088 3148 requievit
2104 3099 2221 3138 eundi.

1343 3159 1464 3196 Scribe
1478 3188 1488 3202 ‚

1396 3215 1505 3260 thue
1518 3210 1590 3256 suis
1607 3211 1861 3256 numerissorte
1881 3209 2016 3256 quievit
2036 3219 2126 3258 opus.

1343 3261 1428 3304 vel,
1457 3267 1578 3310 Atque
1601 3262 1674 3308 suis
1694 3261 1855 3296 numeris.
1885 3262 2019 3297 numeri
2042 3262 2145 3310 operis
2165 3261 2226 3299 hic
2248 3261 2379 3301 dicim2

1344 3319 1424 3356 tur,
1452 3320 1492 3350 ut
1518 3314 1613 3350 Met.
1641 3322 1712 3349 vu.
1734 3310 1870 3348 numeri
1900 3311 2071 3351 laborum.
2117 3319 2251 3363 Lexque
2271 3315 2379 3351 datur

2258 3375 2382 3412 nunu:
