2495 3675
344 149 910 212 EPISTOLARUM
945 150 1052 211 EX
1091 147 1373 208 PONTo.
1411 148 1532 206 Lm.
1571 149 1665 209 tv.
1704 115 1884 207 Emsr.
1926 148 2000 208 x.

2156 146 2262 218 877

253 271 290 325 ς
397 254 573 330 Gutta
598 270 748 310 cavat
776 254 1038 326 lapidem;
1079 251 1409 305 consumitur
1437 249 1658 302 annulus
1684 248 1808 303 usus

474 328 544 381 Et
573 330 760 382 teritur
789 326 953 399 pressa
983 342 1170 380 vomer
1198 324 1436 378 aduncus
1462 321 1643 375 humo,

403 399 648 472 Tempus
675 401 810 454 edax
835 399 1024 470 igitur,
1061 409 1273 468 praeter
1299 413 1422 458 nos,
1460 394 1638 448 omnia
1661 392 1882 464 perdet?

473 472 649 528 Cessat
675 473 869 526 duritia
895 488 1035 524 mors
1060 485 1278 539 quoque
1305 468 1439 521 vicia
1463 469 1597 521 mea.

403 545 726 617 Exemplum
754 545 826 598 est
849 543 1008 597 animi
1036 541 1257 596 nimium
1286 540 1530 610 patientis
1559 537 1772 602 Ulixe-3,

265 635 332 672 10
474 617 703 690 Jaciatus
732 616 898 671 dubio
924 632 1017 684 per
1044 615 1153 667 duo
1180 611 1332 667 lustra
1360 612 1508 666 mari.

398 688 677 762 Tempora
700 688 905 742 solliciti
929 686 1018 740 sed
1043 704 1154 740 non
1182 699 1357 739 tamen
1383 683 1561 739 omnia
1587 684 1682 738 fati

480 762 735 820 Pertulit;
780 760 835 814 δε
859 759 1094 832 placidae
1120 758 1271 830 saepe
1298 757 1448 812 fuere
1477 773 1675 810 morae.

407 836 497 889 An
523 852 681 908 grave
706 835 794 889 sex
818 833 962 886 annis
988 831 1261 901 pulchram
1287 830 1472 884 foviffe
1497 830 1666 900 Calyp

1672 828 1754 892 s0‚

481 907 902 980 AEquoreaeque
929 904 1028 956 fuit
1054 901 1394 957 concubuiffe
1422 902 1601 957 Deae?

402 978 621 1049 Excipit
647 976 1017 1048 Hippotades,
1056 977 1147 1046 qui
1173 976 1264 1029 dat
1289 992 1387 1046 pro
1412 992 1635 1029 munere
1660 987 1878 1036 ventOS,

267 999 327 1049 15

469 1050 675 1104 Curvet
701 1063 758 1103 ut
785 1048 1033 1120 impulsos
1058 1048 1196 1101 utilis
1221 1066 1343 1102 aura
1369 1047 1519 1103 finus,

407 1122 524 1176 Nec
551 1123 688 1177 bene
715 1135 987 1176 cantantes
1011 1119 1156 1173 labor
1183 1121 1256 1174 est
1282 1120 1479 1174 audisse
1504 1120 1730 1192 puellas;

478 1196 596 1249 Nec
622 1195 917 1267 degustanti
941 1194 1081 1247 lotos
1120 1210 1291 1246 amara
1314 1191 1431 1247 fuit.

405 1265 534 1322 Hos
560 1285 694 1338 eg0‚
729 1269 820 1338 qui
847 1268 1045 1337 patriae
1068 1267 1260 1319 faciant
1292 1265 1512 1328 oblivia,
1549 1265 1734 1319 succos

266 1361 338 1396 20
487 1341 642 1394 Parte
669 1357 817 1394 meae
843 1340 1007 1401 vitae,
1047 1337 1081 1391 fi
1108 1338 1274 1391 modo
1304 1338 1529 1400 dentur,
1568 1355 1758 1391 emam.

409 1415 528 1470 Nec
560 1429 616 1466 tu
642 1413 928 1467 contuleris
953 1411 1141 1465 urbem
1171 1410 1544 1482 Laestrygonis
1570 1425 1824 1482 umquam

490 1486 758 1542 Gentibus
776 1525 790 1547 ,
828 1484 1043 1556 obliqua
1068 1500 1196 1555 quas
1220 1484 1332 1536 obit
1362 1482 1485 1536 Ister
1514 1485 1662 1554 aqua.

416 1561 535 1617 Nec
563 1560 741 1612 vincet
767 1557 977 1611 saevum
1003 1556 1235 1628 Cyclops
1263 1555 1472 1609 feritate
1499 1555 1776 1627 Phyacen:

489 1632 601 1705 Qui
623 1644 789 1704 quota
824 1630 1041 1684 terroris
1065 1647 1181 1701 pars
1218 1629 1349 1684 solet
1374 1627 1476 1683 effe
1502 1629 1632 1683 mei!

127 1910 173 1938 ex
194 1896 336 1937 duobus
353 1896 461 1937 libris.
481 1897 616 1946 vulgo,
646 1900 692 1933 Et
710 1907 813 1944 quos,
841 1895 886 1934 ὼ·
907 1891 1168 1945 quod.Junian.

127 1955 358 2048 Etgicgziia
377 2009 484 2037 cavat
514 1996 702 2047 lapidem]
742 1996 850 2032 Hanc
882 1994 1098 2032 sententiam
1129 1993 1167 2029 ὃς

124 2050 360 2090 locutionem
386 2051 510 2088 frustra
531 2049 714 2096 exagitant
743 2045 874 2082 eruditi
898 2044 1061 2092 quidam.
1096 2044 1164 2080 Vi·

128 2101 175 2139 de
196 2112 291 2149 quae
311 2101 388 2138 dixi
415 2103 454 2138 in
487 2096 799 2138 observationibus
817 2096 853 2132 in
876 2094 1163 2140 Metamorpho—

128 2151 181 2189 fin
204 2152 295 2188 meis
314 2151 441 2188 lib.1v.
467 2164 550 2199 524.
578 2149 744 2186 CIOFAN.
782 2145 895 2183 Recte
918 2145 963 2182 ibi
986 2145 1164 2181 Ciofanus

127 2202 357 2239 Lambinum
379 2203 560 2249 exagitat,
588 2199 691 2248 quod
718 2209 783 2247 pro
804 2198 877 2233 hoc
902 2195 1033 2232 Ovidii
1058 2194 1162 2232 versu

125 2252 318 2290 obtruserit
338 2251 425 2288 illud
448 2253 637 2299 vulgatum
658 2249 757 2298 quasi
777 2247 1011 2295 proverbium
1028 2272 1039 2287 ,

181 2325 296 2356 Gutta
317 2327 423 2355 cavat
442 2317 592 2366 lapidem
615 2328 683 2351 non
702 2314 765 2356 vi,
784 2313 847 2362 sed
857 2314 955 2360 saepe
977 2311 1140 2349 cadendo.

128 2383 231 2432 cujus
251 2379 378 2418 auecor
398 2381 477 2429 quis
505 2378 545 2415 fit
565 2379 710 2425 ignoro,
738 2375 796 2412 sed
828 2374 954 2411 inveni
979 2374 1012 2409 in
1035 2373 1166 2410 codice

129 2428 523 2518 Claudiani'ffieidenfi
553 2427 727 2466 insertum
756 2425 848 2464 libro
882 2436 909 2461 1.
942 2424 980 2461 in
1011 2423 1168 2472 Eutrop.

131 2489 192 2532 83.
227 2492 340 2520 antei
403 2508 414 2524 ‚

179 2548 438 2596 Indomitasque
458 2558 554 2582 mora
569 2573 578 2588 ,
602 2543 707 2593 pretio
728 2541 858 2579 lenibat
877 2552 1021 2577 avaras.

127 2622 241 2659 quem
274 2607 414 2645 versum
449 2606 577 2644 Ovidii
608 2606 718 2642 etiam
757 2601 827 2640 effe
857 2600 971 2638 credit
1001 2600 1162 2638 Gallicus

128 2662 253 2699 Bionis
278 2662 450 2706 interpres
481 2658 521 2693 de
549 2656 769 2704 Longepierre.
800 2652 843 2690 ad
864 2651 1018 2688 fimilem
1041 2651 1165 2689 Bionis

126 2712 341 2750 sententiam
366 2718 470 2746 notas
490 2717 688 2754 apponens.
705 2707 767 2740 Ἐκ
782 2703 919 2748 θαμινῆς
933 2703 1162 2746 inexusta-oe,

130 2764 214 2808 ὁκῷς
237 2762 369 2805 λόγος,
398 2757 473 2794 αἰὲν
503 2757 610 2799 inlexe
636 2755 728 2796 λίθος
756 2755 793 2796 ἐς
819 2754 955 2798 ῥωγμόν
986 2753 1163 2789 ammius-

131 2826 204 2850 ται.
232 2811 305 2849 vid.
332 2814 369 2849 &
392 2809 534 2847 Ritters.
553 2807 596 2845 ad
627 2805 752 2844 llidor.
782 2805 844 2843 lib.
866 2816 911 2841 u.
938 2803 1058 2852 Epist.
1078 2803 1163 2850 284.

130 2863 261 2901 Euam.

180 2933 217 2969 6.
244 2936 289 2967 Et
309 2928 474 2978 teritur.]
530 2926 687 2970 Malim,
715 2922 922 2965 Atteritur,
948 2921 1008 2959 vel
1028 2919 1163 2957 Deteri-

131 2992 201 3020 ταν.
231 2981 502 3026 Rottendorph.
532 2977 742 3014 conteritur.
773 2985 849 3023 quo
871 2972 986 3010 verbo
1010 2971 1087 3009 usus
1117 2969 1166 3007 est

130 3031 385 3070 Medicamine
409 3029 539 3066 Faciei.
568 3039 680 3070 mox,
703 3026 840 3075 perdet,
870 3036 936 3071 pro
954 3022 1066 3073 perdit
1089 3032 1166 3058 me·

131 3083 254 3120 liores.
282 3083 426 3119 Herus.
463 3079 591 3117 Perdat
622 3088 713 3116 unus
746 3074 966 3113 Hafnienfis.
989 3073 1082 3123 paffiz
1103 3071 1170 3109 hu-

135 3145 191 3171 mo
212 3133 321 3169 etiam
343 3131 485 3169 Fames.

188 3209 245 3236 11.
273 3195 335 3232 Sed
354 3208 440 3245 quae
457 3205 577 3232 tamen
596 3194 713 3231 omnia
743 3193 812 3237 fati
831 3189 1022 3239 Pertulit.]
1064 3189 1168 3238 Lege

137 3260 184 3286 ex
202 3245 384 3285 veteribus
405 3246 520 3291 libris,
542 3246 602 3294 sed
623 3259 690 3282 non
711 3256 840 3281 tamen.
870 3243 1040 3279 Croni«.
1068 3241 1170 3287 {Quae

135 3299 225 3341 liber
245 3294 503 3384 UHUJ02er5T1'
531 3298 570 3336 ὃς
600 3307 670 3347 ego
699 3294 888 3336 inveni‘in
915 3293 1081 3334 editione
1103 3291 1175 3342 vig

2090 1746 2260 1819 Scyssa

1223 1890 1381 1930 centina.
1414 1891 1451 1928 &
1481 1891 1647 1930 Ciofano
1678 1904 1746 1942 pro
1777 1896 1882 1929 textu
1915 1886 1978 1925 est.
2007 1884 2105 1923 unde
2134 1883 2262 1932 fingm·

1223 1948 1386 1991 Tempora
1408 1942 1543 1981 solliciti
1556 1944 1618 1990 sed
1637 1957 1725 1991 quae
1743 1953 1860 1979 tamen
1884 1938 2000 1976 omnia
2012 1936 2086 1982 fati
2104 1941 2182 1971 ΝΜ
2203 1943 2262 1969 'u’

1223 1991 1276 2027 lit.
1318 1995 1484 2029 Aucron
1510 1992 1656 2030 Ειεετ.
1680 1994 1809 2030 Esou.
1857 1993 1957 2039 §Luae
1986 1988 2086 2025 Edit.
2117 1983 2261 2033 Gryph.

1225 2054 1292 2078 non
1315 2053 1459 2078 tantum
1482 2042 1578 2079 Edit.
1600 2045 1708 2090 prim.

1274 2103 1288 2129 Ι
1301 2106 1331 2130 2.
1361 2098 1405 2128 Et
1421 2092 1575 2135 placidae
1589 2094 1684 2143 saepe
1694 2094 1796 2141 suere
1815 2089 1958 2140 morae]
1973 2088 2063 2126 Hoc
2075 2086 2121 2123 est
2135 2113 2144 2129 ,
2164 2090 2261 2122 tam*

1219 2144 1282 2181 etsi
1311 2143 1433 2180 multis
1469 2155 1511 2181 ac
1540 2146 1646 2182 variis
1677 2144 1842 2193 periculis
1877 2150 1960 2179 toto
1980 2138 2174 2187 {decennio
2200 2136 2258 2184 ja-

1221 2194 1334 2232 ctatus
1356 2195 1447 2231 fuit:
1475 2195 1599 2232 habuit
1628 2205 1753 2232 tamen
1777 2193 1960 2231 interdum
1977 2218 1987 2234 ‚
2017 2189 2144 2238 quibus
2163 2186 2260 2222 mall

1193 2286 1196 2289 ,
1220 2255 1330 2294 atque
1352 2245 1571 2282 moestitiam
1594 2246 1691 2283 suam
1712 2246 1873 2287 levaret,
1903 2252 1940 2280 ut
1965 2252 2047 2278 cum
2069 2236 2166 2286 apud
2188 2235 2262 2272 Ca-

1219 2296 1410 2344 lypsonem
1436 2305 1598 2334 moratus
1631 2297 1677 2333 est
1700 2324 1710 2340 ,
1747 2305 1867 2342 neque
1888 2293 2024 2330 duriter
2044 2290 2086 2326 ab
2108 2299 2148 2326 ea
2163 2315 2172 2329 ‚
2200 2285 2260 2323 sed

1221 2349 1423 2384 amantium
1447 2357 1552 2384 more
1583 2354 1693 2395 atque
1715 2344 1850 2383 affeetu
1869 2343 2029 2381 habitus:
2059 2342 2149 2377 item
2171 2347 2259 2374 cum

1223 2399 1267 2435 ab
1286 2397 1404 2435 AEolo
1423 2397 1582 2444 hospitio
1604 2406 1794 2442 acceptus,
1824 2396 1862 2433 &
1885 2403 2035 2431 munere
2062 2397 2260 2425 ventorum

1223 2448 1379 2486 donatus
1399 2446 1458 2484 est.
1497 2448 1683 2485 Praeterea
1715 2445 1902 2484 audiendo
1922 2444 2083 2484 Sirenes,
2113 2438 2262 2492 vescen-

1223 2499 1273 2536 do
1293 2499 1374 2537 loto
1389 2526 1400 2544 ,
1428 2499 1465 2535 δε
1487 2498 1524 2537 id
1543 2510 1657 2548 genus
1677 2497 1755 2535 alia.
1784 2496 1960 2534 chrtr..
1989 2491 2142 2529 Placitae
2155 2499 2262 2537 prim.

1223 2550 1321 2588 Edit.

1274 2610 1333 2648 13.
1364 2598 1542 2649 Calypfh.]
1573 2599 1741 2647 Calypson
1765 2598 1844 2644 Jun>
1865 2594 2054 2642 Calypsum
2069 2589 2177 2628 Leid.

1274 2662 1334 2699 17.
1364 2658 1434 2688 Nec
1455 2650 1575 2699 bene.]
1609 2656 1687 2686 Non
1707 2649 1785 2686 bene
1807 2648 1943 2686 editi&
1958 2644 2073 2692 scripti
2093 2640 2261 2691 quidam:

1218 2715 1305 2739 num
1337 2703 1443 2751 prim.
1486 2701 1583 2739 Edit.
1621 2700 1746 2750 audisse
1780 2699 1859 2737 libri
1890 2706 2047 2746 quatuor
2080 2695 2118 2731 ὃ(
2158 2691 2260 2736 Bers-¹

1218 2764 1359 2792 manni.

1272 2829 1330 2865 19.
1357 2813 1545 2863 Faciant]
1576 2815 1722 2851 Faciunt
1742 2813 1879 2850 Putean
1909 2810 2065 2857 facerent
2082 2807 2196 2846 Servii
2215 2806 2255 2844 δε

1217 2867 1327 2916 prim.
1348 2867 1418 2905 Ed.
1440 2878 1530 2904 mox
1546 2893 1554 2908 ‚
1570 2863 1604 2913 fi
1620 2865 1716 2901 modo
1736 2864 1837 2900 detur
1858 2863 1897 2898 P.
1921 2862 2013 2897 Dan.

1272 2930 1332 2956 21.
1359 2917 1460 2954 Urbes
1480 2914 1740 2963 Laestrygonis]
1756 2912 1990 2960 Laestrygonor
2013 2908 2259 2946 Combianusi

1223 2969 1261 3006 &
1282 2967 1400 3006 urbem
1421 2967 1592 3005 meliores
1612 2966 1786 3014 plerique.
1812 2973 1850 3000 ut
1872 2963 1963 2998 Met.
1984 2971 2066 2998 xiv.

1279 3033 1362 3071 1nde
1385 3031 1489 3069 Lami
1515 3040 1665 3069 veterem
1688 3027 1941 3077 Laestrygonis,
1967 3024 2084 3075 inquit
2106 3052 2117 3070 ,
2142 3023 2181 3062 in
2200 3034 2258 3060 ur-

1411 3083 1485 3121 bem

1284 3135 1458 3173 Venimus.

1231 3187 1408 3225 Homero
1438 3196 1591 3235 quoque
1620 3195 1698 3222 non
1727 3180 1792 3221 nisi
1820 3182 1969 3220 unicum
2000 3175 2189 3225 oppidum
2208 3170 2257 3208 est

1228 3236 1357 3287 Odyss.
1376 3236 1532 3285 K.quod
1549 3243 1677 3279 vocat,
1712 3233 1840 3282 Λάμου
1859 3232 1950 3272 alm)
1972 3227 2169 3269 πτολίεθρον
2196 3235 2260 3262 τη-

1229 3292 1392 3329 λέπνλον
1413 3286 1678 3334 Λαιςρυγονῖην.
1706 3283 1848 3334 Herus.

1408 3337 1549 3388 Ttttt
2102 3327 2265 3398 233Ne:
