2495 3675
483 180 528 236 F
601 180 656 236 A
723 179 766 237 S
839 180 899 236 T
968 179 1024 236 O
1099 178 1156 236 R
1225 178 1280 234 U
1352 178 1421 234 M

970 294 1201 349 quorum
1228 290 1316 332 me
1342 276 1511 333 caussa
1539 280 1760 343 latebam

378 278 615 335 Lumina
640 279 929 342 restabant3

1530 183 1638 241 L1
1677 204 1723 239 B.
1796 188 1867 245 V.
2130 209 2231 266 337

454 351 597 406 Cum
626 352 693 406 sic
720 369 926 407 errores
949 350 1153 404 abstulit
1179 350 1263 402 illa
1291 367 1460 407 meos,

377 423 432 480 V
437 426 485 478 el
511 426 634 498 quia
661 424 937 496 purpureis
960 423 1227 476 collucent
1252 421 1473 476 floribus
1506 424 1648 494 agri;

223 559 226 561 Α
452 497 684 551 Lumina
708 498 826 553 sunt
850 494 1054 548 nostros
1079 493 1181 547 visa
1205 493 1399 548 decere
1433 495 1574 550 dies:

231 573 331 638 365
371 569 474 624 Vel
502 570 624 642 quia
651 586 749 622 nec
775 566 877 620 flos
904 566 979 619 est
1004 564 1218 627 hebeti,
1259 584 1357 620 nec
1386 567 1626 631 flamma,
1663 570 1880 635 colore:

449 645 629 713 Atque
653 640 836 692 oculos
861 638 916 691 in
941 636 993 690 se
1017 637 1265 707 splendor
1293 651 1517 711 uterque
1545 641 1730 696 trahit:

360 713 464 769 Vel
488 714 609 785 quia
637 710 839 765 deliciis
865 709 1123 764 nodturna
1148 711 1359 764 licentia
1385 712 1572 766 nostris

437 783 726 838 Convenit.
767 785 796 837 a
820 800 949 837 vero
978 782 1132 835 tertia
1156 782 1322 836 caussa
1349 785 1507 840 venit.

366 856 461 911 Est
484 857 644 910 breve
669 869 970 927 praeterea,
1009 853 1077 907 de
1104 871 1214 926 quo
1242 855 1369 909 mihi
1398 874 1653 928 quaerere
1682 860 1868 924 restat,

222 950 322 999 370

121 1141 206 1193 358.
232 1146 277 1180 Et
300 1141 445 1191 color.]‘
469 1145 524 1178 At
547 1142 632 1180 color
654 1143 759 1190 prim.
782 1143 953 1183 Ambros.
974 1144 1109 1190 Laeti,

66 1195 209 1233 Minu.
225 1193 366 1232 Zulich.
389 1194 425 1230 8<
449 1192 524 1230 duo
543 1194 612 1231 alii.
635 1194 760 1241 placet.
790 1196 932 1234 Hems.
986 1193 1112 1233 omni-

71 1245 133 1282 bus
153 1246 260 1282 omnis
280 1244 361 1289 inest
380 1244 507 1280 Ambr.
530 1255 579 1292 pr.
601 1244 755 1281 Floribus
772 1259 861 1283 unus
884 1248 1059 1294 Gottorp.

434 929 488 984 Si
513 929 695 992 liceat,
732 928 859 984 dixi.
887 925 1092 982 dixit&
1117 927 1229 992 illa,
1269 927 1445 983 Licet.

2093 1009 2206 1066 Cur

1163 1142 1201 1181 ni
1226 1143 1359 1182 Noster
1378 1143 1514 1182 adludit
1533 1143 1577 1182 ad
1600 1144 1814 1194 sparsionem
1833 1174 1842 1190 ,
1870 1156 1964 1194 quae
1986 1147 2029 1184 de
2049 1148 2146 1185 testo
2168 1150 2209 1186 ὃς

1164 1194 1316 1242 desuper
1336 1194 1455 1233 fiebat.
1483 1196 1583 1242 cujus
1604 1198 1815 1244 exemplum
1839 1208 1885 1234 en
1907 1198 1943 1233 in
1968 1197 2145 1236 Suetonio
2161 1200 2209 1237 de

1166 1245 1350 1283 Nerone:
1396 1247 1615 1283 coenationes
1644 1246 1826 1296 laqueatae
1851 1275 1860 1289 ‚
1897 1247 2027 1283 tabulis
2055 1248 2210 1285 eburneis

124 1297 206 1344 360.
235 1295 396 1331 Decidere
413 1294 450 1330 in
464 1294 633 1344 mensas.]
664 1297 850 1343 Quattuor
864 1297 984 1334 Vatic.
1007 1297 1113 1335 Acci-
1165 1295 1408 1343 versatilibus,
1440 1307 1480 1332 ut
1497 1296 1591 1344 flores
1611 1311 1652 1333 ex
1666 1297 1813 1345 fistulis,
1828 1309 1870 1337 cy·
1887 1308 2061 1346 unguenta
2071 1299 2206 1348 desuper

72 1347 158 1384 dere.
181 1346 333 1389 Fratris,
360 1345 537 1382 Accedere.
566 1346 733 1383 CIOFAN.
771 1347 936 1383 Accidere
962 1348 998 1384 in
1017 1361 1113 1384 men·
1157 1346 1410 1394 spargerentur.
1438 1347 1560 1385 Nem.

63 1399 122 1446 sas
141 1409 206 1445 pro
227 1396 376 1432 decidere
398 1404 562 1433 veterum
585 1396 761 1446 plerique.
790 1397 900 1436 etiam
925 1398 1113 1446 probeffic

70 1448 262 1485 Lucretius
282 1447 342 1483 lib.
364 1458 416 1483 iv.
434 1446 517 1482 216.

112 1498 278 1535 *aetheris
300 1511 339 1533 ex
361 1497 426 1533 oris
446 1496 482 1532 in
501 1506 674 1534 terrarum
696 1496 846 1534 accidere
865 1511 953 1535 oras.

63 1561 131 1599 pro
152 1549 281 1586 cadere
300 1547 461 1585 dixit.ita
475 1548 572 1584 enim
593 1546 722 1584 rectius
740 1548 819 1585 libri
840 1558 981 1593 veteres
995 1562 1111 1600 ,quos

65 1600 166 1644 vidi,
194 1610 305 1648 quam
328 1598 375 1633 ad
393 1611 478 1634 oras.
507 1598 608 1634 Silius
627 1597 719 1634 libro
739 1610 792 1635 iv.
814 1598 868 1636 xis.
889 1599 973 1646 238.

288 1650 441 1696 frontem
463 1649 499 1683 in
519 1647 671 1684 mediam
696 1649 820 1695 gravis
840 1651 967 1687 accidit
986 1650 1080 1700 ensis.

64 1703 115 1740 ita
135 1699 357 1738 scribo.cum
372 1700 406 1735 in
422 1698 566 1735 vetustis
587 1698 773 1736 codicibus
790 1700 953 1748 legatur,
976 1703 1107 1740 occidit.

62 1754 100 1790 in
125 1748 441 1799 vulgatis,incidit.
455 1748 574 1787 Varro
586 1749 820 1787 Parmenone
831 1751 922 1798 apud
936 1753 1106 1790 Nonium

63 1804 103 1840 in
125 1800 251 1838 Trabs:
283 1800 367 1836 Alia
379 1798 474 1835 trabs
490 1799 603 1846 pronis
612 1800 653 1835 in
664 1799 813 1836 humum
823 1803 978 1838 accidens
987 1804 1102 1848 proxi-

63 1865 141 1890 mae
152 1851 291 1901 frangit
310 1863 421 1887 ramos
443 1850 576 1888 cadens.
603 1849 741 1888 Seneca
763 1851 917 1899 Hippoi.
939 1852 1022 1902 588.

119 1926 242 1957 Terrae
258 1928 385 1968 repente
402 1928 517 1969 corpus
533 1919 740 1956 exanimum
761 1921 898 1960 accidit.

65 1987 114 2025 ita
133 1989 295 2034 optimus
317 1987 532 2030 Mediceus;
554 1998 631 2024 non
653 1986 758 2024 cadit.
808 1986 913 2025 Idem
935 1987 1107 2027 Troasin.

51 2039 214 2075 ‘accidere
233 2038 281 2074 ad
298 2051 409 2086 genua
431 2038 531 2075 dixit.
560 2046 599 2075 ut
631 2038 668 2074 ἃ
693 2037 830 2074 Ennius
858 2039 1108 2078 pancratiaste.

67 2088 280 2133 Lucretius,
296 2095 357 2126 Res
369 2101 461 2124 nova
473 2088 632 2135 miraque
644 2088 752 2124 menn·
771 2089 926 2126 Accidit.
953 2090 1104 2128 &idem

64 2138 115 2178 fic
143 2140 281 2188 passim.
317 2140 445 2178 Livius
472 2138 710 2176 Andronicus
739 2139 835 2188 apud
864 2140 1036 2178 Nonium
1069 2143 1107 2178 in

65 2191 230 2236 struices,

117 2256 217 2303 §Luae
237 2253 392 2300 castalia
411 2263 468 2304 per
477 2252 619 2302 struices
633 2253 760 2302 saxeas
777 2251 872 2302 lapsu
892 2254 1030 2292 accidit.

67 2303 246 2354 Apulejus
267 2307 425 2343 Metam.
445 2317 484 2344 v.
514 2311 584 2342 Nec
594 2316 806 2353 quemquam
826 2314 944 2341 tamen
963 2305 1028 2342 illa
1049 2306 1105 2342 vi—

66 2355 142 2392 dere
158 2365 292 2405 poterat
306 2385 316 2400 ,
336 2357 396 2406 sed
428 2355 535 2392 verba
565 2366 708 2392 tantum
739 2353 872 2391 dicebat
889 2355 1081 2393 accidentia
1095 2384 1106 2400 ,

67 2407 214 2454 &solas
236 2421 330 2443 voces
340 2406 501 2453 famulas
523 2404 681 2442 habebat.
711 2403 759 2441 fic
778 2404 898 2442 scribe.
921 2406 1034 2455 vulgo
1052 2407 1106 2445 ⁴ibi

63 2467 253 2505 perperam
267 2484 276 2499 ‚
304 2456 628 2503 excidentia.paulo
642 2455 719 2502 post
741 2455 921 2502 sequitur,
949 2458 1109 2495 Clemens

71 2506 215 2555 quidam
239 2507 342 2553 fimus
363 2519 462 2542 aures
489 2506 558 2548 ejus
577 2505 716 2540 accidit.
746 2504 969 2543 Priscianus:
991 2513 1108 2544 Vocem

68 2555 240 2602 definiunt
259 2555 440 2604 philosophi
462 2555 567 2590 ic‘lum
596 2553 738 2589 auribus
764 2554 985 2592 accidentem.
1012 2569 1108 2604 quae

68 2605 369 2643 emendationem
407 2606 481 2642 loci
508 2603 705 2652 Apulejani
733 2602 840 2642 unice
877 2605 1108 2647 confirmant.

66 2655 211 2694 Plautus
234 2657 268 2694 in
292 2656 428 2694 Sticho.

119 2713 291 2743 paternae
312 2708 403 2742 vocis
419 2705 553 2755 sonitus
571 2718 670 2743 aures
689 2703 827 2743 accidit.

67 2755 232 2803 Valerius
256 2757 423 2795 Flaccus:

296 2822 365 2845 vox
384 2808 508 2846 accidit
529 2821 628 2845 aures

121 2858 255 2896 Flebilis
272 2859 442 2897 accedens.

71 2909 190 2948 Attius
208 2911 399 2959 Meleagro
413 2939 423 2953 ,
458 2910 611 2947 Simulac
626 2909 749 2959 agnita
772 2924 843 2949 vox
861 2911 908 2948 ad
918 2924 1016 2949 aures
1037 2913 1108 2961 ejus

71 2961 204 2999 accidit.
234 2961 333 2998 ldem
350 2989 360 3005 ‚
374 2962 506 2998 Timide
524 2961 680 2998 eliminor
699 2961 845 2999 clamore
857 2990 868 3006 ,
888 2961 1038 3011 fimulac
1049 2976 1108 2999 no-

71 3019 110 3047 ta
126 3025 194 3048 vox
211 3012 258 3048 ad
269 3025 365 3048 aures
377 3013 512 3049 accidit.
540 3012 684 3050 Auctor
703 3013 891 3051 Rhetoric.
908 3014 953 3050 ad
965 3014 1126 3051 Herm--

69 3061 194 3099 nium:
228 3062 330 3109 Qcod
343 3091 352 3106 ‚
379 3064 437 3099 ubi
455 3063 502 3098 ad
522 3076 619 3099 aures
635 3062 773 3100 accidit.
799 3078 848 3101 res
868 3064 1028 3100 animum
1048 3077 1105 3099 ac-

71 3111 183 3149 cidens
212 3113 329 3151 Aulus
350 3113 487 3151 Gellius
509 3113 656 3150 lib.x1x.
681 3124 757 3161 cap.
778 3126 835 3151 ro.
866 3115 1010 3152 Heius.
1038 3115 1106 3152 Vi-

70 3161 116 3249 ἓῑὲ
136 3162 260 3249 {eigs
281 3163 326 3251 agl
350 3163 410 3202 Sil.
431 3176 485 3202 iv.
505 3163 589 3213 238.
627 3164 664 3201 &
685 3163 812 3203 Davis.
833 3164 879 3203 ad
901 3166 1019 3203 Cicer.
1040 3178 1106 3205 111.

124 3241 207 3308 36o.
234 3225 368 3311 &frisa
391 3266 488 3315 miffa
501 3265 631 3315 Jolet.]
680 3267 825 3305 Mensas
847 3267 937 3305 olim
961 3267 1109 3305 floribus

70 3319 213 3360 pinatas
239 3312 285 3398 izi}
306 3314 440 3402 debilis
467 3316 570 3356 fuisse
604 3325 751 3358 notum.
829 3318 900 3358 Sed
931 3319 1110 3365 mentiar,

282 3374 346 3401 011).
430 3394 440 3405 .

1220 1402 1302 1444 301.
1330 1397 1484 1433 Lumina
1503 1396 1704 1446 restabant]
1735 1398 1823 1435 Hoc
1848 1400 2029 1436 monitum
2047 1399 2125 1437 vult
2146 1400 2210 1438 sub

1165 1445 1303 1490 finem,
1331 1447 1436 1484 ludos
1449 1447 1598 1485 diurnos
1612 1449 1718 1486 etiam
1736 1449 1958 1498 pernoc‘lem
1982 1450 2213 1505 continuasse

1165 1506 1307 1535 veteres
1335 1498 1372 1534 &
1394 1498 1530 1535 facibus
1549 1498 1718 1537 accensis.
1774 1500 1914 1536 Dubius
1938 1500 1984 1537 est
2008 1501 2042 1537 in
2068 1499 2207 1544 caussa;

1164 1546 1223 1584 sed
1250 1547 1484 1585 verisimilem
1508 1557 1631 1596 putat,
1659 1549 1760 1598 quod
1782 1550 2010 1597 voluptatum
2033 1550 2209 1589 illecebris

1164 1599 1340 1646 aptissima
1361 1598 1524 1636 videatur
1547 1600 1691 1637 licentia
1715 1600 1902 1637 noemma.
1936 1601 2058 1638 Nem.

1219 1650 1300 1697 361.
1331 1655 1390 1685 Me
1411 1649 1520 1697 caussa
1547 1650 1715 1700 latebat.]
1770 1650 1866 1687 Mihi
1895 1652 2071 1688 Mazarin.
2101 1652 2207 1701 quod

1163 1700 1331 1737 Latinius
1360 1708 1463 1748 puto.
1483 1700 1558 1738 vid.
1579 1701 1696 1738 Gron.
1721 1700 1766 1738 ad
1800 1701 1927 1738 Senec.
1963 1701 2096 1749 Oedip.
2119 1715 2207 1750 295.

1163 1751 1224 1787 ubi
1252 1760 1376 1787 tamen
1408 1751 1521 1799 magis
1543 1752 1695 1799 implere
1736 1763 1837 1789 aures
1862 1751 2060 1789 leffionem
2083 1753 2209 1802 vulgae

1163 1809 1239 1838 tam
1259 1810 1349 1848 puto
1363 1829 1372 1845 ‚

1213 1851 1292 1899 Visa
1315 1861 1486 1888 carentem
1506 1865 1633 1901 magna
1651 1861 1732 1901 pars
1750 1852 1825 1888 veri
1846 1853 1943 1891 latet.

1160 1914 1245 1940 nam
1264 1915 1341 1940 non
1361 1902 1571 1950 negandum
1592 1914 1681 1951 puro
1696 1932 1705 1947 ,
1735 1912 1844 1941 ctiam
1866 1903 2109 1942 accusativum
2122 1905 2206 1952 pos-

1161 1953 1196 1990 se
1229 1953 1312 1991 addi
1341 1981 1350 1997 ,
1393 1953 1452 1990 sed
1488 1965 1550 1999 per
1590 1954 1844 1992 Graecismum
1876 1956 2035 1994 excusari
2066 1956 2210 1994 debere.

1162 2004 1336 2053 Virgilius
1358 2015 1446 2041 veio
1468 2003 1528 2042 lib.
1547 2018 1574 2042 1.
1597 2005 1747 2043 AEneid.
1771 2017 1852 2054 130.

1221 2072 1288 2102 Nec
1309 2066 1439 2103 latuere
1459 2066 1526 2102 doli
1537 2068 1691 2114 fratrem
1713 2068 1869 2112 Junonis
1891 2078 1934 2108 <5⁹
1954 2068 2026 2105 irae
2039 2097 2049 2113 ‚

1163 2115 1253 2154 dixit
1277 2144 1288 2160 ,
1324 2126 1364 2155 ut
1393 2117 1544 2154 evitaret
1572 2119 1748 2166 ingratam
1778 2119 1874 2155 illam
1898 2119 2021 2156 literae
2043 2121 2054 2156 i
2074 2119 2210 2167 repeti-³

1163 2168 1306 2204 tionem
1327 2194 1336 2211 ‚
1352 2167 1374 2204 fi
1395 2166 1554 2211 dixisset,
1584 2168 1786 2215 dolijratri.
1815 2170 1912 2206 Nam
1927 2170 1963 2206 in
1987 2170 2146 2207 Marone
2169 2170 2208 2206 &

1163 2229 1394 2267 unoquoque
1437 2221 1549 2266 po'eta
1587 2222 1733 2267 optimo
1773 2219 1909 2266 saepius
1950 2219 2178 2257 observatum
2195 2245 2207 2262 „

1162 2267 1242 2305 illos
1283 2280 1394 2317 magis
1425 2281 1526 2305 aures
1568 2269 1644 2306 suas
1678 2281 1789 2319 quam
1822 2271 2093 2308 Grammaticos
2115 2281 2205 2314 con·<

1160 2317 1311 2357 suluisse.
1341 2320 1388 2356 fic
1407 2320 1444 2356 ὅς
1465 2319 1596 2357 Noster
1614 2320 1673 2358 lib.
1694 2333 1745 2358 iv.
1766 2321 1854 2358 Fast.
1872 2333 1955 2358 211.

1212 2386 1273 2417 Res
1293 2380 1400 2418 latuit
1416 2390 1551 2430 patrem
1569 2396 1576 2419 :
1601 2383 1765 2433 priscique
1781 2384 1986 2420 imitamina
2004 2384 2091 2427 fassi
2103 2409 2113 2426 ‚
2127 2392 2197 2422 cryc,

1162 2430 1223 2468 ubi
1243 2431 1269 2468 si
1285 2432 1379 2477 patri
1398 2432 1537 2469 dixiflet
1550 2461 1559 2475 ,
1586 2434 1660 2470 hoc
1679 2439 1716 2470 ὅ(
1745 2434 1895 2482 sequens
1912 2434 2012 2482 prisci
2042 2433 2126 2474 [affl
2145 2432 2203 2469 of-

1162 2480 1330 2519 fendiffet
1351 2494 1452 2519 aures
1481 2482 1661 2520 delicatas,
1697 2484 1755 2520 lib.
1780 2497 1831 2519 iv.
1854 2495 1897 2520 cx
1920 2484 2022 2519 l'ont.
2044 2495 2094 2519 ix.
2121 2494 2202 2521 120.

1165 2531 1230 2567 Nil
1248 2531 1351 2567 illum
1370 2532 1478 2575 latet,
1506 2533 1565 2570 ubi
1587 2534 1623 2569 ὅτ
1643 2541 1714 2569 tres
1735 2533 1811 2570 libri
1827 2561 1836 2575 ,
1864 2533 1927 2568 illi.
1950 2532 2078 2569 Buum.

1217 2583 1301 2629 363.
1330 2581 1521 2629 floribus]
1553 2582 1686 2630 Ignibus
1699 2594 1788 2619 unus
1811 2582 1963 2619 Heinsii.
1985 2584 2021 2618 &
2040 2583 2087 2618 ita
2100 2583 2201 2620 Mar-

1162 2631 1239 2676 sus,
1266 2632 1331 2680 qui
1352 2632 1396 2668 de
1427 2631 1500 2669 sole
1531 2633 1696 2680 explicat.
1716 2632 1775 2669 sed
1799 2634 1835 2669 ὃ(
1864 2632 1888 2669 fi
1911 2633 2000 2680 ignes
2019 2634 2200 2670 retinendi

1163 2680 1292 2725 essent,
1310 2680 1450 2730 possent
1464 2682 1567 2720 ssores
1587 2684 1698 2730 igneis
1713 2683 1893 2720 coloribus
1915 2683 2075 2720 lucentes
2096 2682 2204 2720 intel-

1160 2731 1234 2822 lsig'il.
1264 2732 1309 2820 si6c
1333 2733 1461 2771 eadem
1487 2735 1641 2780 varietas,
1654 2735 1749 2784 apud
1768 2734 2060 2772 Claudianum
2081 2733 2201 2773 Laud.

1190 2793 1277 2830 ti.4
1308 2795 1338 2828 7.

1214 2850 1347 2887 Croceis
1369 2862 1521 2889 rorantes
1539 2852 1671 2901 ignibus
1691 2852 1814 2891 hortos.

1164 2911 1211 2949 fic
1233 2914 1343 2961 ignem
1367 2914 1502 2951 metalli
1524 2915 1615 2953 dixit
1634 2916 1730 2954 idem
1755 2916 1882 2954 Claud.
1900 2915 2074 2954 V1.Cons.
2099 2915 2202 2952 Hori.

1166 2975 1226 3010 52.
1256 2963 1313 3000 ubi
1340 2963 1421 3000 vide
1451 2965 1543 3003 Bart.
1565 2967 1603 3003 ὅ(
1633 2968 1681 3003 ita
1712 2977 1839 3004 contra
1860 2968 1984 3015 ignem
2017 2968 2052 3004 ὅ(
2077 2967 2201 3003 lumen

1162 3013 1279 3060 florere
1298 3013 1477 3051 dicebant.
1497 3016 1570 3054 vid.
1603 3018 1753 3054 Lucret.
1779 3030 1830 3054 iv.
1855 3030 1935 3064 ⁴52·
1950 3014 2203 3055 &Heraldcd

1161 3064 1304 3101 Tertul.
1327 3065 1527 3114 Apologet.
1548 3078 1624 3116 cap.
1643 3079 1693 3105 xi.
1713 3067 1809 3106 iic&
1830 3069 1977 3106 Graecis
1997 3068 2110 3108 Ἀνόὸς
2134 3077 2200 3100 πυ·

1162 3115 1240 3160 ebe,
1269 3123 1308 3152 ut
1327 3125 1473 3153 notum.
1501 3116 1634 3157 Euam.

1217 3165 1299 3213 366.
1327 3171 1367 3201 In
1382 3166 1446 3216 [a]
1480 3169 1613 3214 Nostros
1631 3170 1773 3207 Arund.
1793 3167 1952 3208 Voss&
1974 3167 2117 3216 plurimi
2131 3164 2200 3201 alii.

1164 3216 1257 3252 inter
1278 3215 1418 3254 Sa'irav.
1439 3229 1490 3265 pr.
1512 3219 1632 3257 Vatic.
1657 3223 1693 3257 &
1713 3230 1783 3258 tres
1806 3221 1876 3257 alii.

1219 3267 1305 3315 368.
1336 3268 1451 3304 Tertia
1471 3271 1580 3317 cauffa
1600 3270 1737 3319 venian]
1793 3270 1873 3310 fuit
1891 3279 1981 3307 unus
2002 3265 2204 3304 Mediceus.

1167 3329 1211 3355 an
1233 3329 1299 3366 pro
1322 3315 1428 3366 fluit?
1452 3319 1595 3358 Hiems.

1344 3368 1378 3415 V
1393 3379 1416 3416 v.
2025 3375 2107 3416 3ss1·
2137 3365 2211 3404 (Μ
