2495 3675
249 147 354 218 362

770 141 831 199 P.
904 137 1325 199 OVIDII
1399 134 1934 200 NASONIS

403 249 503 319 675
542 244 675 304 Huc
699 248 846 302 venit
885 245 1144 303 incinffi’rus
1170 245 1375 302 tunicas
1403 254 1708 307 mercator3
1749 243 1804 298 &
1830 247 1982 302 urna„

621 320 794 376 Purus
824 318 1030 383 suffita,
1069 337 1229 390 quarn
1255 319 1419 382 ferat,
1457 317 1632 372 haurit
1662 334 1868 388 aquam.

547 393 674 450 Uda
698 394 756 449 fit
784 394 907 448 hinc
939 395 1136 448 laurus:
1177 394 1325 448 lauro
1351 392 1666 463 sparguntur
1698 389 1763 444 ab
1787 389 1909 444 uda..

626 467 852 530 Omnia,
891 484 1026 537 quae
1053 466 1304 521 dominos
1331 465 1449 520 sunt
1478 464 1718 518 habitura
1745 479 1934 517 novos

556 541 765 615 Spargit
793 539 847 593 &
873 538 980 609 ipse
1006 537 1127 593 suos
1155 540 1303 593 lauro
1332 552 1546 593 rorante
1570 537 1815 609 capillos:

414 615 519 671 680

630 614 699 668 Et
728 612 932 684 peragit
959 611 1109 666 solita
1136 612 1313 666 fallere
1343 629 1478 666 voce
1503 627 1707 683 preces,

555 688 732 744 Ablue
761 685 1030 756 praeteriti
1059 684 1289 757 perjuria
1316 684 1572 755 temporis
1597 723 1612 746 ,
1652 684 1842 757 inquit.

631 759 810 813 Ablue
835 761 1122 831 praeterita
1146 759 1350 831 perfida
1373 756 1539 814 verba
1564 756 1670 815 die.

322 1026 410 1070 670.
439 1030 529 1062 Haec
550 1023 712 1072 ribifesta
733 1020 848 1073 die5.]
888 1024 991 1061 Fabia
1013 1025 1154 1064 Mazar.
1177 1024 1321 1064 Zulich.

270 1077 394 1115 Ursin.
415 1078 523 1126 prim.
546 1076 661 1113 Ambr
696 1076 731 1113 ὃς
747 1076 805 1113 sex
817 1075 887 1112 alii.
916 1076 1001 1118 An,
1022 1078 1149 1122 parfia?
1176 1088 1220 1114 an
1236 1078 1320 1125 ‚sa-

2301 885 2426 943 Sive
2442 908 2452 916 ··

1378 1023 1526 1073 legitur.
1553 1022 1735 1059 Interdum
1767 1021 1932 1060 acerrimo
1959 1021 2131 1073 gravique
2160 1023 2258 1061 odore
2280 1022 2431 1074 sulphu-

1377 1072 1424 1112 ris
1459 1074 1602 1123 juvenis
1640 1075 1809 1122 inescatus
1844 1085 1949 1124 atque
1987 1073 2209 1111 obnubilatus
2244 1075 2444 1125 interclusa

272 1138 358 1167 cra?
386 1127 489 1177 quod
511 1127 682 1175 posterius
708 1128 745 1164 in
768 1126 890 1163 multis
918 1125 1053 1173 scriptis
1074 1129 1244 1165 occurrit.
1273 1127 1320 1165 fic
1369 1125 1498 1175 spiritu
1525 1124 1715 1175 diffluebat.
1759 1124 1908 1174 diffluere
1932 1124 2113 1174 interclufh
2134 1126 2262 1174 spiritu
2299 1138 2444 1175 parum-

273 1181 313 1218 &
336 1179 439 1228 supra
459 1190 534 1216 non
564 1177 673 1215 semel
697 1177 806 1225 faffl5
828 1176 1001 1225 profestis
1024 1178 1208 1226 autsacris
1227 1178 1318 1226 legi·

273 1239 343 1269 tur.
371 1242 463 1268 mox
488 1258 496 1274 ,
521 1227 701 1278 profitetur
732 1229 769 1265 &
799 1238 894 1275 rogat
924 1228 1028 1275 prim.
1054 1228 1195 1266 Fames.
1215 1230 1321 1276 prim.

275 1281 417 1319 Medic.
450 1279 626 1318 Arondel.
654 1280 855 1328 Gottorpli.
885 1280 921 1316 ὃ(
952 1287 1023 1316 tres
1057 1279 1128 1318 alii.
1177 1279 1324 1318 Heius.

274 1338 351 1370 Tua
365 1333 466 1379 sac‘la
488 1330 558 1367 dics
575 1340 745 1380 quatuor.

326 1385 411 1430 673.
441 1382 497 1429 Est
515 1395 610 1432 aqua
635 1380 839 1431 illcrcurii]
899 1382 988 1420 Hoc
1018 1381 1135 1419 solum
1159 1381 1327 1419 testimo-

275 1436 340 1473 nio
372 1432 526 1481 probant
560 1433 625 1470 viri
657 1432 757 1470 doen
778 1461 787 1476 ,
826 1441 926 1470 extra
956 1442 1098 1481 portam
1133 1433 1325 1481 Capenam

274 1483 336 1524 vizi
358 1482 479 1533 Appii
502 1495 633 1532 aquam
667 1482 769 1521 fuiffe
791 1484 839 1521 ita
867 1493 1139 1531 nuncupatam3
1168 1496 1239 1532 qua
1259 1495 1327 1532 po-

276 1537 382 1584 pulus
397 1564 406 1580 ‚
436 1536 498 1583 qui
523 1536 677 1583 negotio
700 1535 735 1572 &
758 1535 919 1582 quaestui
943 1547 1095 1584 operam
1123 1535 1252 1581 dabat,
1275 1535 1329 1573 his

279 1587 404 1626 Idibus
424 1586 559 1624 lustrari
582 1585 715 1623 solitus.
747 1587 870 1623 Naar.

328 1639 414 1685 675.
443 1643 518 1673 Huc
529 1636 634 1673 venit.
647 1636 816 1673 incinei'us
834 1635 988 1686 mmcd]
1018 1637 1204 1686 Cingu103
1221 1636 1331 1686 equo

279 1689 504 1737 marsupium
526 1689 603 1725 auri
625 1688 821 1725 monetalis
840 1687 1100 1736 propendebat.
1129 1689 1204 1726 Hic
1223 1697 1329 1726 vetus

286 1738 702 1778 mercatorumhabitus.
731 1739 855 1776 Nffla.
888 1739 1038 1776 Tunicas
1057 1739 1160 1777 Maz.
1182 1740 1330 1777 Zulich.

280 1791 414 1834 Laeti,
443 1798 520 1837 opt.
547 1789 686 1826 Medic.
708 1788 816 1836 prim.
847 1790 1017 1827 Ambros.
1047 1789 1150 1828 Voss.
1187 1792 1223 1827 δε
1251 1790 1328 1829 duo

281 1840 491 1879 Farnesiani
507 1867 516 1882 ‚
539 1840 695 1888 eleganti
710 1840 933 1878 Graecismo.
946 1840 1010 1878 nisi
1024 1841 1125 1879 malis
1137 1869 1147 1886 ,
1159 1841 1330 1880 tunicam.

279 1891 385 1942 quod
402 1903 468 1940 pro
491 1890 628 1928 diversa
657 1890 818 1928 lenione
841 1893 877 1929 in
900 1904 977 1929 uno
1005 1892 1146 1931 Moreti
1168 1901 1243 1931 erat
1262 1905 1333 1931 no·

280 1952 414 1981 tatum.
443 1953 532 1979 mox
546 1953 612 1990 pro
631 1954 721 1978 urna
734 1941 865 1991 suffitfa
883 1943 964 1992 lege
978 1971 988 1988 ‚
1008 1942 1139 1991 suffita.
1159 1955 1245 1982 nam
1259 1945 1331 1982 Ur-

280 1993 349 2032 fini
382 1992 694 2041 praestantissimus
715 2021 725 2038 ,
753 1993 926 2041 saffiram.
954 1995 1118 2042 optimus
1141 1995 1332 2033 Mediceus

281 2057 350 2094 pro
373 2043 510 2082 diversa
530 2043 714 2087 leffione,
743 2044 888 2092 suffitus.
925 2045 1101 2093 Naugerii
1123 2046 1234 2090 liber,
1257 2047 1333 2093 suf-

276 2097 386 2143 fich.
407 2095 546 2132 Mazar.
567 2094 711 2132 Zulich.
733 2095 771 2133 &
792 2107 884 2133 unus
910 2095 1033 2134 Vatic.
1050 2095 1148 2145 suffit
1175 2110 1307 2146 aquam
1322 2126 1333 2142 ,

278 2147 375 2196 suffit
396 2157 439 2186 <9-
459 2145 582 2182 haurit
605 2158 748 2195 aquam.
769 2157 863 2195 quae
882 2147 1118 2185 turbatisfima
1145 2147 1238 2187 sunt.
1266 2159 1333 2197 pro

283 2210 393 2248 quam
410 2196 497 2246 gerit
524 2196 622 2234 idem
649 2196 768 2234 Ursini
801 2197 920 2234 codex
937 2225 946 2242 ,
968 2197 1066 2242 serit.
1087 2207 1179 2247 puto
1194 2227 1203 2243 ‚
1226 2212 1335 2249 quam

282 2249 396 2298 gerit,
425 2258 552 2286 urnam
584 2258 732 2296 nempe.
771 2247 943 2286 Alvearia
965 2248 1086 2298 thymo
1104 2248 1222 2297 suffire
1250 2251 1336 2289 Vir-

285 2300 345 2349 gil.
365 2310 423 2338 1V.
454 2298 570 2336 Geor.
589 2311 668 2344 14¹·
695 2298 905 2347 Propertius
925 2299 1016 2337 libro
1038 2311 1091 2338 1v.
1114 2301 1218 2350 Eleg.
1241 2313 1296 2339 rx.

340 2363 507 2411 Suffiit&
524 2372 613 2412 pura
636 2361 763 2399 limina
774 2358 903 2410 sparsit
923 2359 1032 2410 aqud.

287 2418 337 2458 fie
353 2420 482 2460 scribo.
513 2420 751 2461 Ceterum-ut
772 2422 808 2459 in
837 2423 912 2460 hoc
932 2422 1087 2461 Nasonis
1105 2423 1340 2473 locos'uffusa

287 2482 355 2519 pro
366 2470 489 2519 suffita
508 2471 777 2521 legebatur;ita
796 2474 906 2511 etiarn
922 2474 1017 2522 apud
1038 2475 1239 2524 Apulejum
1255 2487 1341 2521 pec-

288 2530 388 2560 catur
419 2523 512 2560 libro
544 2523 663 2561 Miles.
692 2536 744 2562 ix.
780 2535 893 2572 quem
919 2524 1045 2562 Iocum
1081 2537 1158 2562 non
1191 2524 1333 2573 possum

286 2573 374 2620 quin
398 2573 465 2611 hac
484 2573 680 2612 occasione
704 2576 742 2611 &
770 2575 969 2613 emendem
1004 2577 1041 2612 ἃ
1068 2577 1165 2624 turpi
1183 2576 1336 2615 liberem

286 2622 513 2670 glossemate.
560 2630 646 2672 Ergo
673 2625 785 2672 nostra
815 2635 949 2675 repente
976 2626 1122 2663 turbata
1148 2629 1339 2676 praesentia

284 2673 455 2719 subitario
477 2675 630 2712 adduffla
662 2674 820 2724 confilio,
848 2676 992 2713 eundem
1025 2677 1127 2712 illum
1144 2677 1339 2725 subjefft'um

292 2726 434 2770 contegit
453 2727 611 2763 viminea
630 2739 737 2764 cavea
750 2754 760 2771 ‚
788 2740 876 2774 quae
888 2727 1036 2774 fustium
1055 2726 1197 2771 flexuin
1210 2730 1339 2764 rmum

295 2785 456 2820 aggerata
489 2777 668 2815 cumulum
698 2776 847 2815 lacinias
874 2777 1108 2814 circumdatas
1135 2776 1252 2825 fitffitu
1263 2779 1341 2827 sul-

288 2823 409 2871 pharis
429 2824 632 2866 inalbabat.‘
657 2828 770 2877 vulgo
790 2856 801 2873 ,
823 2827 972 2878 suffusas
993 2829 1139 2865 candido
1151 2831 1253 2875 fiamo
1266 2830 1342 2877 sul-

290 2873 424 2921 pharis.
461 2875 598 2915 Sciolus
617 2879 765 2929 aliquis,
795 2880 857 2929 qui
886 2891 963 2917 non
993 2879 1072 2917 satis
1093 2880 1342 2928 intelligebat,

292 2925 375 2973 quis
396 2925 528 2963 suffitus
559 2927 644 2966 esset
666 2957 676 2974 ,
715 2930 866 2968 credidit
890 2959 900 2974 ,
936 2931 1084 2968 fumum
1121 2929 1190 2968 effe
1220 2932 1344 2970 candi-

294 2976 382 3012 dum
405 3003 414 3019 ,
457 2978 542 3031 quia
564 2978 744 3016 inalbabat
763 2980 943 3030 sequitur,
974 2981 1086 3030 idque
1115 2993 1181 3029 pro
1211 2981 1344 3031 gloffe-

297 3036 394 3064 :nate
426 3027 615 3074 adscripsit.
652 3030 753 3077 quod
785 3041 1003 3069 contextum
1031 3033 1153 3080 postea
1182 3045 1342 3082 occupa-

294 3079 360 3114 vit.
391 3076 585 3126 Sequentia
607 3079 701 3126 apud
724 3081 924 3128 Apuleium
960 3082 1007 3119 sic
1027 3083 1251 3131 castiganda:
1286 3092 1342 3122 ln-

299 3139 388 3164 :erea
409 3128 679 3166 dum-acerrimo
705 3130 878 3179 gravique
896 3131 994 3167 odore
1008 3133 1186 3179 sulphuris
1198 3136 1343 3183 juvenis

296 3178 476 3225 infestatus
520 3190 627 3228 atque
655 3179 874 3218 obnubilatus
901 3182 1080 3229 intercluso
1108 3185 1229 3231 spiritu
1260 3187 1342 3233 defi-

298 3229 449 3270 ciebatur
472 3229 560 3277 (nifi
584 3233 722 3275 mavis,
743 3233 886 3279 juvenis
905 3243 1083 3277 enecatus;
1123 3247 1206 3273 narn
1229 3236 1347 3285 sequi-

1378 1176 1523 1224 proprie
1550 1175 1688 1213 dietum
1706 1203 1716 1219 ,
1744 1179 1832 1213 ut&
1854 1176 1997 1222 inescari
2016 1176 2112 1212 odore
2122 1176 2312 1226 sulphuris.
2341 1190 2454 1216 cum«-

1379 1228 1408 1264 is
1426 1225 1823 1274 odor-fitgravissimus.
1850 1226 1946 1272 defici
1960 1227 2086 1276 spiritu
2106 1228 2251 1277 elegans
2264 1256 2274 1272 ,
2294 1229 2340 1266 de
2350 1241 2426 1279 quo

1381 1276 1426 1314 ad
1451 1277 1647 1325 Epistolam
1675 1277 1855 1315 Oenones
1874 1278 1927 1320 Μ.
1952 1291 2032 1325 150.
2059 1279 2238 1328 Apulejus
2258 1281 2332 1327 pari
2347 1292 2452 1319 mo·—

1383 1327 1432 1365 do
1451 1327 1543 1365 libro
1565 1328 1686 1376 primo
1701 1355 1712 1373 ,
1740 1332 1786 1364 Et
1813 1341 1906 1364 nunc
1926 1329 2033 1365 etiam
2053 1330 2181 1378 spiritu
2204 1330 2348 1378 deficior.
2376 1341 2430 1370 at-

1380 1390 1455 1428 que
1478 1379 1527 1416 ita
1547 1379 1685 1427 paffim.
1710 1377 1789 1416 illae
1814 1379 1908 1416 duae
1936 1381 2072 1427 priores
2090 1381 2215 1418 literae
2239 1385 2301 1418 τοῦ
2323 1394 2456 1433 utque--

1383 1430 1554 1479 proxime
1575 1429 1756 1479 sequentis
1778 1429 2027 1478 absorpserunt
2050 1430 2137 1469 duas
2157 1432 2373 1480 posteriores
2391 1434 2430 1471 in
2448 1461 2452 1464 -

1383 1480 1613 1528 deficiebatur.
1643 1481 1819 1518 Ceterum
1844 1481 1880 1518 in
1903 1482 2014 1529 priori
2033 1481 2120 1519 loco
2142 1483 2301 1530 Apulei,
2331 1494 2372 1523 ut
2384 1497 2432 1523 eo
2451 1502 2462 1512 -

1383 1540 1568 1577 revertar,
1596 1533 1753 1570 minime
1779 1532 1970 1577 satisfacit,
2010 1532 2053 1569 τὸ
2072 1531 2224 1579 fustium
2245 1534 2352 1580 flexu.
2380 1546 2436 1574 at-

1384 1584 1447 1633 qui
1483 1583 1678 1620 vimineam
1708 1596 1855 1620 caveam
1881 1585 1960 1633 jam
1990 1583 2144 1622 dixerat.
2178 1585 2337 1624 multum
2367 1598 2434 1626 au-

1385 1644 1462 1672 tem
1494 1634 1638 1672 interest
1657 1636 1751 1673 inter
1780 1634 1922 1672 vimina
1945 1636 1982 1672 &
1998 1635 2121 1682 fustes.
2192 1637 2320 1685 Quare
2344 1649 2432 1677 curn

1386 1685 1508 1724 sciam*
1541 1686 1851 1736 exploratumque
1884 1685 2038 1724 habeam
2062 1714 2074 1731 ,
2119 1686 2324 1736 Apulejum
2363 1687 2435 1727 effe

1384 1736 1590 1775 admodum
1610 1737 1824 1775 industrium
1847 1739 1884 1775 δε
1899 1746 2052 1776 tanturn·
2073 1749 2150 1775 non
2176 1739 2372 1788 operosum
2396 1741 2464 1778 in«

1385 1787 1619 1826 observandis
1648 1788 1847 1827 verborum
1880 1788 2160 1837 proprietatibus
2184 1817 2194 1832 ‚
2233 1790 2369 1838 opinor
2395 1792 2440 1829 ab
2460 1809 2468 1816 ·

1384 1839 1448 1877 illo
1469 1839 1636 1877 relietum
1658 1837 1748 1884 effe,
1773 1853 1860 1889 quae
1874 1840 2073 1888 fastigatius
2103 1840 2185 1888 (vel
2199 1841 2438 1891 fastigatum)

1386 1892 1424 1927 in
1446 1901 1583 1927 textum
1605 1901 1766 1939 aggerata
1778 1891 1970 1930 tumulum.
1997 1891 2131 1929 namin
2148 1893 2298 1940 optimis
2312 1904 2461 1931 mem--

1387 1941 1504 1979 branis
1535 1941 1754 1979 Florentinis
1780 1941 1978 1980 interatum.
2007 1943 2044 1980 in
2063 1942 2186 1980 Bertin
2212 1955 2219 1979 :
2257 1943 2440 1983 intestam.
2467 1974 2470 1978 .

1388 1992 1460 2030 :exi
1478 1995 1624 2040 proprie
1643 1994 1688 2030 de
1711 1994 1910 2031 viminibus
1929 1993 2000 2031 diei
2018 1994 2096 2042 jam
2116 1993 2260 2032 abunde
2281 1994 2441 2035 demon-

1389 2044 1579 2087 stravimus
1601 2044 1704 2093 supra
1724 2043 1771 2082 ad
1787 2044 1865 2082 libr.
1889 2057 1941 2083 ιν.
1958 2043 2017 2087 >⁷1s.
2038 2055 2122 2094 435.
2152 2045 2297 2083 Hesus.

1441 2109 1529 2158 675.
1554 2109 1772 2161 Merentem]
1804 2116 1951 2147 Venator
1971 2112 2112 2150 Moreti
2133 2123 2239 2150 unus.

1442 2172 1527 2218 678.
1556 2175 1726 2211 Dominus
1754 2176 1844 2223 sunt
1884 2173 2050 2211 habitura
2082 2172 2228 2222 novos]
2294 2174 2443 2214 Plautus
2461 2195 2472 2202 ··

1392 2224 1601 2273 Captiveis:
1634 2225 1715 2262 Vult
1737 2235 1769 2262 te
1795 2238 1907 2262 novus
1934 2224 2036 2261 herus
2066 2224 2176 2262 veteri
2205 2224 2343 2262 domino
2371 2236 2455 2277 ope-:

1392 2288 1471 2313 ram
1488 2275 1582 2312 dare.
1611 2275 1789 2314 Nenos.

1446 2336 1533 2376 680.
1560 2338 1680 2389 Incipit
1698 2349 1741 2378 &⁶
1749 2337 1857 2388 solita
1870 2337 1998 2385 fallere
2016 2352 2096 2376 voce
2109 2336 2249 2387 preces]
2282 2338 2370 2376 Non
2391 2338 2445 2376 se·
2462 2359 2468 2363 -

1395 2388 1457 2427 det
1471 2401 1484 2426 :v
1506 2388 1625 2437 legas,
1653 2390 1762 2427 dicere
1783 2403 1863 2427 voce
1876 2399 2005 2439 preces;
2034 2399 2073 2427 ut
2092 2390 2227 2428 habent
2249 2390 2355 2428 multi
2369 2390 2449 2427 Co-

1395 2440 1506 2478 dices.
1533 2441 1659 2479 NEAP.
1694 2441 1821 2489 Scripti
1840 2442 1917 2479 fere
1933 2453 2066 2478 omnes
2086 2440 2207 2486 recle,

1448 2506 1495 2539 Et
1505 2511 1529 2551 p
1566 2505 1637 2553 agit
1650 2503 1756 2553 solita
1768 2502 1897 2551 fallere
1918 2516 1999 2540 voce
2015 2512 2138 2552 preces.

1394 2565 1459 2604 nisi
1473 2579 1549 2616 quo
1575 2567 1715 2617 ›solitas
1733 2577 1841 2615 preces
1860 2568 1910 2606 est
1929 2570 1966 2606 in
1985 2568 2185 2607 nonnullis.
2215 2570 2354 2617 Peragit
2372 2579 2467 2619 pre-1

1396 2630 1445 2654 ces
1462 2631 1543 2654 voce
1557 2618 1657 2663 fhlita
1670 2619 1820 2665 fallere.-
1852 2621 1899 2658 ita
1923 2620 2206 2658 construendum
2221 2646 2232 2662 ‚
2261 2621 2363 2667 quod
2386 2622 2451 2659 de·
2470 2640 2479 2646 -

1396 2670 1493 2716 cepit
1515 2669 1713 2716 Neapolim
1745 2671 1990 2719 impulitque,
2015 2681 2053 2708 ur
2074 2681 2139 2718 pro
2159 2669 2302 2718 vulgata
2317 2670 2450 2709 leffio-
2481 2681 2484 2683 ·

1398 2730 1446 2754 ne
1466 2728 1654 2766 pugnaret.
1683 2720 1741 2758 Sic
1755 2731 1911 2770 peragere
1922 2722 2020 2770 sonos
2039 2721 2100 2758 lib.
2121 2731 2184 2757 111.
2204 2720 2264 2756 26.
2299 2722 2468 2760 Heinsa-

1399 2767 1488 2805 Vid.
1517 2770 1555 2805 δε
1598 2782 1651 2806 xv.
1685 2773 1767 2819 316.
1812 2772 1940 2819 fallere
1979 2771 2053 2808 fine
2099 2769 2211 2808 dubio
2254 2774 2466 2812 mercatori·-

1400 2821 1818 2867 convenientisiimum5
1861 2822 2022 2869 ideoque
2061 2821 2179 2858 Po'e‘ta
2221 2823 2478 2863 venustatem„

1399 2871 1494 2907 liene
1520 2872 1668 2921 arripuit
1694 2885 1738 2910 ex
1763 2872 1924 2910 moribus
1948 2873 2156 2921 &ingenio
2187 2883 2452 2914 mercatorum.
2478 2904 2481 2907 -

1400 2922 1447 2958 ita
1470 2921 1527 2958 illa
1547 2923 1642 2970 apud
1663 2923 1793 2972 Vir-gil.
1808 2934 1860 2959 xi.
1881 2921 1966 2968 791.

1451 2985 1559 3020 Haud
1580 2985 1745 3046 r2’,.{;rururn
1776 2992 1974 3032 extremus,
2002 2986 2088 3024 dum
2100 2988 2230 3034 fallere
2251 2992 2338 3038 sara
2358 2990 2473 3041 fine·-⁵

1574 3046 1671 3072 &Ant-

1400 3083 1447 3121 fic
1464 3084 1743 3131 Jurisconsultus
1761 3087 1797 3125 in
1813 3087 1904 3136 Leg.
1925 3100 1989 3125 xvi
2009 3090 2094 3133 §.4
2115 3089 2159 3127 de
2172 3091 2382 3131 Minoribus
2394 3092 2448 3131 di-

1399 3137 1468 3178 cit,
1490 3136 1526 3172 in
1544 3137 1650 3182 pretio
1668 3138 1825 3175 emtionis
1843 3151 1896 3178 Εφ·
1907 3139 2120 3176 venditionis
2141 3144 2354 3180 naturaliter
2374 3144 2450 3181 licet
2469 3153 2483 3164 ·’

1403 3186 1683 3224 contrahentibus
1698 3189 1735 3235 ſse
1756 3190 2015 3227 circumvenire.
2045 3191 2103 3228 ubi
2137 3194 2351 3231 naturaliter
2375 3193 2444 3232 effe

1403 3249 1446 3273 ex
1470 3237 1734 3276 consuetudine
1749 3268 1759 3283 ‚
1789 3249 1828 3277 ut
1853 3240 2095 3289 Nostersolita
2114 3243 2238 3281 fallere
2252 3244 2479 3291 voce.,do···

300 3289 357 3321 eui·
371 3308 381 3326 ‚
410 3293 477 3319 nen
498 3292 530 3318 te
544 3280 720 3331 sulphuris
738 3283 860 3322 lethali
874 3285 970 3330 lsumo
989 3284 1349 3334 nembo.)cumnunc
1402 3289 1546 3327 culmus
1567 3289 1612 3329 ad
1640 3289 1774 3340 Vellej.
1794 3291 1934 3330 Patere.
1959 3305 2002 3331 11.
2032 3294 2114 3334 128.
2148 3293 2282 3333 Bunm.

2237 3346 2322 3385 682..
2333 3350 2481 3383 *Praem-
