2495 3675
221 204 318 258 552
714 175 1268 241 P.0V1D11

1339 163 1870 226 NASONIS

520 285 782 358 Quaeque
809 285 908 339 viri
936 281 1099 336 doffilo
1124 288 1331 354 veteres
1359 282 1552 339 cepere
1576 264 1812 337 novique

586 357 842 421 Petrore,
881 354 1090 410 lesiuris
1114 341 1436 416 inspicienda
1460 349 1660 410 patent.

374 431 440 497 65

516 429 857 503 Quaerebam
883 428 1097 485 fratre3‚
1135 415 1374 488 exceptis
1400 412 1598 468 scilicet
1626 409 1760 472 illis,

596 505 751 576 Quos
775 504 897 557 suus
933 508 1142 568 optaret
1167 507 1273 546 non
1299 484 1532 560 genuifl'e
1559 500 1788 564 paren-s..

524 577 892 650 Quaerentem
916 567 1103 624 frustra
1127 562 1300 618 custos
1326 578 1442 622 me,
1479 557 1688 612 sedibus
1721 557 1820 610 1ll1s

604 644 934 719 praepositus
957 679 972 705 ‚
1000 637 1178 696 fausto
1200 631 1343 706 jusfit
1364 631 1510 713 abire
1537 631 1677 685 loco,

524 722 712 777 Altera
735 717 935 789 templa
961 727 1119 784 pet0‚
1153 708 1336 766 vicino
1357 702 1535 776 juncta
1560 704 1796 757 theatro:

384 812 452 861 70

598 792 754 847 Haec
780 805 1000 864 quoque
1026 797 1173 840 erant
1199 779 1422 853 pedibus
1448 773 2003 857 non-adeundanmeis'.

527 866 646 921 Nec
674 882 791 927 me,
827 877 964 935 quae
991 856 1162 914 dosiis
1186 864 1472 927 patuerunt
1497 865 1668 920 prima
1697 846 1916 911 libellis,

601 938 759 993 Atria
785 936 1032 993 Libertas
1057 943 1277 1003 tangere
1305 922 1440 999 pass'a
1463 922 1551 978 sua
1573 920 1664 975 est.

289 1210 338 1245 Et
355 1204 487 1257 peragit
500 1203 598 1254 fhliti
615 1215 706 1242 vena
726 1201 851 1242 tenoris
870 1200 949 1240 iter:

233 1273 396 1324 Epistola
414 1272 555 1311 Didus:

467 1342 633 1391 vitaeque
653 1338 833 1387 noviffima
854 1335 982 1384 nostrae
1051 1387 1054 1390 Ι

285 1394 509 1444 Prosequitur
519 1393 621 1439 sati,
648 1393 708 1442 qui
715 1392 792 1439 fuit
812 1398 896 1428 ante
909 1416 920 1435 ,
947 1396 1056 1424 tenor.

232 1471 330 1503 tenor
347 1464 445 1501 vitae
462 1461 621 1511 Epistola
645 1459 835 1498 Helenae:

287 1535 457 1582 Dumque
478 1540 574 1567 tenor
596 1529 692 1566 vitae
706 1524 754 1576 fit
770 1522 842 1572 fine
863 1520 939 1560 labe
967 1530 1055 1558 mea.

235 1595 385 1635 Hms.
437 1595 485 1633 Et
504 1595 554 1633 ita
583 1593 709 1643 passim
743 1589 884 1627 Livius.
909 1585 982 1624 vid.
1002 1584 1063 1622 lib.
1085 1593 1139 1620 xv.
1173 1593 1219 1619 11.
1247 1591 1284 1619 v.

233 1660 270 1695 ς.
292 1659 366 1685 vn.
390 1658 566 1691 40.xxx1.
589 1657 645 1693 15.
667 1654 726 1694 3-7.
754 1642 791 1679 ὃ(
806 1639 900 1677 alibi.
931 1635 1068 1674 vide&
1089 1632 1283 1671 Erasmum

233 1698 273 1735 in
297 1698 447 1746 Adagiis
470 1725 481 1741 ‚
519 1698 555 1734 in
588 1708 655 1732 uno
685 1705 810 1731 tenore.
844 1690 965 1727 timore
992 1685 1100 1735 gravi
1122 1692 1283 1734 quatuor

233 1748 366 1797 scripti.
388 1758 533 1785 tremore
554 1758 660 1784 unus.
686 1745 792 1793 rigore
811 1738 996 1778 Medonii.
1026 1735 1158 1774 Buam.

287 1815 348 1852 60.
377 1813 542 1851 Candida
567 1808 734 1861 templa]
788 1807 941 1854 Propter
970 1813 1135 1841 marmor
1155 1830 1165 1847 ‚
1205 1813 1283 1851 quo

233 1864 332 1903 teeta
362 1866 400 1903 ὅ(
432 1873 559 1901 ornata
590 1871 702 1900 erant.
759 1859 928 1896 CroFAN.
982 1854 1072 1892 Huc
1104 1853 1286 1891 referebat

230 1915 412 2008 lle-:Ieiggitus
433 1915 492 1953 illa
522 1913 700 1963 Propertii
721 1923 766 1949 11.
787 1909 890 1958 Eleg.
908 1917 1024 1946 xxm.
1047 1917 1084 1954 9.
1119 1915 1215 1955 quae
1234 1904 1285 1941 ita

267 1979 313 2018 ge
390 1993 402 2012 ⁹

284 2042 377 2075 Tum
396 2035 552 2074 medium
576 2033 679 2072 Pario
689 2032 853 2082 surgebat
871 2042 1044 2069 marmore
1063 2026 1242 2077 templum.

230 2108 294 2147 ubi
313 2107 404 2146 claro
426 2108 484 2146 alii
508 2136 518 2152 ‚
558 2106 715 2153 Scaliger
731 2133 741 2149 ‚
767 2103 894 2142 Clario.
921 2113 1007 2140 curn
1036 2111 1114 2148 quo
1135 2098 1281 2136 Brouk-

229 2159 354 2198 hufius
384 2160 484 2198 facit.
515 2160 604 2195 tecta
631 2156 698 2193 Dei
725 2166 829 2193 unuS.
867 2154 948 2200 Jani
979 2161 1133 2202 quoque
1153 2148 1284 2200 templa

230 2210 390 2259 candida.
405 2218 517 2249 vocat
538 2209 600 2246 lib.
622 2220 649 2245 1.
666 2206 756 2244 Fast.
777 2218 836 2251 70.
865 2205 999 2242 Euam.

281 2275 343 2313 61.
380 2273 444 2311 Ubi
460 2271 580 2322 sunu]
627 2271 757 2309 Malim
774 2298 784 2314 ‚
812 2269 870 2306 ubi
891 2268 1001 2314 stant.
1028 2266 1094 2304 nisi
1122 2267 1288 2316 sequenti

233 2325 342 2364 versu
367 2336 452 2362 cum
476 2323 595 2373 priscis
622 2322 846 2360 editionibus
877 2320 916 2358 &
944 2318 1080 2366 scriptis
1101 2319 1287 2356 nonnullis

232 2375 380 2424 reponis
402 2376 467 2424 pro
482 2403 493 2419 ,
522 2373 711 2417 barbarus,
731 2372 805 2419 stat
824 2372 938 2414 serus.
965 2378 1004 2406 ut
1028 2368 1079 2410 est
1098 2369 1135 2406 in
1156 2369 1287 2407 codice

230 2426 440 2464 Bussidiano
466 2427 505 2463 &
525 2424 615 2463 ozsto
634 2424 720 2461 aliis.
741 2428 819 2459 Stat
836 2431 935 2471 pater
955 2423 1028 2468 ense
1040 2419 1151 2468 ferus.
1185 2420 1289 2467 Juniis

233 2477 366 2516 codex.
379 2484 419 2515 ut
440 2476 501 2514 lib.
522 2488 549 2514 1.
579 2477 658 2512 Art.
680 2475 769 2511 Am.
789 2484 848 2523 73.

283 2555 438 2603 §Quaque
451 2562 578 2607 parare
597 2566 709 2590 necem
733 2551 862 2600 miseris
883 2551 1094 2602 patruelibus
1115 2551 1217 2601 ausae

337 2605 467 2641 Belides
480 2632 490 2648 ,
520 2616 563 2643 <9⁶
577 2603 694 2651 stricto
708 2603 781 2651 stat
793 2604 892 2650 ferus
913 2607 986 2652 ense
1001 2612 1114 2652 pater.

234 2666 298 2756 ili-pi
328 2666 428 2713 plura
469 2665 515 2704 ad
553 2665 831 2705 illustrationem
869 2666 977 2714 hujus
1007 2666 1083 2704 loci
1113 2664 1286 2714 congeffi.

283 2728 383 2754 eins,

279 2777 346 2831 ⁸62.
375 2781 420 2830 Et
444 2778 561 2824 striffo
588 2778 656 2825 stat
669 2781 769 2826 ferus
797 2781 869 2828 enfi’
881 2778 1028 2830 pamm]
1084 2779 1210 2817 Multo
1230 2791 1285 2818 re-

221 2823 329 2881 ·&ius
359 2829 406 2865 est
438 2830 476 2865 in
504 2829 587 2874 sex,
615 2831 744 2879 quibus
779 2839 862 2868 utor
887 2859 897 2876 ,
933 2831 1028 2868 libris
1057 2829 1214 2879 scriptis:
1243 2841 1287 2870 ω’

237 2876 349 2921 [iricio
381 2876 546 2916 barbarus
574 2883 646 2930 ense
671 2890 782 2937 pater.
819 2881 910 2920 libro
939 2883 1060 2930 primo
1090 2881 1136 2918 de
1168 2881 1285 2926 Arte,

237 2926 428 3015 pilgishunc
460 2930 603 2967 versum
636 2940 847 2977 cecinerat,
879 2933 1052 2970 meminit
1069 2932 1177 2982 hujus
1195 2943 1282 2981 por-

292 2989 314 3015 u
346 2990 353 3013 :

289 3045 361 3077 Nec
383 3040 447 3097 tibi
468 3042 602 3079 vitetur
617 3071 626 3086 ‚
656 3045 865 3094 quaepriscis
878 3046 999 3094 sparsa
1022 3045 1156 3084 tabellis

344 3097 500 3129 Port1cus
516 3120 524 3135 ,
554 3096 701 3131 auctoris
726 3096 831 3131 Livia
851 3109 974 3132 nomen
995 3096 1110 3135 habet.

291 3143 457 3197 Qaeque
476 3154 597 3192 parare
613 3158 723 3181 necem
747 3146 874 3191 miseris
894 3146 1106 3194 patruelibus
1124 3147 1227 3197 ausae

239 3242 273 3281 C
344 3193 474 3232 Belides
489 3222 499 3239 ,
527 3195 700 3243 &stricto
720 3196 888 3233 barbarus
911 3197 982 3245 ense
998 3206 1109 3245 pater.

277 3256 413 3282 lOFAN.

290 3313 352 3363 63.
379 3313 543 3364 Qaeque
562 3311 789 3363 viridoua]
839 3312 1035 3355 Suetonius
1055 3315 1093 3353 in
1116 3313 1285 3366 Augusto

2331 1043 2391 1104 In

1340 1203 1419 1240 cap.
1438 1201 1544 1229 xxix.
1570 1184 1749 1236 Templum
1769 1183 1945 1236 Apollinis
1964 1184 2004 1223 in
2024 1197 2070 1223 ea·
2086 1193 2186 1235 parte
2205 1182 2390 1222 Palatinae

1339 1244 1463 1280 domus
1478 1239 1651 1278 excitavit
1662 1265 1671 1281 ,
1686 1250 1794 1286 quam
1803 1236 1958 1285 fulmine
1968 1236 2076 1274 ittam
2096 1235 2279 1286 defiderari
2295 1247 2318 1271 a
2329 1235 2389 1272 deo

1338 1293 1506 1342 aruspices
1519 1289 1812 1341 pronunciarant.
1836 1286 1979 1325 Addita
1997 1288 2145 1337 porticus
2166 1292 2243 1325 cuin
2261 1285 2390 1323 Biblio-

1337 1343 1438 1380 theca
1458 1347 1593 1380 Graeca
1620 1339 1832 1390 Larinaque.
1878 1340 1957 1386 Quo
1978 1339 2043 1376 loco
2065 1339 2146 1386 jam
2159 1338 2273 1388 finiar
2284 1336 2387 1386 saepe

1338 1395 1446 1432 etiam
1468 1393 1636 1443 senatum
1666 1389 1794 1427 habuit
1814 1418 1826 1435 ‚
1861 1390 2083 1439 decuriasque
2105 1390 2283 1436 Judicum
2303 1401 2392 1425 reco-

1334 1445 1473 1493 gnovit.
1505 1443 1680 1482 meminit
1707 1441 1814 1490 hujus
1845 1441 1957 1479 etiam
1990 1440 2241 1478 Bibliothecae
2273 1439 2392 1477 Scho-
2430 1453 2435 1460 ·

1338 1496 1452 1534 liastes
1475 1497 1646 1543 antiquus
1672 1491 1858 1540 Juvenalis
1887 1492 1957 1529 Sat.
1977 1492 2095 1540 prima
2116 1491 2163 1530 ad
2181 1491 2284 1530 illurn
2305 1501 2391 1528 ver-

1339 1546 1444 1591 sum,
1466 1545 1626 1595 jurisque
1651 1543 1783 1592 peritus
1811 1542 1946 1590 Apollo,
1974 1542 2034 1580 ubi
2055 1542 2137 1587 ille,
2165 1543 2248 1591 quia
2267 1540 2390 1578 biblio-

1340 1598 1478 1636 thecam
1497 1597 1605 1643 Juris
1629 1594 1743 1631 civilis
1765 1605 1808 1634 <9⁶
1822 1593 2018 1631 liberalium
2026 1593 2223 1640 studiorum
2244 1593 2283 1630 in
2304 1602 2394 1629 tem·
2426 1608 2432 1613 ·

1336 1649 1390 1698 plo
1408 1647 1584 1698 Apollinis
1605 1644 1765 1683 Palatini
1791 1644 1972 1682 dedicarat
2000 1644 2187 1693 Augustus.
2235 1643 2318 1682 Fuit
2339 1654 2393 1682 ex·

1339 1700 1403 1738 illo
1425 1701 1463 1738 &
1493 1697 1720 1736 Bibliotheca
1745 1697 1784 1733 in
1811 1696 1955 1744 templo
1983 1696 2094 1734 Pacis.
2122 1696 2224 1744 cujus
2244 1695 2391 1733 mentio

1339 1751 1437 1800 apud
1452 1747 1775 1788 A.Gelliumlibro
1789 1760 1823 1784 v.
1846 1758 1994 1795 capa-5.
2015 1747 2110 1784 libro
2122 1758 2181 1784 xv.
2201 1757 2279 1795 cap.
2299 1746 2332 1784 8.
2346 1747 2396 1783 δε
2442 1767 2449 1770 -

1340 1802 1563 1841 bibliotheca
1582 1797 1781 1838 suburbana
1803 1797 1937 1835 Tiburi
1965 1798 2003 1835 in
2032 1798 2176 1846 templo
2198 1796 2393 1842 Herculis,
2463 1821 2473 1833 .

1344 1853 1449 1902 cujus
1475 1853 1575 1891 idem
1603 1850 1686 1888 alibi
1716 1849 1901 1886 meminit.
1931 1848 1969 1885 δε
1999 1848 2035 1885 in
2067 1849 2192 1897 primis
2220 1848 2279 1887 lib.
2304 1860 2392 1887 xxx:

1344 1916 1422 1954 cap.
1444 1918 1476 1953 ς.
1503 1905 1540 1943 &
1562 1898 2113 1948 bibliothecatempliTrajani,
2139 1899 2185 1938 de
2206 1911 2276 1949 qua
2289 1899 2392 1938 idem

1342 1955 1435 1994 libro
1455 1968 1507 1994 xx.
1544 1965 1623 2002 cap.
1658 1962 1715 1997 17.
1754 1949 1973 1987 bibliotheca
2003 1952 2138 1988 domus
2169 1950 2393 1989 Tiberianae

1340 2006 1435 2046 libro
1456 2019 1544 2045 xm.
1565 2015 1644 2053 cap.
1670 2001 1726 2041 18.
1754 1999 1958 2038 bibliotheca
1980 2000 2154 2051 Patrenfis
2170 2001 2264 2040 libro
2275 2014 2401 2042 xvms

1340 2068 1418 2107 cap.
1437 2069 1474 2106 9.
1500 2057 1648 2094 Herus.

1388 2120 1450 2169 63.
1480 2125 1609 2157 Veteres
1617 2119 1730 2166 fecere
1748 2114 1899 2165 novique
1921 2113 2085 2164 putore]
2115 2120 2236 2163 Cepere
2250 2116 2396 2162 antiqui

1338 2173 1416 2210 fere
1437 2182 1581 2208 ornnes.
1609 2169 1776 2206 Avienus
1794 2166 2064 2215 Prognosticis‚
2092 2174 2169 2213 cape
2180 2164 2300 2212 ftllers
2311 2164 2391 2212 fin-

1339 2222 1424 2272 gula
1445 2230 1570 2259 mente.
1597 2218 1700 2269 quod
1723 2218 1847 2266 paffim
1880 2216 1977 2264 apud
2007 2215 2195 2263 scriptores
2221 2216 2394 2254 occurrit.

1344 2274 1484 2311 Veram
1518 2270 1719 2309 lectionem
1748 2267 1830 2315 jam
1858 2266 1950 2303 vidit
1971 2265 2210 2314 sagaciffimus
2241 2265 2398 2304 Gronoz

1344 2325 1424 2363 vius
1448 2322 1640 2362 Observat.
1664 2318 1724 2358 lib.
1748 2330 1795 2357 11.
1828 2328 1905 2367 cap.
1931 2327 1965 2366 3.
1991 2318 2056 2366 qui
2078 2316 2151 2354 illic
2173 2316 2397 2357 consulatur.

1343 2377 1491 2415 Heius.

1395 2438 1458 2476 66.
1488 2444 1567 2478 Non
1589 2435 1733 2487 genuiffe
1760 2432 1900 2484 parem]
1958 2435 2088 2470 parens
2119 2431 2157 2470 in
2182 2431 2398 2472 melioribus

1341 2488 1478 2538 scriptis
1503 2491 1541 2527 &
1564 2489 1681 2538 priscis
1712 2485 1944 2524 editionibus.
1973 2483 2098 2521 malim
2129 2483 2267 2529 etiam,
2301 2493 2398 2534 opta-⁴

1343 2542 1400 2579 rit.
1426 2553 1512 2579 nain
1532 2549 1669 2589 optarat
1692 2538 1739 2575 est
1760 2537 1797 2575 in
1819 2534 2051 2585 quibusdam.
2079 2533 2224 2572 Hiems.

1396 2592 1455 2639 67.
1483 2592 1602 2636 Custos
1622 2592 1639 2626 ἒ
1651 2587 1790 2637 sedibus
1810 2586 1920 2636 illis.]
1974 2590 2028 2623 De
2038 2583 2178 2633 sedibus
2195 2587 2395 2630 nonnullis.¹

1341 2641 1488 2688 Scribe,
1517 2656 1570 2679 me
1583 2640 1732 2690 sedibus.
1762 2639 1910 2676 Htms.

1394 2708 1454 2753 69.
1483 2707 1614 2745 Altera
1631 2704 1759 2755 templa
1774 2704 1889 2754 peto.]
1946 2701 2038 2741 Sunt
2059 2702 2122 2751 qui
2146 2701 2208 2740 hic
2231 2701 2277 2740 de
2295 2705 2393 2740 tem-⁴

1342 2757 1404 2806 plo
1428 2758 1590 2806 Magnae
1613 2757 1737 2794 matris
1757 2755 1983 2805 intelligant,
2011 2752 2112 2802 quod
2142 2753 2210 2791 fuit
2231 2754 2268 2791 in
2290 2752 2393 2791 Pala*

1342 2809 1421 2854 tio,
1450 2817 1489 2846 ut
1513 2808 1644 2851 Livius
1663 2807 1787 2845 docet.
1814 2806 1981 2854 Plerique
2001 2804 2046 2841 de
2074 2804 2217 2852 templo
2239 2803 2391 2841 Vestae:

1341 2858 1377 2896 id
1400 2860 1500 2897 enim
1526 2861 1679 2907 (autore
1708 2856 1921 2906 Dionysio)
1949 2853 2156 2892 extruetum
2188 2854 2235 2892 est
2268 2853 2288 2891 a
2313 2854 2395 2892 Nu-

1343 2921 1402 2947 ma
1426 2911 1462 2948 in
1486 2910 1612 2947 medio
1635 2910 1718 2947 foro
1735 2936 1746 2952 ‚
1772 2909 1866 2944 inter
1887 2905 2114 2953 Capitolium
2138 2906 2176 2942 &
2198 2905 2392 2942 Palatium.
2445 2924 2451 2928 ·

1344 2961 1463 3009 Magis
1484 2961 1623 3009 placet,
1651 2966 1800 3007 propter
1819 2957 1972 3006 sequens
1995 2967 2145 2993 carmen
2159 2982 2169 2997 ‚
2199 2955 2400 2993 Libertatis·

1343 3013 1474 3048 atrium
1506 3010 1682 3058 intelligas
1704 3037 1715 3053 ,
1742 3007 1846 3057 quod
1882 3007 1927 3044 ab
1956 3006 2087 3044 Afinio
2116 3006 2286 3044 Pollione
2317 3016 2396 3043 ere·

1344 3061 1444 3099 &um
1468 3061 1528 3099 est.
1556 3061 1746 3098 MERULA.
1775 3058 1879 3107 Quid
1897 3057 1922 3095 fi
1941 3056 1987 3094 de
2008 3056 2151 3103 templo
2167 3084 2177 3099 ‚
2205 3056 2280 3093 five
2302 3056 2396 3094 aede

1345 3112 1515 3150 Herculis
1552 3111 1741 3148 Musarum
1764 3108 2009 3157 intelligamus
2031 3133 2042 3150 ,
2080 3118 2192 3154 quem
2226 3106 2396 3155 Musage-

1344 3171 1419 3201 tem
1441 3163 1587 3200 Graeco
1609 3163 1764 3199 nomine
1786 3156 1996 3197 vocarunt?
2025 3157 2128 3205 cujus
2148 3165 2255 3196 autor
2275 3157 2399 3196 extitit:

1344 3215 1499 3252 Martius
1520 3212 1705 3260 Philippus
1720 3238 1730 3254 ,
1759 3219 1799 3247 ut
1821 3210 1976 3246 Sueton.
1991 3209 2110 3245 tradit.
2137 3209 2273 3257 Neque
2292 3209 2395 3245 enim

1343 3265 1390 3303 de
1403 3264 1536 3303 eodem
1558 3263 1644 3301 loco
1659 3290 1669 3307 ,
1693 3261 1768 3299 sive
1778 3259 1921 3307 templo
1937 3286 1946 3302 ‚
1962 3259 2128 3306 accipere
2147 3259 2234 3297 libet
2247 3260 2394 3297 Atrium

1341 3315 1540 3363 libertatis,
1567 3313 1612 3354 de
1630 3323 1708 3363 quo
1727 3311 1901 3365 sequente
1923 3308 2027 3363 yersu
2049 3310 2195 3350 mentio
2213 3309 2279 3357 fit,
2304 3307 2398 3396 &lili

2347 3368 2370 3395 u
