2495 3675
479 176 1428 248 FASTORUM
1537 181 1736 240 L1n.

1809 189 1905 247 IV.
2098 189 2205 263 §.99

338 307 677 380 Arsurosque
701 318 843 361 artus
866 302 1046 358 unxit:
1074 298 1283 361 fecere,
1318 296 1469 368 quod
1486 297 1602 364 ille,

409 380 708 445 Faustulus,
746 380 801 432 &
829 373 1051 430 moestas
1078 371 1227 424 Acca
1252 370 1420 424 soluta
1444 387 1642 428 comas·

195 455 294 525 855
329 455 480 510 Tum
502 454 753 522 juvenem
779 447 1025 522 nondum
1048 442 1169 498 fasti
1194 441 1394 498 flevere
1418 442 1678 517 Quirite8‚

411 527 612 582 Ultima
633 526 844 596 plorato
868 517 1073 575 subd1ta
1096 515 1310 570 flamma
1332 533 1484 588 rogo,

338 601 480 657 Urbs
507 602 676 653 oritur
704 597 734 667 ζ
747 594 864 667 quis
890 606 1020 646 tunc
1043 590 1148 643 hoc
1175 590 1264 644 ulli
1292 594 1516 644 credere
1542 589 1769 663 poffet?)

411 672 688 728 Vfflorem
715 666 868 721 terris
893 662 1200 735 impofitura
1225 661 1440 731 pedem.

334 743 539 801 Cun6³ta
565 759 740 813 regas:
782 739 836 793 &
864 738 925 792 fis
947 752 1144 807 magno
1167 735 1259 788 sub
1286 733 1511 789 Caesare
1537 736 1768 810 semper:

194 822 297 878 860

407 816 573 887 Saepe
600 815 760 869 etiam
787 812 962 894 plures
986 807 1220 863 nominis
1249 806 1400 877 hujus
1427 808 1576 862 habe.

335 889 409 945 Et
434 888 644 959 quoties
666 886 866 941 stetems
890 881 1104 937 domito
1129 879 1358 934 sublimis
1383 880 1439 934 in
1462 880 1591 937 orbe
1610 906 1644 946 ς.

410 961 607 1017 Omnia
633 960 730 1014 smt
757 956 990 1012 humeris
1015 953 1265 1009 inferiora
1310 953 1428 1008 tuis,

472 1033 575 1088 lesa
601 1033 748 1088 Pales
773 1030 942 1085 nobiS.
979 1027 1128 1082 idem
1153 1025 1362 1082 Vinalia
1388 1026 1578 1093 dicam.

544 1104 668 1160 Una
692 1119 870 1159 tamen
895 1100 1072 1156 media
1096 1098 1173 1153 est
1196 1099 1335 1152 inter
1359 1112 1643 1172 utramque
1664 1101 1794 1158 dies,

192 1184 292 1254 865
329 1181 564 1239 Numina
587 1179 825 1251 vulgares
849 1173 1078 1231 Veneris
1105 1171 1371 1226 celebrate
1396 1173 1617 1244 puellae.

404 1252 583 1310 Multa
604 1249 949 1325 professarum
978 1244 1278 1320 quaestibus
1304 1257 1423 1316 apta
1454 1245 1652 1301 Venus.

46 1481 273 1522 quemquam
311 1476 481 1507 veterum
516 1466 677 1514 ignor03
710 1462 760 1518 ¹&
790 1459 922 1499 restius
946 1457 1087 1514 legere-

47 1531 105 1561 tur
119 1550 129 1566 ,
150 1524 213 1559 dat
234 1532 352 1558 tamen
371 1519 526 1568 inferias.
551 1525 592 1554 ut
611 1515 678 1553 inf.
694 1512 801 1569 thr.
818 1523 902 1557 422.
921 1509 981 1548 sed
1000 1519 1087 1559 quia

43 1573 82 1612 in
106 1573 362 1611 Mazariniano
380 1569 474 1609 erasa
494 1575 570 1607 erat
587 1573 691 1604 vetus
708 1562 843 1607 lectio,
871 1562 911 1599 ὅ(
937 1560 1087 1599 restabat

45 1624 153 1662 initio
174 1623 316 1669 versus,
344 1623 430 1659 loco
459 1620 548 1662 dat,
574 1617 676 1655 litera
705 1615 813 1653 unica
840 1619 866 1650 1.
885 1611 1086 1661 legendum

45 1683 163 1723 puto,
194 1679 226 1710 It
245 1684 362 1710 tamen
381 1670 566 1722 exsequias.
591 1667 738 1704 Hms.
968 1714 974 1720 ·
1022 1713 1029 1719 .

96 1725 180 1772 8ςο.
207 1721 467 1772 ΒιζΙῘῑιηιιίαια.]
521 1716 779 1767 Diffimulanda
806 1714 882 1754 duo
912 1713 1032 1764 scripu
1050 1713 1088 1752 δί

46 1774 146 1813 Edit.
167 1774 308 1824 Gryph.
621 1818 630 1826 ·
751 1818 758 1824 ·
1055 1814 1074 1822 η

97 1825 184 1873 851.
211 1822 426 1874 Applicuit.]
479 1821 647 1870 Apposutt
674 1818 819 1866 Junian.
850 1817 890 1855 ὃ(
917 1814 994 1853 duo
1015 1815 1089 1872 alu.

45 1875 219 1925 implicuit
238 1884 307 1914 tres
327 1903 339 1921 ,
370 1873 534 1925 postrema
561 1873 693 1918 feretro
721 1869 859 1907 Mazar.
889 1867 1030 1905 Moreti
1050 1867 1089 1903 &

44 1925 120 1965 duo
141 1926 214 1964 alii.

97 1977 166 2026 851
198 1975 306 2025 Pofito
316 1977 479 2026 suprema
490 1971 663 2022 feretrol]
703 1970 869 2009 Servius:
907 1974 1088 2006 feretrum

28 2027 135 2072 ‘locus
154 2028 213 2064 ubi
239 2028 368 2065 mortui
392 2028 581 2072 feruntur:
608 2035 652 2064 ω’
678 2022 722 2070 est
741 2027 912 2058 Graecum
941 2033 1086 2056 nomen.-

49 2092 132 2116 nam
150 2083 277 2116 Graece
295 2080 444 2125 Φέρτρσν
468 2076 622 2119 dicitur,
650 2070 941 2118 δενεκροφορεῖσν.
967 2071 1089 2108 Placet

50 2130 87 2168 in
111 2130 244 2174 initio,
274 2135 475 2174 Feretrum,
502 2125 631 2164 loculus
649 2124 720 2162 ubi.
747 2124 926 2162 Neapor..

100 2179 184 2228 852.
211 2184 334 2230 Atque
364 2181 449 2223 ait;
480 2178 597 2216 Invito
621 2178 736 2223 frater
763 2174 945 2223 adempte,
968 2169 1086 2220 vale.]

49 2230 214 2270 Verbum
245 2230 326 2267 Vale
351 2230 568 2279 usurpabant
597 2227 707 2265 etiam
731 2233 873 2263 veteres
894 2224 988 2261 inter
1005 2234 1092 2277 eos,

47 2283 111 2332 qui
133 2280 154 2320 ὲ
173 2283 247 2320 vita
265 2280 511 2324 excefferant;
540 2286 580 2317 ut
611 2276 792 2315 hocloco
820 2276 859 2313 &
887 2273 983 2322 apud
1004 2274 1092 2329 Υπ-

47 2333 174 2382 gilium
195 2332 256 2370 lib.
277 2344 313 2369 x.
343 2333 404 2370 ubi
434 2331 572 2370 AEneas
603 2328 804 2368 Pallantem
825 2338 846 2363 a
880 2325 1014 2363 Turno
1035 2335 1091 2361 111-

47 2383 244 2421 terfee’tum
263 2382 478 2431 alloquitur:

276 2444 379 2481 salve
396 2454 577 2481 aeternum
600 2440 690 2479 mihi
710 2439 864 2476 maxime
885 2435 1012 2481 Palla,

102 2500 366 2542 Aeternumque
382 2494 476 2531 vale.

52 2561 157 2610 Lege
179 2559 225 2597 ibi
246 2557 426 2596 Servium.
453 2555 548 2592 Item
567 2550 663 2600 apud
686 2548 896 2586 Catullum:

101 2618 248 2667 Accipe,
265 2619 426 2663 fraterno
446 2614 599 2652 multum
621 2609 808 2650 manantia
824 2607 930 2657 fletu,

152 2674 275 2718 Atque
293 2668 332 2705 in
346 2676 544 2717 perpetuum
567 2666 686 2712 frater
704 2673 793 2704 ave,
820 2669 926 2709 atque
944 2661 1040 2702 vale.

54 2733 102 2772 Et
120 2734 158 2772 in
184 2741 260 2771 vet.
285 2730 516 2780 inscriptione
536 2728 706 2771 Romae,
743 2726 911 2762 l‘IATHP
941 2725 1094 2761 XAIPE.

57 2784 224 2823 Cxonn.

107 2836 191 2884 852.
220 2833 337 2872 Invito
355 2834 468 2876 frater
488 2826 663 2876 ademta]
690 2826 822 2865 Verius
834 2824 966 2862 volenti
986 2824 1092 2863 dixis-

57 2885 127 2929 ses;
155 2897 225 2923 nec
247 2884 344 2922 aliud
366 2884 457 2920 mihi
480 2890 656 2929 umquam
679 2877 853 2915 suadebis.
889 2877 1022 2914 Cicero
1039 2887 1092 2912 iv.

61 2928 303 2974 officiorum:
332 2934 454 2983 Species
474 2933 565 2967 enim
584 2929 752 2964 utilitatis
778 2928 940 2963 animum
965 2926 1093 2975 pepulit

59 2987 127 3036 ejtcs
139 3002 150 3031 ;
179 2986 233 3022 cui
250 2998 326 3022 cum
347 2985 465 3032 visum
492 2981 566 3030 esset
587 2980 708 3015 utilius
721 3006 732 3023 ,
750 2977 866 3026 filum
886 2990 995 3028 quam
1016 2990 1093 3032 cum

59 3037 162 3075 altero
180 3050 340 3086 regnare,
360 3038 516 3082 fratrem
538 3029 725 3067 interemit.
759 3029 860 3066 Audi
876 3039 977 3084 punc
1000 3039 1095 3075 ejus-

59 3086 141 3125 dem
164 3088 379 3125 sententiam
407 3085 452 3122 de
475 3086 542 3121 hac
562 3078 678 3130 prima
709 3078 966 3133 perduelhonis
991 3078 1093 3125 lege:

60 3136 181 3186 Omisit
202 3137 256 3174 hic
271 3149 314 3177 ω’
331 3137 494 3186 pietatem
514 3143 558 3172 v·
579 3129 839 3185 humanitatem
855 3157 866 3172 ‚
891 3138 930 3164 ut
951 3128 989 3164 td
1004 3127 1094 3176 qued

62 3187 145 3223 utile
165 3188 349 3224 videbatur
363 3215 373 3230 ‚
400 3198 506 3234 neque
524 3192 599 3220 erat
613 3209 622 3224 ,
650 3182 775 3228 affequt
790 3179 908 3228 poffiet;
921 3190 1094 3218 &tamen

63 3236 156 3273 muri
173 3238 318 3285 caussam
338 3237 502 3287 opposuit,
522 3233 663 3283 speciem
692 3230 871 3278 honestatis
901 3244 1005 3279 neque
1017 3238 1095 3277 pro-

62 3286 205 3324 babilem
220 3315 230 3330 ‚
257 3300 360 3336 neque
379 3287 468 3334 satis
489 3285 669 3321 idoneam:
693 3280 848 3329 peccavit
866 3281 993 3331 igitur,
1015 3290 1096 3329 pace

63 3337 119 3374 vel
138 3337 281 3386 Qirini
300 3337 356 3374 vel
377 3335 513 3375 Romuli
533 3333 694 3371 dixerim.
721 3332 844 3370 Nm».

1973 1321 2183 1379 Poscite

1192 1453 1277 1504 853.
1305 1456 1522 1506 Arsurosque
1544 1465 1643 1492 artus
1661 1457 1807 1506 unxia]
1833 1459 1893 1497 De
1911 1460 1979 1498 hac
1990 1461 2185 1509 ungendo-

1139 1517 1220 1544 rum
1242 1505 1461 1545 cadaverum
1481 1506 1745 1547 consuetudine
1768 1511 1806 1547 in
1827 1511 1969 1549 scholiis
1988 1514 2023 1550 in
2047 1513 2108 1550 lib.
2135 1513 2181 1550 de

1139 1556 1276 1595 Ponto.
1304 1557 1474 1595 CroFAN.

1195 1607 1279 1656 853.
1308 1608 1414 1656 (Quod
1434 1607 1530 1658 illa]
1570 1608 1629 1645 Illi
1647 1609 1752 1647 Bern.
1776 1612 1814 1648 δε
1834 1624 1926 1650 unus
1958 1613 2113 1650 Heinfii.

1195 1659 1278 1707 855.
1309 1664 1404 1695 Tunc
1434 1658 1620 1708 juvenes]
1685 1661 1834 1700 Rectius
1872 1664 1908 1700 in
1942 1663 2186 1713 quibusdam}

1137 1709 1318 1757 juvenem.
1353 1710 1542 1746 NAUGER.
1576 1709 1841 1758 Imojuvenem
1863 1725 1947 1751 curn
1971 1714 2117 1762 scriptis.
2144 1716 2186 1752 &

1145 1772 1235 1797 mox
1250 1789 1259 1804 ‚
1273 1759 1338 1795 ulli
1352 1760 1483 1797 credere
1494 1788 1504 1804 ,
1518 1760 1649 1798 refftius
1662 1789 1671 1804 ,
1685 1772 1798 1810 quarn
1818 1763 1872 1799 illi
1890 1775 1934 1801 ex
1946 1766 2186 1814 antiquorum

1142 1811 1330 1850 nonnullis
1348 1811 1446 1860 lego.
1471 1811 1575 1860 quod
1595 1812 1634 1848 δε
1665 1812 1870 1861 Naugerius
1894 1815 1996 1853 vidit.
2041 1816 2189 1854 Hiems.

1146 1862 1200 1900 Ita
1218 1863 1257 1900 δε
1280 1861 1437 1910 Neapol.
1457 1862 1495 1899 &
1515 1862 1658 1911 Gryph.
1679 1863 1718 1900 δε
1735 1864 1810 1903 alii.

1197 1913 1282 1961 856.
1308 1912 1455 1949 Subdita
1470 1911 1620 1961 flamma
1641 1926 1715 1961 rogo
1732 1914 1814 1964 est.]
1861 1915 1952 1954 Inde
1971 1915 2128 1965 sepultus
2148 1917 2187 1955 in

1142 1963 1340 2002 Remuria:
1369 1964 1432 2011 qui
1451 1965 1552 2002 locus
1574 1965 1611 2001 in
1630 1964 1777 2003 sumrno
1798 1966 2014 2010 Aventino;
2046 1967 2103 2005 ubi
2127 1967 2188 2005 ille

1143 2014 1189 2052 de
1207 2013 1401 2052 condenda
1420 2015 1508 2053 urbe
1529 2015 1647 2052 fuerat
1669 2016 1881 2064 auspicatus.
1902 2017 2080 2056 Nmpor.
2107 2023 2189 2054 Foco

1143 2078 1235 2104 unus
1260 2066 1385 2103 Heins.
1766 2071 1769 2074 '

1194 2117 1279 2164 857.
1309 2116 1400 2164 {Quis
1417 2125 1501 2152 tunc
1521 2115 1583 2152 hoc
1599 2115 1654 2152 illi
1671 2117 1837 2167 credere]
1867 2117 2015 2156 Rec‘tius
2035 2119 2071 2155 in
2093 2123 2191 2156 non}

1144 2166 1274 2212 nullis,
1301 2169 1377 2215 quis
1396 2176 1478 2203 tunc
1490 2167 1550 2203 hoc
1567 2166 1632 2202 ulli
1647 2168 1777 2204 credere
1793 2169 1902 2217 poffiet.
1935 2170 2067 2206 Naue.
2095 2170 2188 2215 (Quis

1147 2231 1240 2254 nunc
1257 2218 1318 2254 hoc
1334 2217 1398 2254 ulli
1417 2218 1597 2266 Excerpta
1621 2218 1777 2256 Douzae
1791 2219 1914 2257 Petav.
1934 2221 1971 2256 &
1991 2219 2188 2269 Laeti,qui

1147 2270 1185 2306 ὅ(
1201 2267 1321 2318 ροβὶι,
1340 2277 1381 2307 ut
1399 2268 1505 2306 multi
1528 2269 1599 2306 alii.

1197 2320 1281 2368 859.
1309 2318 1377 2356 Sub
1399 2318 1552 2369 magna]
1584 2319 1729 2357 Omnes
1748 2320 1845 2365 fere,
1874 2334 1998 2369 magno
2012 2320 2089 2370 sub.
2107 2333 2185 2357 cum

1145 2384 1269 2420 magno
1290 2370 1398 2408 Bern.

1146 2422 1281 2509 8ιξζόο.
1306 2427 1404 2471 Saepe
1423 2418 1569 2469 etiam]
1600 2423 1645 2456 Et
1658 2419 1791 2468 semper
1806 2419 1918 2469 plures
1938 2421 1993 2458 Pr.
2013 2419 2186 2458 Ambros.

1173 2482 1186 2491 ’
1213 2472 1334 2510 Laeti.

1199 2521 1285 2570 863.
1311 2520 1405 2557 Idem
1426 2518 1565 2556 vinalia
1581 2519 1736 2569 dicam]
1764 2520 1822 2558 Sic
1842 2519 1976 2558 habent
1995 2532 2126 2558 omnes
2145 2520 2188 2559 Ιί-

1145 2570 1199 2608 bri
1214 2570 1344 2619 scripti.
1371 2570 1540 2608 CrorAN.
1568 2582 1619 2606 xx.
1638 2570 1813 2608 Kalendas
1836 2579 1936 2608 erant
1957 2571 2049 2609 sacra
2068 2572 2189 2609 Vina·

1144 2620 1214 2658 lia:
1240 2632 1336 2671 quae
1355 2620 1537 2669 duplicia;
1567 2622 1604 2657 ὅ(
1627 2633 1720 2668 quae
1749 2621 1924 2658 celebrata
1946 2622 2019 2659 hoc
2037 2621 2188 2668 mense,

1145 2671 1341 2710 Plutarcho
1369 2671 1465 2709 dieta
1489 2671 1716 2717 Ἀφροδῑσικς
1745 2672 1783 2709 ὃς
1803 2683 1895 2720 quae
1922 2672 2046 2710 mense
2067 2672 2188 2710 Sexti-

1146 2721 1170 2760 li
1200 2734 1278 2760 κιν.
1308 2721 1488 2760 Kalendas
1518 2722 1748 2769 Septembres
1770 2750 1780 2765 ‚
1818 2723 1966 2760 auctore
2003 2723 2107 2761 Festo
2147 2724 2187 2761 &

1145 2774 1262 2811 veteri
1284 2772 1516 2811 Kalendario.
1561 2773 1682 2810 Priora
1705 2780 1875 2820 putarunt
1901 2774 1966 2811 viri
1986 2773 2084 2811 docti
2108 2774 2188 2811 Ve-

1146 2825 1225 2861 neri
1242 2824 1336 2861 sacra
1357 2851 1368 2867 ‚
1411 2822 1609 2871 posteriora
1635 2824 1731 2870 Jovi.
1785 2824 2016 2861 Testimonia
2037 2824 2187 2873 posces,

1147 2885 1242 2923 quae
1266 2886 1344 2911 non
1376 2873 1496 2910 habeo
1518 2901 1528 2917 ‚
1555 2872 1619 2910 nisi
1643 2872 1833 2911 diffensum
1865 2874 2094 2920 scriptorum.
2149 2876 2185 2912 A

1147 2935 1224 2973 quo
1242 2924 1410 2972 judicatu
1431 2935 1491 2960 me
1518 2923 1633 2960 solvo.
1662 2925 1786 2962 ΝΕΑΡ.
1816 2924 1954 2960 Vinalia
1976 2925 2115 2964 Veneri
2135 2925 2187 2963 sa-

1148 2987 1205 3012 cra
1220 3002 1230 3018 ‚
1248 2974 1350 3022 quod
1373 2973 1485 3021 vulgo
1509 2974 1684 3011 creditum
1701 3002 1710 3017 ‚
1740 2983 1778 3011 ut
1801 2987 1845 3011 ex
1866 2975 2097 3023 sequentibus
2125 2988 2186 3024 pa-

1146 3033 1211 3062 tet.
1264 3024 1363 3061 Hinc
1392 3024 1526 3072 duplex
1557 3025 1742 3073 inscriptio
1764 3026 2016 3064 Varronianae
2038 3027 2185 3075 Satyrae

1147 3075 1241 3123 apud
1265 3076 1435 3112 Nonium
1450 3103 1460 3117 ,
1488 3086 1582 3112 voce
1606 3081 1770 3112 sartores.
1810 3076 1972 3122 Vinalia,
2011 3076 2085 3114 five
2106 3078 2186 3120 περῑ

1149 3125 1367 3170 ἀφροδισίων.
1394 3137 1489 3174 quae
1521 3126 1668 3174 Satyrae
1696 3127 1788 3164 illius
1816 3126 1999 3174 inscriptio
2029 3128 2185 3164 Varroni

1148 3176 1610 3224 a1·ris1t‚vulgiopinionem
1629 3188 1670 3213 ac
1689 3176 1906 3214 sententiam
1929 3178 2070 3214 secuto:
2102 3188 2184 3213 curn

1150 3228 1383 3264 Vinaliorum
1408 3227 1537 3264 festum
1564 3238 1689 3264 revera
1716 3227 1802 3273 Jovi
1822 3226 1909 3264 esset
1927 3227 2189 3263 consecratum.

1151 3279 1252 3314 Hinc
1275 3278 1407 3314 Noster
1429 3276 1568 3314 erudite
1600 3278 1637 3313 δε
1660 3286 1764 3314 caute
1793 3277 1912 3321 paullo
1943 3275 2018 3321 post
2037 3275 2189 3311 Veneris

1152 3328 1300 3378 quidem
1327 3328 1361 3364 id
1383 3327 1512 3364 festum
1542 3327 1638 3371 dici,
1667 3327 1726 3364 sed
1756 3324 1826 3364 effe
1856 3335 1979 3363 revera
2004 3324 2189 3410 Jovine-

1326 3379 1349 3415 l’
1365 3389 1385 3425 p
1414 3390 1433 3414 z
2123 3384 2190 3411 um
