2495 3675
413 140 974 203 E‘PtsToLARUM
1008 144 1120 203 EX
1155 142 1441 203 PONTO.
1479 143 1601 200 Lm.
1639 146 1698 203 ΙΙ.
1737 146 1912 206 Emsr.
1950 150 1987 206 l.

2174 164 2266 213 753

267 257 336 309 45
409 238 651 295 Maxima
677 258 791 312 pars
814 241 1008 296 horum
1033 242 1196 296 vitam
1220 241 1538 311 veniamque
1565 239 1827 294 tulerunt:

484 312 541 366 In
564 314 754 386 quibus
789 314 842 367 &
871 313 995 368 belli
1020 313 1219 368 summa
1245 325 1514 384 caputque
1539 310 1690 364 Bato,

411 384 525 440 Cur
550 403 654 457 ego
677 385 821 457 posse
846 403 1040 456 negem
1069 385 1236 440 minui
1264 385 1391 440 mihi
1413 383 1662 439 Numinis
1684 383 1846 446 iram,

481 458 626 512 Cum
650 459 859 513 videam
885 458 1040 512 mites
1066 458 1298 512 hostibus
1321 456 1422 511 effe
1450 457 1627 511 Deos?

414 530 640 585 Pertulit
670 531 774 586 huc
799 529 946 584 idem
970 529 1149 592 nobiS,
1189 529 1544 592 Germanice,
1585 545 1800 593 rumor,

268 620 334 670 50

480 603 693 674 Oppida
718 601 810 657 sub
835 600 992 655 titulo
1017 602 1247 656 nominis
1271 601 1363 655 isse
1389 605 1482 655 tui.

413 677 597 745 Atque
625 693 685 728 ea
711 689 764 728 te
788 687 1004 738 contra,
1041 691 1139 729 nec
1163 675 1300 728 muri
1325 674 1500 736 mole,
1540 664 1639 730 nec
1664 674 1852 737 armis,

490 748 605 803 Nec
631 747 745 802 satis
767 747 984 818 ingenio
1011 759 1123 802 tuta
1148 744 1296 801 fuiffe
1319 745 1439 800 loci.

123 956 270 996 sebiani.
297 958 453 998 tulerunt
482 972 549 1008 pro
578 959 682 997 tulere
712 959 813 999 versu
832 958 1008 1008 superiori
1029 959 1162 1010 scripti.

125 1008 271 1047 ΗειΝε.
299 1010 386 1049 Vid.
405 1010 450 1049 ad
471 1009 604 1059 Vellej.
630 1022 678 1049 η.
702 1021 781 1059 cap.
803 1023 885 1050 110.
910 1022 1051 1049 nomen
1073 1024 1162 1050 vero

126 1059 215 1097 illud
237 1062 380 1098 Batonis
408 1062 485 1109 jam
507 1063 722 1110 antiquum:
751 1073 837 1099 narn
866 1061 1063 1100 Ponticum
1095 1068 1164 1100 Ba-

125 1118 240 1146 tonem
263 1139 274 1156 ‚
317 1111 513 1149 dominum
538 1112 708 1161 Menippi
738 1123 782 1149 ex
812 1111 947 1150 Diocle
979 1123 1163 1153 memorat

126 1160 316 1209 Diogenes
339 1163 506 1200 Laertius
529 1162 588 1201 lib.
609 1175 661 1199 vi.
683 1174 744 1211 99.
771 1162 902 1201 BuaM.

179 1222 239 1256 47.
265 1213 426 1259 Caesaris
445 1213 578 1261 iram]
624 1213 771 1258 Urlini,
799 1213 968 1252 numinis.
996 1213 1167 1253 Crorau.

127 1262 296 1299 Numinis
326 1263 465 1301 SarraV.
495 1263 663 1312 Scaliger.
690 1264 844 1313 Argent.
873 1265 912 1303 δε
954 1265 1060 1304 multi
1094 1266 1167 1304 alii.

126 1311 235 1351 Polit.
257 1324 340 1351 cum
363 1314 491 1363 quibus
515 1314 903 1366 &Nostemprincipia
918 1315 1066 1354 Heius.
1093 1323 1168 1354 Cur

129 1375 184 1410 ego
211 1376 279 1400 non
294 1366 418 1413 sperem
442 1365 517 1404 MS.
537 1364 720 1403 Bersman.

180 1424 245 1462 49.
272 1415 422 1451 Pertulit
442 1414 508 1451 huc
529 1415 659 1464 idem]
710 1415 774 1453 Hic
793 1416 884 1453 idem
912 1417 947 1454 in
970 1417 1167 1456 nonnullis.

128 1463 273 1502 reetius.
299 1466 488 1503 NAUGER.
534 1472 610 1503 Huc
641 1466 750 1504 Polit.
778 1468 817 1504 ὅ(
848 1467 907 1505 sex
933 1466 1003 1505 alii.
1033 1469 1165 1515 reliqui

130 1525 264 1563 magna
283 1527 328 1553 ex
351 1525 450 1564 parte
465 1544 474 1560 ,
502 1515 567 1554 hic.
595 1517 736 1555 Hzms.
779 1524 848 1554 Hoc
870 1516 957 1555 edit.
976 1520 1171 1567 quaedam.

128 1565 275 1612 protulit
294 1566 372 1603 libri
394 1567 570 1616 quinque.

181 1628 242 1664 49.
271 1622 420 1661 Rumor,
442 1619 574 1666 Oppida
597 1616 782 1666 sub'titulo
800 1618 950 1656 nominis
977 1620 1034 1668 effe
1066 1620 1166 1669 tui.]

128 1665 206 1703 Hic
225 1667 327 1705 locus
346 1666 417 1711 est,
448 1668 492 1705 de
510 1680 586 1716 quo
604 1668 704 1717 supra
729 1670 882 1714 monui,
910 1669 1106 1718 deceptum
1122 1683 1164 1710 ac

127 1716 266 1764 lapsum
297 1728 633 1756 commentatorem
652 1747 661 1762 ‚
690 1720 845 1758 Tiberio
865 1720 1078 1769 adscripsiffe
1100 1723 1163 1759 fal-

129 1767 190 1810 so,
219 1779 315 1817 quae
337 1767 619 1815 dechrmanico
642 1771 717 1818 ejus
738 1770 814 1808 filio
832 1771 1034 1819 adoptivo,
1057 1773 1094 1809 δε
1118 1784 1163 1810 ex

118 1818 238 1856 <fratre
258 1819 400 1865 Druso,
427 1829 565 1869 nepote
580 1849 589 1863 ‚
619 1819 766 1858 aPo'e'ta
779 1821 962 1861 dicuntur.
990 1821 1049 1859 Est
1061 1823 1161 1859 enim

128 1869 221 1906 haec
240 1869 455 1919 apostrophe
473 1871 516 1909 ad
537 1871 653 1919 ipsum
664 1871 928 1909 Germanicum
944 1898 954 1915 ‚
983 1883 1053 1921 qua
1068 1871 1164 1910 Poe-

130 1927 166 1955 ta
184 1919 286 1956 velut
305 1920 492 1969 alloquens
514 1922 616 1959 illum
631 1950 640 1967 ‚
669 1921 829 1960 ostendit
851 1922 884 1959 se
906 1921 1036 1960 eadem
1052 1924 1165 1968 fama,

130 1980 202 2017 qua
223 1969 268 2008 de
293 1970 437 2009 Tiberii
458 1973 647 2021 triumpho
666 1972 844 2016 audierit,
871 1973 982 2016 etiam
1004 1972 1049 2010 de
1070 1974 1165 2010 Ger-

132 2021 268 2058 manici
288 2021 522 2070 expeditione
541 2023 578 2060 in
605 2023 842 2060 Germaniam
858 2051 868 2067 ,
898 2024 935 2059 &
956 2022 1001 2060 de
1022 2023 1164 2072 oppidis

131 2070 176 2106 ab
202 2081 248 2108 eo
269 2071 412 2121 aliquot
428 2072 507 2120 jam
528 2074 638 2121 captis
653 2100 662 2115 ,
691 2072 877 2110 audiviffe.
929 2073 1165 2113 Vaticinatur

131 2120 241 2167 igitur
271 2122 309 2159 δε
342 2123 391 2160 illi
427 2122 581 2160 similem
609 2123 836 2172 triumphum
868 2122 914 2161 de
949 2123 1164 2169 Germanis,

128 2172 189 2213 ei,
217 2182 329 2218 quem
354 2170 525 2211 Tiberius
545 2173 589 2211 de
615 2174 766 2223 Illyricis
794 2173 912 2211 modo
938 2174 1065 2221 gessit,
1094 2175 1166 2212 Sec.

129 2221 257 2268 Quare
284 2232 528 2271 quaecunque
555 2224 728 2271 deinceps
753 2223 798 2261 ad
828 2223 938 2260 finem
971 2235 1087 2273 usque
1110 2224 1165 2262 di-

127 2280 281 2315 cuntur,
310 2274 437 2310 omnia
467 2274 511 2311 ad
534 2274 800 2312 Germanicum
832 2274 1022 2312 referenda
1045 2283 1163 2314 erunt.

128 2321 201 2359 Cui
222 2322 337 2360 Poeta
363 2324 401 2360 ¹&
427 2323 558 2372 longos
588 2336 704 2362 annos
734 2332 838 2373 optat
857 2352 867 2368 ,
900 2323 1162 2374 ‚victoremque

129 2371 165 2409 in
188 2371 414 2420 Capitolium
435 2373 639 2412 scansurum
662 2374 776 2419 dicit,
803 2375 1011 2424 eademque
1030 2376 1162 2424 gaudia

127 2421 374 2461 exhibiturum
398 2426 486 2469 patri
509 2424 710 2473 (adoptivo
728 2424 860 2463 scilicet
881 2425 1036 2463 Tiberio
1051 2438 1160 2471 ,nam

132 2483 235 2511 verus
256 2483 358 2522 pater
379 2474 516 2512 Drusus
542 2475 620 2522 jam
645 2474 765 2514 multo
789 2484 873 2513 ante
902 2477 939 2513 in
963 2476 1162 2515 Germania

129 2525 309 2572 perierat)
337 2536 432 2574 quae
451 2524 510 2562 ille
527 2533 632 2563 antea
653 2525 720 2564 suis
737 2524 966 2574 parentibus,
994 2527 1160 2576 Augusto

130 2574 263 2613 scilicet
281 2576 319 2614 ὅ(
333 2576 462 2613 Liviae
474 2574 697 2614 exhibuisset.
729 2578 854 2626 Atque
875 2587 960 2614 eum
982 2576 1015 2614 se
1031 2579 1162 2616 trium-

131 2626 244 2672 phum
275 2627 437 2664 carmine
468 2634 547 2664 tum
578 2627 841 2665 celebraturum
872 2627 946 2671 ait,
972 2627 1098 2666 itidem
1122 2638 1161 2667 ut

129 2675 228 2714 hunc
250 2676 413 2721 Tiberii,
442 2679 488 2715 de
507 2679 633 2725 quoin
654 2678 850 2726 praesentia
872 2679 1011 2726 agitur,
1041 2678 1064 2716 fi
1079 2692 1162 2717 mo-

129 2725 179 2764 do
203 2728 313 2766 vitam
337 2740 384 2766 eo
405 2739 518 2777 usque
539 2727 759 2776 perduxerit.
789 2728 843 2765 Ex
863 2728 1037 2777 quoloco
1049 2731 1158 2768 etiarn

129 2774 217 2814 illud
249 2791 325 2816 non
353 2778 502 2816 obscure
530 2778 650 2825 colligi
679 2779 793 2826 potest
815 2806 826 2823 ,
865 2778 1045 2817 Ovidium
1076 2778 1173 2818 ante'

129 2836 320 2866 mortuum
345 2828 414 2866 esse
429 2857 439 2873 ,
464 2840 575 2878 quarn
597 2828 839 2866 Germanicus
859 2828 903 2866 de
917 2828 1108 2869 Cheruscis
1122 2833 1160 2869 &

131 2876 270 2916 Chattis
291 2879 551 2927 triumphavit,
580 2891 664 2917 cum
687 2891 772 2917 eum
792 2880 1018 2928 triumphum
1043 2882 1161 2927 (velut

128 2928 201 2975 ipse
221 2930 280 2966 hic
301 2929 516 2977 pollicetur)
546 2929 686 2967 silentio
707 2930 958 2978 praeteriturus
970 2931 1161 2980 haudqua-

128 2989 241 3027 quam
263 2979 380 3018 suiffet
400 3009 410 3025 ,
447 2980 511 3017 nisi
541 2988 624 3018 ante
647 2988 812 3018 mortuus
835 3008 845 3023 ,
886 2992 995 3029 quam
1017 2981 1074 3018 ille
1093 2994 1158 3031 ge-

128 3032 197 3066 itus
221 3057 231 3073 ,
276 3029 408 3069 fuiffet.
459 3030 723 3079 Triumphavit
757 3039 879 3068 autem
917 3031 1157 3070 Germanicus

131 3078 229 3117 Coss.
250 3081 292 3118 C.
313 3081 420 3119 Celio
441 3081 593 3129 (Cecilio
612 3081 668 3129 al)
698 3082 735 3118 ὃς
758 3081 800 3118 [.,.
828 3081 1039 3128 Pomponio
1059 3082 1157 3120 Flac-

130 3141 201 3174 co,
229 3139 269 3167 ut
295 3131 447 3170 Tacitus
465 3141 571 3170 autor
602 3131 671 3176 est,
702 3132 766 3180 qui
783 3142 896 3168 annus
918 3132 993 3177 post
1013 3132 1157 3171 obitum

128 3181 283 3229 Augusti
305 3191 449 3229 quartus
469 3183 561 3227 fuit,
588 3181 894 3220 intercedentibus
922 3183 1014 3218 inter
1033 3184 1099 3220 hos
1121 3186 1158 3220 &

127 3233 279 3270 Sextum
310 3232 554 3281 Pompnjurn,
584 3233 811 3281 Sextumque
843 3232 1067 3281 Amriejum,
1097 3234 1160 3281 qui

125 3295 176 3320 co
197 3294 293 3322 anno
307 3293 403 3332 ,quo
415 3282 595 3333 Augustus
614 3283 727 3330 obiit,
742 3283 1029 3322 Consulesfuere
1044 3282 1161 3333 ,duof

2182 819 2258 874 Di.

1221 959 1286 999 bus
1311 959 1411 999 annis
1435 972 1444 997 τ
1483 972 1644 1011 quorum
1677 960 1799 1010 priore
1831 957 1966 996 Drusus
1995 956 2125 995 Caesar
2153 957 2189 994 &
2213 958 2258 995 C.

1221 1011 1441 1056 Norbanus,
1470 1013 1669 1061 posteriore
1699 1010 1844 1048 Sisenna
1869 1008 2026 1047 Statilius
2055 1008 2201 1046 Taurus
2220 1009 2259 1045 &

1223 1063 1268 1100 L.
1288 1062 1495 1101 Scribonius
1518 1063 1615 1100 Libo
1638 1060 1865 1100 consulatum
1891 1057 2036 1107 geffere.
2065 1069 2104 1097 ut
2126 1059 2148 1097 fi
2165 1059 2259 1105 prius

1219 1113 1308 1151 illud
1335 1113 1433 1152 red‘te
1451 1114 1636 1163 colligitur
1664 1114 1729 1160 (ut
1747 1111 1898 1161 quidem
1921 1121 1991 1158 ego
2011 1121 2092 1148 non
2112 1110 2259 1164 dubito)

1224 1163 1406 1202 Ovidium
1439 1172 1522 1202 ante
1552 1163 1780 1210 triumphurn
1811 1161 2023 1199 Germanici
2054 1161 2255 1198 decellilie:

1222 1215 1333 1252 etiam
1358 1215 1431 1252 hoc
1446 1215 1524 1264 ,iam
1547 1226 1623 1252 n-on
1645 1213 1794 1251 obscure
1813 1212 1980 1260 sequatur
1998 1238 2007 1255 ,
2024 1223 2145 1260 neque
2156 1212 2258 1248 odla-

1221 1276 1312 1303 vum
1344 1276 1482 1304 annum
1509 1293 1519 1310 ,
1558 1273 1597 1302 ut
1625 1265 1736 1313 vulgo
1768 1264 1844 1300 fere
1873 1261 2049 1306 traditur,
2077 1263 2112 1299 in
2145 1262 2256 1299 exilio

1221 1315 1379 1364 exegiffe
1395 1344 1404 1360 ,
1430 1317 1597 1365 intraque
1618 1315 1811 1362 septimum
1825 1342 1834 1356 ‚
1863 1321 1925 1350 aut
1946 1324 2020 1350 non
2036 1313 2154 1350 multo
2165 1314 2258 1361 post,

1221 1376 1415 1405 mortuum·
1435 1365 1517 1405 effe.
1546 1367 1722 1403 Mrem..
1749 1364 1921 1411 Designat
1945 1363 2124 1401 Seretium
2142 1363 2260 1401 &alia

1221 1418 1356 1466 oppida
1379 1417 1590 1455 Pannoniae
1611 1429 1629 1453 a
1652 1416 1875 1453 Germanico
1905 1422 2019 1461 capta.
2048 1414 2110 1463 qui
2131 1421 2258 1451 tamen

1223 1469 1261 1505 δέ
1287 1468 1427 1505 cladem
1452 1469 1489 1506 in
1509 1468 1566 1505 illa
1587 1466 1825 1515 expeditione
1846 1464 1893 1501 est
1912 1463 2036 1511 pallus.
2084 1464 2153 1501 Sed
2175 1465 2260 1502 mis-

1221 1518 1276 1557 sus
1297 1520 1331 1556 in
1358 1519 1545 1568 Illyricum
1571 1518 1743 1556 Tiberius
1775 1517 1812 1554 &
1844 1516 2069 1570 Germanico
2089 1516 2258 1570 *conjun-

1222 1568 1298 1608 c‘tus
1318 1569 1507 1608 Dalmatas
1537 1568 1823 1616 Pannoniusque
1849 1566 1954 1603 variis
1987 1565 2127 1612 praeliis
2157 1567 2258 1603 attri-

1219 1621 1295 1665 vit,
1324 1620 1504 1658 Batonem
1536 1630 1689 1668 quoque
1721 1617 1854 1655 ducem
1884 1615 2043 1654 hostium
2069 1627 2152 1653 cim
2178 1615 2254 1654 filio

1221 1673 1336 1719 cepit,
1371 1672 1407 1709 &
1426 1672 1462 1708 in
1484 1670 1713 1718 triumphurn
1735 1668 1830 1716 egit,
1858 1675 1897 1704 ut
1909 1666 1968 1703 hic
1982 1666 2158 1704 videmus.
2181 1666 2258 1703 lm-

1219 1722 1393 1768 peratoris
1413 1733 1553 1759 nomen
1578 1719 1830 1766 &triumphus
1840 1725 1913 1755 tam
1937 1716 2103 1765 Augusto
2117 1745 2126 1760 ‚
2143 1729 2257 1766 quam

1220 1773 1376 1809 Tiberio
1405 1771 1583 1809 decretus.
1635 1768 1862 1806 Germanico
1889 1767 2120 1814 triumphalia
2151 1779 2260 1804 orna·

1220 1830 1368 1866 menta,
1396 1821 1634 1868 honoresque
1659 1818 1861 1867 praetorii,
1904 1818 1941 1853 &
1973 1826 2011 1854 ut
2041 1818 2257 1855 sententiam

1219 1873 1356 1920 primus
1379 1870 1456 1920 post
1481 1870 1683 1909 consulares
1703 1869 1865 1913 diceret,
1892 1875 2006 1916 utque
2028 1866 2255 1905 consulatum

1217 1923 1355 1971 legibus
1383 1921 1517 1960 solutus
1546 1919 1662 1970 pollet
1695 1919 1846 1957 ambire.
1896 1917 1999 1972 Plura
2030 1918 2256 1963 paterculus,

1217 1973 1323 2017 Dio,
1361 1973 1539 2017 Tacitus,
1568 1970 1763 2010 Suetonius
1785 1997 1797 2013 ,
1835 1969 2025 2017 Appianus
2048 1996 2057 2012 ‚
2095 1968 2255 2006 Alexan‘

1221 2023 1365 2067 drinus,
1395 2019 1892 2067 Florus‚Orofius,alii.pro
1903 2018 1966 2068 sub
1989 2019 2115 2061 titulo,
2134 2018 2257 2065 subti-

1223 2074 1312 2110 tulos
1334 2072 1522 2122 castigabat
1545 2072 1724 2110 Muretus.
1751 2070 1859 2108 male.
1886 2079 1973 2108 nam
2002 2069 2061 2107 illa
2090 2068 2253 2117 Tibulli,

1222 2136 1267 2162 1⁴1.
1295 2135 1349 2161 iv·
1375 2137 1433 2171 54.

1275 2191 1323 2221 Ite
1334 2185 1402 2233 sub
1419 2183 1602 2234 imperium
1613 2183 1683 2232 sub
1702 2173 1914 2233 titolumque
1933 2182 2020 2219 lares
2033 2207 2045 2225 ,

1221 2249 1258 2287 δε
1282 2247 1404 2286 Nostri
1425 2239 1581 2286 Remedl
1602 2247 1753 2285 Amoris
1767 2274 1778 2292 ‚
1808 2258 1893 2295 302.

1258 2307 1336 2349 'Sub
1357 2313 1506 2349 titulum
1526 2311 1649 2360 nostros
1671 2310 1764 2361 mifit
1788 2324 1907 2349 avara
1925 2310 2014 2347 lares
2027 2337 2037 2353 ,

1217 2363 1328 2413 longe
1348 2364 1413 2401 alia
1434 2362 1697 2412 significatione
1719 2364 1899 2400 dicuntur.
1925 2362 2070 2398 Heius.

1269 2436 1327 2471 50.
1355 2423 1530 2472 Oppiam]
1585 2423 1673 2460 Hoc
1698 2423 1849 2460 verbum
1883 2424 1923 2461 δε
1944 2423 2046 2461 urbes
2065 2421 2252 2470 significat.

1217 2473 1417 2512 Terentius
1437 2477 1471 2512 in
1505 2474 1643 2512 Andria
1675 2472 1720 2510 de
1753 2473 1932 2516 Athenis,
1961 2478 2040 2509 Toto
2057 2486 2111 2509 me
2135 2473 2249 2521 oppido

1217 2524 1461 2561 exanimatum
1482 2537 1640 2571 quaerere
1654 2524 1713 2566 ‚&
1727 2550 1736 2566 ‚
1749 2522 1969 2571 quamobrem
1987 2523 2103 2571 ejiciat
2123 2524 2250 2572 opprdo.

1220 2574 1355 2612 Cicero
1375 2575 1433 2613 lib.
1454 2587 1516 2612 111.
1538 2574 1663 2612 Famil.
1683 2573 1792 2621 Epist.
1812 2585 1882 2611 ux.
1909 2573 1954 2611 de
1969 2573 2155 2611 Laodicea
2170 2601 2181 2617 ,
2197 2576 2247 2610 A·

1219 2636 1374 2672 pamea,
1402 2625 1601 2675 Syndadis‚
1629 2624 1838 2662 Pliilomelo
1867 2625 1905 2661 &
1926 2624 2068 2662 leonio.
2107 2623 2244 2672 Qubus

1219 2675 1256 2712 in
1277 2675 1401 2725 oppidis
1419 2676 1574 2713 omnibus
1592 2684 1818 2712 commoratus
1833 2674 1925 2722 sum.
1963 2674 2107 2712 Servius
2129 2675 2245 2722 Sulpi-

1218 2728 1292 2764 cius
1313 2726 1357 2764 ad
1380 2727 1539 2765 eundem
1564 2727 1784 2763 Ciceronem
1804 2725 1865 2763 lib.
1889 2736 1943 2764 w.
1972 2725 2169 2762 earundem
2197 2725 2245 2762 E·

1216 2777 1293 2825 pist.
1323 2777 1368 2814 de
1398 2777 1557 2826 AEgina,
1587 2777 1736 2825 Megara
1759 2802 1770 2819 ,
1806 2776 1934 2813 Piraeo
1969 2776 2007 2813 &
2035 2775 2243 2819 Corintho,

1216 2841 1303 2877 quae
1330 2828 1446 2876 oppida
1474 2828 1625 2879 quodam
1651 2837 1794 2869 tempore
1824 2824 2053 2873 florentiffima
2086 2830 2242 2872 fuerunt,

1216 2878 1344 2915 Caesar
1365 2879 1423 2915 lib.
1447 2891 1474 2916 1.
1502 2879 1547 2916 de
1571 2877 1672 2916 Bello
1695 2877 1805 2913 Civili
1835 2876 1879 2914 de
1911 2877 2109 2914 Sulmone:
2140 2876 2244 2924 §Quod

1214 2929 1370 2976 oppidum
1400 2928 1425 2964 ὰ
1454 2928 1603 2976 Corfinio
1634 2940 1705 2964 vn.
1733 2925 1885 2963 millium
1915 2927 2103 2963 intervallo
2130 2926 2241 2973 abest,

1215 2992 1314 3026 quem
1346 2978 1448 3016 Silius
1482 2987 1591 3017 vocat
1616 2979 1749 3014 claram
1779 2977 1907 3014 urbem.
1940 2977 2175 3026 Tranquillus
2204 2979 2242 3014 in

1214 3028 1401 3076 Augusto:
1434 3033 1485 3065 Ex
1500 3028 1667 3077 seceffi'bus
1696 3027 1869 3077 praecipue
1888 3027 2135 3075 frequentavit
2166 3041 2243 3062 ma·

1212 3079 1356 3123 ritima,
1384 3079 1579 3128 insulasque
1609 3078 1822 3127 Campaniae
1841 3105 1851 3122 ,
1887 3089 1950 3115 aut
1974 3079 2136 3128 proxima
2163 3076 2243 3114 urbi

1214 3129 1329 3177 oppida
1352 3158 1360 3173 ,
1403 3131 1604 3166 Lanuvium
1644 3128 1780 3173 (hodie
1800 3129 1908 3166 civita
1931 3129 2106 3174 Lavinia)
2138 3134 2240 3165 Prae-

1220 3179 1324 3226 neste,
1355 3180 1469 3217 Tibur.
1499 3181 1664 3218 Ciorau.
2177 3226 2182 3231 .

1276 3243 1333 3275 50.
1364 3232 1522 3267 Nominis
1542 3233 1596 3279 esse
1618 3229 1710 3280 rui.]
1757 3230 1799 3268 ln
1828 3230 2034 3271 nonnullis,
2061 3229 2111 3275 1]:7e
2131 3238 2181 3263 rm
2202 3226 2240 3262 δε

1218 3280 1358 3321 ῐεέὶίιιε.
1397 3282 1583 3319 Nauem.
1641 3282 1721 3331 Iste,
1747 3280 1916 3320 inceffilse
1938 3307 1949 3326 ,
1986 3279 2022 3316 in
2057 3277 2242 3321 triumpho

1390 3332 1551 3382 §cccc
1581 3344 1599 3384 3
2147 3336 2249 3373 prae.-
