2495 3675
514 162 1451 232 FASTORUM
1558 122 1859 233 L‘1BLVI.

2163 181 2224 244 63

379 293 597 349 Seortea
624 307 734 345 non
760 288 833 344 illi
859 288 935 342 fas
959 284 1034 340 est
1055 281 1254 337 inferre
1280 281 1498 347 sacellO‚

240 373 341 434 630

452 366 536 421 Ne
563 365 761 421 violent
789 375 947 430 puros
974 356 1270 412 exanimata
1294 356 1464 412 focos,

379 439 433 494 Si
458 440 575 511 quis
600 452 735 491 amas
759 433 889 487 ritus
912 443 1152 493 veteres,
1190 429 1374 486 adsiste
1407 431 1673 503 precanti:

452 510 683 565 Nonina
706 505 965 577 percipies
991 520 1100 558 non
1126 502 1221 557 tibi
1251 516 1379 558 nota
1404 503 1564 574 prius,

376 583 617 639 Porrima
641 579 912 650 placantur
941 576 1352 648 Postvertaque‚
1389 576 1495 630 five
1530 577 1767 640 sororeS,

448 653 568 707 Sive
599 652 756 721 fugae
784 650 1039 712 comite3‚
1081 648 1314 703 Maenali
1339 648 1614 719 Nympha,
1654 663 1792 706 tuae.

238 737 268 786 6
274 748 336 800 35
375 726 587 788 Altera,
624 723 772 796 quod
803 740 966 794 porro
990 723 1192 785 fuerat,
1234 720 1480 775 ceeiniffe
1508 734 1748 790 putatur:

446 798 631 852 Altera
659 794 930 851 versurum
957 793 1245 864 postmodo
1272 793 1539 866 quidquid
1567 807 1695 849 erat.

506 866 723 925 Andida
750 880 804 922 te
834 867 992 921 niveo
1019 867 1191 940 posuit
1218 867 1305 921 lux
1334 866 1574 938 proxima
1605 867 1808 939 templo
1825 907 1839 933 ,

378 871 502 1011 C
578 942 705 1017 Qua
733 940 835 996 fert
863 939 1109 997 sublimes
1132 941 1234 995 alta
1259 939 1489 996 Moneta
1514 939 1734 1012 gradus:

86 1159 196 1204 toris,‘
223 1166 269 1196 ex
287 1155 418 1207 quibus
447 1153 572 1195 caustis
592 1152 749 1203 majores
770 1153 809 1192 in
829 1153 1012 1202 integrum
1034 1152 1133 1192 resti-

90 1217 241 1250 tuuntur
255 1235 266 1253 ‚
292 1208 381 1246 aetio
400 1216 537 1245 exemia
559 1204 713 1248 dicitur,
739 1204 764 1243 fi
783 1204 886 1243 desiit
904 1216 1010 1253 agere
1032 1203 1132 1253 posse

85 1261 111 1301 1.
142 1261 202 1298 26.
231 1261 265 1302 §.
295 1272 330 1306 4.
360 1259 399 1297 8<
425 1272 459 1307 ς,
497 1256 536 1296 ff.
580 1264 625 1294 ex
655 1256 755 1306 quib.
787 1255 879 1294 caus.
919 1256 1049 1302 maj0r.
1083 1257 1133 1293 ita

87 1321 263 1350 exemtum
276 1310 336 1358 jus
355 1309 517 1359 carpenti
538 1315 636 1353 erat,
674 1318 759 1345 cum
780 1305 949 1344 defierint
969 1317 1015 1342 eo
1034 1303 1135 1361 poss‘e

88 1363 156 1400 uti.
183 1363 232 1400 ita
253 1360 397 1399 eximere
416 1359 611 1409 religionem
635 1358 720 1395 Liv.
740 1369 794 1394 tv.
819 1367 879 1406 31.
905 1357 944 1395 &
967 1355 1135 1405 negligen-

87 1412 142 1451 tia
162 1411 280 1450 divini
300 1411 415 1449 cultas
431 1420 589 1458 exempta
606 1419 642 1445 v.
667 1419 725 1456 31.
743 1407 874 1446 Buam.

139 1463 225 1510 629.
256 1469 319 1500 Fas
340 1462 381 1508 est
400 1462 527 1503 inferre
547 1457 712 1507 Sacello.]
752 1457 958 1495 Observato
982 1456 1020 1495 &
1040 1456 1074 1495 id
1095 1458 1135 1496 in

87 1513 166 1552 aliis
186 1512 404 1550 faetitatum.
432 1512 550 1548 Varro
568 1508 627 1546 lib.
645 1521 699 1546 VI.
716 1507 761 1546 de
784 1508 829 1546 L.
842 1508 888 1545 L.
916 1508 1135 1556 Scortariest,

87 1563 220 1613 saepius
243 1562 496 1600 meretriculam
521 1560 638 1596 ducere
652 1586 663 1603 ,
693 1572 780 1610 quae
796 1558 890 1596 dieta
912 1558 938 1596 a
960 1558 1069 1608 pelle.-
1098 1560 1138 1597 id

92 1614 186 1652 enim
208 1625 275 1649 non
293 1611 404 1659 stilum
423 1611 563 1659 antiqui
584 1609 743 1646 dicebant
754 1609 910 1658 scortum
922 1625 931 1652 ;
956 1609 1138 1658 sedetiam

92 1675 186 1701 nunc
213 1662 358 1700 dicimus
369 1663 499 1710 scortea
531 1673 590 1705 ea,
618 1673 706 1710 quae
738 1673 779 1698 ex
809 1660 894 1698 corio
924 1672 968 1700 ω’
996 1660 1140 1707 pellibus

85 1712 297 1763 suntfabia.
332 1713 414 1749 Inde
429 1713 468 1750 in
487 1711 619 1761 aliquot
629 1711 740 1758 sacris
759 1724 800 1748 ac
816 1709 951 1760 sacellis
965 1712 1137 1762 scriptam

95 1762 260 1802 habemus
279 1791 292 1808 ‚
329 1768 382 1800 Ne
409 1762 495 1811 quid
518 1763 683 1809 scorteum
711 1761 922 1800 adhibeatur
946 1790 957 1806 ,
995 1763 1074 1800 ide'o‘
1097 1777 1139 1801 ne

97 1813 317 1852 morticinum
337 1812 420 1862 quid
441 1810 541 1862 adfit.
593 1812 649 1849 Ex
681 1812 750 1851 hac
772 1812 1022 1862 superstitione
1042 1813 1138 1852 surn-

95 1875 181 1902 mae
199 1875 304 1904 curae
333 1865 401 1903 fuit
432 1863 614 1902 veteribus
633 1890 643 1906 ‚
679 1876 726 1901 ne
758 1864 981 1902 Flaminicae
1012 1864 1138 1906 ὑποδή-

92 1927 202 1961 ματα
218 1914 292 1954 five
308 1914 484 1952 σανδάλια
513 1925 560 1951 ex
591 1915 793 1952 morticino
820 1915 924 1953 corio
950 1915 1140 1964 gestarent.

94 1964 236 2004 Festus:
266 1972 426 2003 Mortuae
441 1964 576 2015 pecudis
607 1964 691 2001 corio
722 1965 843 2002 calceos
862 1975 926 2002 aut
939 1966 1047 2014 spleas
1061 1966 1142 2014 fieri

94 2015 299 2053 Flaminicis
325 2019 420 2062 nefas
450 2014 599 2052 habetur
618 2030 629 2059 ;
662 2015 723 2057 led
743 2026 807 2052 aut
836 2016 958 2064 occisae
984 2017 1140 2067 alioqui,

95 2075 162 2103 aut
182 2065 404 2111 immolatae,
434 2067 597 2116 quoniam
617 2064 689 2114 sud
708 2076 817 2102 morte
847 2067 1002 2104 extincta
1022 2068 1142 2104 omnia

87 2116 229 2166 funesta
239 2118 340 2166 sunt.
367 2118 406 2154 δί
428 2117 592 2155 Servius:
623 2116 711 2152 Sane
735 2116 947 2154 flaminicae
968 2131 1035 2155 non
1065 2118 1143 2155 lice-

95 2166 161 2204 hae
179 2180 284 2218 neque
304 2166 426 2205 calceos
446 2180 551 2224 neque
564 2166 672 2215 fhleas
692 2166 893 2205 morticinas
911 2166 1044 2206 habere.
1073 2169 1140 2206 Di·
1162 2172 1166 2176 ’

95 2217 211 2256 dicisti
230 2217 320 2268 quid
338 2217 574 2256 morticinum.
612 2218 761 2256 Graecis
778 2217 827 2256 est
850 2218 1043 2264 κενέβριον,
1066 2219 1141 2258 sive

96 2267 302 2314 θανάσιμον,
327 2268 509 2307 scorteum
531 2267 621 2306 verb
644 2269 826 2313 σκύτινον,
854 2268 1073 2314 δερμάτινον·
1095 2282 1141 2309 ex

98 2330 147 2357 eo
177 2320 297 2358 fecere
325 2319 451 2358 Latini
472 2319 670 2369 scortiscum
694 2320 732 2357 &
757 2319 997 2369 scordiftum3
1037 2321 1141 2371 quod

101 2369 234 2408 Gloffis
251 2370 438 2420 ephippium
454 2398 464 2413 ‚
495 2371 580 2419 quia
610 2370 698 2408 illud
718 2369 738 2407 ὲ
761 2370 925 2419 pellibus.
962 2373 1141 2412 Nmpot..

102 2418 164 2457 De
194 2420 259 2458 illis
292 2421 376 2458 vide
406 2420 548 2458 Salmas.
572 2420 617 2458 ad
648 2421 761 2468 Spart.
779 2421 957 2460 Hadrian.
976 2434 1051 2470 cap.
1077 2435 1141 2461 111.

104 2466 145 2503 ὅτ
167 2468 316 2516 Lampr.
337 2470 443 2507 Alex.
464 2470 548 2507 Sev.
569 2482 629 2516 27.
651 2473 713 2517 fas
730 2471 774 2517 est
792 2471 926 2510 intrare
956 2481 1026 2511 tres
1045 2473 1138 2513 libri.

105 2529 177 2553 non
195 2517 258 2554 ulli
279 2519 390 2555 etiam
410 2519 498 2555 duo.
922 2528 928 2533 '

155 2568 240 2616 630.
271 2574 342 2604 Nec
360 2566 490 2604 violent
517 2574 614 2613 puros
639 2565 844 2604 exanimata
866 2569 993 2618 theon]
1024 2571 1082 2607 Sic
1103 2572 1142 2609 in

103 2617 234 2656 iisdem
255 2618 362 2655 libris.
407 2617 446 2654 In
477 2617 552 2654 aliis
580 2615 669 2654 vero
699 2628 744 2654 ex
767 2618 895 2656 eadem
919 2619 1143 2659 Bibliotheca

103 2666 144 2704 &
176 2667 309 2710 Statii,
352 2671 444 2703 Exta
477 2677 641 2705 cremata.
694 2666 924 2715 Superiorem
952 2670 1144 2716 amplexor

102 2717 319 2755 lectionem.
368 2718 535 2754 Cios-AN.
564 2717 791 2755 Veterrimus
813 2719 954 2756 Zulich.
987 2726 1039 2756 Ne
1067 2731 1142 2757 ten-

104 2778 199 2818 nent.
214 2768 333 2806 Scribe
349 2795 359 2812 ,
373 2773 426 2804 Ne
439 2778 601 2804 temerent
643 2772 818 2806 Temerare
838 2769 935 2807 idem
948 2770 1048 2818 quod
1061 2772 1143 2808 vio-

102 2817 178 2855 lare
197 2830 252 2856 res
277 2817 386 2855 sacras
418 2818 571 2856 Ovidio.
610 2818 691 2857 vide
721 2819 837 2857 Notas
867 2820 953 2857 Am.
982 2833 1010 2858 1.
1041 2821 1143 2871 Eleg.

105 2878 195 2905 viu.
234 2870 271 2906 δε
288 2868 396 2906 Pont.
415 2881 459 2906 11.
479 2869 533 2906 El.
554 2880 597 2906 ιι.
616 2869 670 2911 Jl‘s.
689 2880 748 2915 27.
776 2869 918 2908 Herus.
944 2874 1145 2909 Extenuata

104 2928 210 2956 unus.
230 2923 458 2956 Exceromata
478 2920 643 2957 Voffian.
659 2919 762 2969 quod
781 2921 868 2968 quid
896 2921 983 2959 velit
1012 2923 1146 2962 nescio.

155 2970 241 3018 633.
270 2970 427 3007 Porrima
445 2970 643 3019 placatur.]
694 2971 881 3016 Nemini,
911 2971 935 3009 st
962 2975 1142 3017 memini,

105 3017 156 3057 fic
170 3019 285 3058 dieta:
313 3031 398 3058 nam
417 3020 491 3058 aliis
512 3021 637 3067 Profa,
662 3021 876 3070 quibusdam
901 3024 1022 3071 Prorsa
1037 3052 1046 3066 ‚
1069 3023 1144 3061 five

107 3072 333 3107 Anteverta:
361 3070 506 3109 alteram
531 3071 743 3117 Poflvertam
766 3072 979 3120 appellatam
1011 3085 1142 3112 omnes

109 3121 348 3159 consentiunt.
391 3121 509 3160 Vetus
542 3121 752 3169 inscriptio:
802 3122 975 3170 (Gruter.
1002 3125 1046 3161 L.
1069 3126 1140 3172 ix.)

112 3179 189 3208 m-:o
212 3183 420 3210 mzncvmo
448 3183 497 3210 ET
526 3182 796 3210 POSTVERTAE.
822 3185 858 3212 c.
887 3188 1029 3213 Aurrvs
1056 3188 1143 3216 rin

111 3227 238 3261 mxvs
263 3234 309 3260 Ex
337 3234 454 3260 voro,
508 3224 682 3260 Neapor..

166 3279 250 3328 634.
275 3284 562 3338 Pollucemque]
602 3286 645 3325 In
666 3287 871 3335 nonnullis,
895 3289 1147 3341 poste-ermque.

2076 1017 2235 1076 Nune

1187 1153 1381 1192 Nauem.
1403 1151 1463 1190 Sic
1483 1150 1883 1200 omneslibriveteres,
1906 1165 2018 1205 quam
2035 1155 2238 1197 lecftionem

1188 1203 1350 1252 agnoscit
1379 1202 1492 1240 etiarn
1523 1202 1582 1241 hic
1610 1204 1762 1245 Marius.
1788 1216 1905 1251 mox,
1941 1207 2102 1244 Maenali
2125 1215 2240 1256 Nym-

1184 1254 1256 1303 pha
1269 1282 1280 1298 ,
1313 1253 1415 1292 Statii
1434 1253 1534 1292 liber.
1554 1254 1725 1295 CIOFaN.
1752 1255 1943 1296 placantur
1961 1257 2056 1296 bene
2075 1259 2239 1307 quinque

1161 1354 1164 1357 ‚
1188 1304 1282 1342 libri.
1310 1304 1486 1354 Sequenti
1501 1307 1608 1346 versu
1633 1308 1732 1346 rec‘te
1754 1336 1764 1352 ‚
1793 1307 1962 1345 Maenala
1984 1309 2149 1359 Nympha
2173 1321 2241 1358 pro

1190 1354 1295 1393 Diva
1316 1354 1407 1396 osto
1427 1357 1586 1396 codices.
1613 1359 1788 1409 Virgilius
1810 1367 1907 1397 certe
1931 1359 2168 1398 Carmentam
2191 1360 2243 1398 bis

1191 1404 1399 1458 Nympham
1429 1409 1584 1458 appellat
1610 1408 1672 1447 lib.
1702 1422 1796 1448 vm.
1838 1409 1969 1448 Malim
2003 1411 2112 1449 etiam
2151 1411 2244 1458 Post-

1190 1469 1309 1498 vorta.
1337 1467 1376 1499 ut
1409 1460 1507 1509 apud
1538 1460 1774 1500 Macrobium
1804 1460 1865 1498 lib.
1885 1472 1912 1498 1.
1941 1461 2080 1500 Saturn.
2111 1474 2188 1511 cap.
2209 1474 2244 1508 7.

1192 1511 1304 1549 etiam
1331 1511 1461 1550 Servio
1485 1510 1532 1549 ad
1552 1510 1614 1550 lib.
1635 1523 1727 1551 vm.
1764 1511 1916 1550 Aineid.
1946 1514 2028 1561 336.
2064 1512 2123 1550 ubi
2152 1513 2243 1559 Pest-

1191 1571 1277 1598 vota
1298 1574 1365 1611 pro
1386 1561 1568 1609 Postvorta
1590 1563 1688 1601 male
1708 1563 1880 1602 scribitur.
1916 1563 2092 1609 Postverta
2115 1573 2242 1601 tamen

1192 1611 1239 1648 est
1262 1614 1298 1650 in
1328 1614 1443 1651 veteri
1471 1613 1707 1663 inscriptione
1734 1613 1829 1663 apud
1851 1614 2050 1651 Gruterum
2083 1626 2162 1663 pag.
2184 1627 2244 1662 50.

1191 1661 1219 1699 si
1241 1662 1329 1710 lapis
1349 1663 1486 1702 fincera
1503 1663 1575 1702 fide
1595 1664 1792 1713 descriptus
1813 1664 1886 1709 est,
1916 1676 1992 1701 neo
2026 1677 2239 1702 uenenato

1193 1725 1244 1751 ετ
1268 1726 1503 1753 Posrvziue
1531 1726 1568 1752 c.
1597 1728 1745 1752 annus
1777 1727 1865 1752 τιτι
1893 1727 2025 1752 smus
2058 1727 2100 1751 ex
2123 1727 2244 1753 voro.

1194 1765 1367 1803 meminit
1394 1767 1433 1803 &
1461 1765 1593 1804 harum
1622 1765 1789 1803 Dearum
1819 1764 2069 1803 Tertullianus
2097 1765 2141 1802 ad
2164 1766 2241 1803 Na-

1192 1815 1314 1853 tiones
1334 1815 1455 1854 lib.11.
1476 1827 1555 1865 cap.
1575 1827 1632 1854 11.
1657 1816 1831 1855 sedlocus
1848 1814 1896 1853 est
1910 1816 2070 1853 mutilus.
2099 1815 2243 1854 Servius

1195 1865 1345 1904 alteram
1374 1866 1540 1905 sororem
1578 1866 1778 1904 Porrimam
1807 1878 1893 1905 cum
1933 1866 2077 1905 Ovidio
2110 1875 2242 1911 vocat,

1196 1927 1292 1966 quae
1314 1917 1440 1955 Gellio
1461 1917 1509 1955 est
1529 1917 1655 1966 Profa,
1683 1922 1887 1955 Antevorta
1907 1918 2116 1955 Macrobio.
2152 1929 2243 1967 qua-

1196 1978 1234 2005 re
1257 1968 1381 2005 frustra
1403 1968 1452 2005 est
1472 1967 1724 2006 Illustriffimus
1734 1969 1931 2018 Neapolis,
1959 1969 2022 2018 qui
2044 1967 2241 2005 Porrimam

1197 2017 1242 2055 ab
1261 2029 1338 2056 uno
1360 2018 1508 2056 Nasone
1532 2017 1670 2057 dictam
1694 2018 1894 2058 arbitratur.
1920 2020 1982 2057 has
2007 2027 2131 2056 autem
2145 2020 2243 2056 Deas

1197 2079 1218 2105 a
1246 2069 1465 2116 parientibus
1497 2069 1687 2108 invocatas'
1709 2067 1813 2116 fuisse
1843 2081 1888 2107 ex
1918 2070 1965 2107 A.
1986 2069 2109 2107 Gellio
2138 2068 2244 2109 disci·

1198 2129 1280 2156 mus
1318 2119 1432 2157 Nost.
1464 2119 1619 2158 Atticar.
1647 2119 1709 2158 lib.
1739 2132 1821 2158 xV1⁴
1863 2130 1941 2169 cap.
1975 2120 2032 2159 16.
2095 2119 2243 2158 Hiems.

1197 2169 1367 2207 Placatur
1383 2179 1593 2221 povertaque
1609 2169 1779 2209 Beruens.

1247 2231 1333 2281 635.
1361 2232 1514 2279 Altera,
1543 2235 1635 2283 quod
1648 2244 1750 2285 porro
1770 2234 1927 2286 sacrun]
1964 2235 2128 2274 Porrima
2149 2234 2241 2274 scili-

1197 2289 1256 2320 cet
1279 2295 1288 2320 :
1326 2282 1413 2321 ideo
1440 2283 1489 2322 fic
1511 2284 1631 2331 dicta,
1657 2288 1743 2334 quia
1760 2295 1908 2326 caneret
1929 2298 2044 2324 omne
2071 2287 2243 2336 praeteri-

1197 2339 1300 2378 tum,
1328 2334 1514 2373 Postverta
1540 2335 1632 2374 verb
1666 2337 1844 2376 futurum.
1896 2338 2107 2375 Macrobius
2131 2350 2139 2373 ι
2168 2342 2243 2372 Has

1196 2384 1290 2421 em‘m
1311 2384 1385 2421 ideo
1413 2396 1541 2423 veteres
1571 2386 1696 2424 coluere
1716 2416 1727 2433 ‚
1770 2388 1864 2437 quod
1882 2401 1921 2425 ea
1950 2387 2069 2424 omnia
2095 2385 2244 2433 intelligi

1196 2442 1342 2482 oportere
1372 2436 1608 2482 existimarent
1626 2465 1637 2482 ,
1662 2451 1750 2487 quae
1771 2438 1958 2487 praeterita
1979 2449 2022 2476 <9¹
2043 2438 2173 2482 sutura
2193 2437 2243 2483 es·

1188 2488 1288 2531 Jent;
1310 2486 1382 2533 qud
1400 2500 1442 2522 ex
1463 2500 1499 2523 re
1520 2487 1656 2524 comites
1672 2488 1876 2524 divinitatis
1895 2500 1951 2523 eas
1969 2485 2244 2534 appellaverunt.

1198 2533 1364 2570 Subfillat
1387 2535 1480 2571 hoc:
1509 2546 1608 2572 nunc
1628 2536 1674 2572 ad
1702 2536 1792 2584 quid
1821 2539 1947 2574 harum
1979 2537 2143 2573 Dearum
2165 2537 2243 2573 cul-

1197 2588 1253 2618 tus
1278 2582 1327 2619 ob
1350 2591 1600 2622 matronarum
1625 2585 1793 2631 abortus,
1822 2585 2006 2624 sitantum
2034 2585 2241 2623 vatidicae?

1197 2642 1310 2678 quare
1328 2644 1450 2680 neque
1481 2633 1590 2671 nostri
1615 2647 1737 2683 neque
1768 2636 1948 2674 Macrobii
1979 2634 2136 2685 etymon
2160 2648 2241 2683 per-

1197 2681 1336 2736 placet;
1369 2683 1407 2719 &
1427 2683 1555 2722 melius
1570 2712 1580 2728 ,
1608 2696 1695 2722 meo
1712 2685 1854 2734 judicio
1867 2714 1878 2730 ,
1907 2687 2025 2724 Varro
2043 2687 2138 2735 apud
2152 2687 2243 2725 Gel-

1196 2730 1309 2787 llum:
1339 2734 1492 2781 Qando
1520 2734 1626 2784 igitur
1651 2747 1769 2773 contra
1786 2748 1954 2774 naturam
1976 2737 2071 2784 forte
2091 2737 2245 2787 conversi

1197 2794 1237 2818 m
1252 2783 1346 2838 pedes
1361 2812 1371 2827 ,
1399 2783 1548 2822 brachiis
1564 2784 1764 2837 plerumque
1781 2788 1930 2825 diductis
1950 2788 2090 2824 retineri
2105 2788 2239 2836 solent,

1200 2845 1399 2882 aegriusque
1429 2845 1513 2871 tunc
1540 2837 1695 2874 mulieres
1722 2839 1933 2881 enituntur;
1970 2838 2073 2886 hujus
2100 2839 2240 2887 periculi

1200 2882 1401 2930 deprecandi
1431 2885 1544 2933 cauffd
1571 2899 1652 2923 arae
1672 2887 1827 2933 statutae
1849 2888 1934 2936 sunt
1956 2894 2081 2925 Romae
2107 2889 2245 2927 duabus

1202 2934 1470 2972 Carmentibus.-
1499 2950 1650 2985 quarum
1673 2950 1743 2974 una
1765 2939 1943 2986 Postverta
1966 2940 2149 2975 nominata
2170 2940 2214 2987 est
2228 2968 2241 2985 ,

1203 2988 1305 3031 Profa
1328 2985 1461 3029 altera,
1490 2985 1516 3023 ἰι
1546 2987 1628 3023 reali
1650 2988 1862 3038 perverfique
1877 2998 1997 3037 partus
2022 2990 2179 3038 potestate
2196 3001 2241 3030 ω’

1198 3036 1344 3071 nomine.
1379 3036 1465 3074 Hoc
1495 3039 1660 3085 approbo
1689 3040 1726 3076 &
1759 3040 1904 3088 sequor.
1931 3040 2054 3076 Neam.
2112 3041 2235 3078 Debet

1198 3085 1259 3122 hic
1285 3094 1382 3133 porro
1410 3087 1608 3136 significare
1646 3093 1894 3136 praeteritum.
1941 3092 2039 3139 atqui
2071 3090 2239 3127 Donatus

1199 3134 1245 3173 ad
1276 3136 1430 3175 Terent.
1451 3138 1565 3175 Andr.
1586 3140 1787 3189 Prol.porro
1804 3140 1889 3178 dicit
1910 3139 1980 3177 effe
2003 3143 2039 3179 in
2060 3142 2238 3184 futurum,

1201 3186 1240 3223 ὅ(
1269 3187 1317 3224 ita
1340 3187 1398 3224 ille
1425 3188 1539 3226 Poeta
1563 3190 1600 3226 δε
1618 3190 1677 3227 alii
1698 3190 1800 3239 saepe
1823 3199 1985 3229 utuntur.
2007 3191 2103 3229 idern
2134 3198 2236 3226 notat

1202 3236 1336 3275 Charis.
1356 3250 1402 3275 11.
1425 3238 1505 3276 Inst.
1536 3240 1776 3279 Grammatic.
1806 3252 1885 3290 pag.
1910 3253 1991 3287 190.
2028 3243 2089 3288 qui
2112 3241 2148 3275 ὃ(
2171 3251 2239 3285 pro

1201 3286 1294 3340 longe
1323 3289 1413 3338 poni
1445 3289 1582 3337 docet,
1609 3290 1706 3330 unde
1733 3291 1876 3331 videtur
1892 3291 2030 3329 Marsus
2055 3288 2235 3343 hocloco

1880 3345 1885 3351 .
2183 3350 2243 3375 ln·-
