2495 3675
753 202 814 260 Ρ.
886 199 1305 262 OV1D11

1378 201 1907 268 NASONIS

525 319 707 396 Quem
733 319 969 394 sequitur
997 320 1099 375 diri
1128 321 1393 376 Numitor
1420 338 1702 393 germanus
1726 323 1931 381 Amuli.

597 393 685 449 Ilia
710 411 835 449 cum
862 394 1038 449 Lauso
1064 393 1134 448 de
1160 395 1448 450 Numitore
1473 395 1582 449 sati.
1854 406 1858 409 ’

383 486 450 539 ςς
525 468 666 524 Ense
691 467 835 523 cadit
861 483 1052 539 patruo
1077 465 1305 523 Lausus:
1348 470 1520 541 placet
1542 468 1631 523 Ilia
1656 466 1856 531 Marti3

601 540 801 612 Teque
827 541 990 612 parit,
1028 540 1248 611 gemino
1267 541 1447 612 junffte
1477 542 1706 615 Quirine
1731 543 1932 600 Remo,

531 615 619 669 Ille
644 614 760 668 suos
784 613 991 684 semper
1021 613 1294 669 Venerem
1321 615 1667 687 Martemque
1695 631 1937 689 parentes

603 687 783 741 Dixit:
827 684 881 738 δε
908 687 1136 741 emeruit
1161 688 1309 741 vocis
1335 688 1530 743 habere
1556 689 1736 743 fidem.

533 761 688 816 Neve
715 758 947 813 secuturi
972 758 1180 831 possent
1205 760 1412 815 nescire
1438 775 1691 832 nepote5‚

391 839 460 889 60

606 831 886 903 Tempora
909 832 1006 887 Dis
1033 833 1242 904 generis
1265 834 1575 889 continuata
1604 833 1771 890 dedit.

536 904 643 960 Sed
672 905 945 961 Venerem
974 905 1209 960 mensem
1236 905 1406 978 Grajo
1429 908 1674 963 sermone
1699 919 1946 964 notatum

607 978 892 1050 Auguror:
932 980 959 1034 a
982 979 1176 1050 spumis
1202 979 1278 1034 est
1301 980 1417 1035 Dea
1441 979 1581 1036 dieta
1607 981 1782 1037 maris.

538 1052 657 1108 Nec
685 1052 780 1106 tibi
805 1051 866 1106 fit
895 1052 1089 1107 mirum
1117 1050 1284 1124 Grajo
1311 1071 1425 1109 rem
1452 1054 1672 1110 nomine
1700 1053 1832 1110 dici:

611 1123 735 1180 Itala
764 1142 887 1180 nam
914 1126 1067 1182 tellus
1093 1125 1325 1182 Graecia
1347 1127 1515 1200 major
1539 1138 1666 1182 erat.

2219 1201 2405 1260 Vene-

252 1338 444 1393 ffiepotem]
476 1337 666 1389 Agrippam
682 1338 838 1388 genitum
850 1336 1299 1388 Zulich.prim.Ambros.
1353 1337 1448 1376 rium
1471 1336 1659 1378 sententia.
1685 1338 1898 1379 Macrobius
1916 1339 2038 1392 primo
2051 1339 2320 1380 Saturnalium:
2349 1344 2408 1380 Se-'
2462 1361 2465 1367 ν

253 1394 293 1432 &
315 1393 434 1431 Laeti.
462 1403 529 1440 pro
553 1399 702 1440 nepotem
724 1397 864 1428 veteres
879 1390 1006 1434 multi,
1036 1398 1175 1440 nepotes.
1195 1389 1301 1440 quod

255 1443 306 1482 est
325 1452 452 1482 contra
463 1441 574 1480 fidem
597 1441 794 1479 Historiae.
820 1440 932 1479 Forte
954 1440 1184 1479 scribendum
1200 1469 1210 1487 ,
1240 1447 1304 1479 Re-

253 1493 459 1544 mulumque
473 1495 628 1540 ferocem.
656 1491 830 1530 Namlib.
843 1492 1030 1531 Met.x1v.
1050 1493 1137 1531 610.
1159 1501 1304 1531 utrum-

254 1556 327 1594 que
349 1544 464 1583 filiurn
490 1545 578 1582 facit
600 1543 784 1583 Tiberini.
810 1551 922 1593 atque
949 1542 1022 1582 illic
1050 1545 1160 1583 etiam
1180 1543 1305 1592 ferocis

253 1596 369 1641 utitur
386 1594 571 1634 vocabulo
583 1622 594 1639 ,

304 1665 407 1675 ——
435 1647 475 1684 de
493 1659 556 1697 quo
584 1644 809 1694 (Tiberino)
838 1644 1091 1696 Remulusque,
1110 1647 1280 1697 feroxque

303 1700 443 1737 Acrota
454 1697 542 1746 sunt
558 1696 677 1745 geniti.
708 1696 872 1734 Remulus
893 1698 1067 1734 maturior
1085 1697 1192 1735 annis

309 1749 488 1786 Fulmineo
502 1748 603 1798 periit
624 1746 782 1785 imitator
786 1747 955 1794 fulminis
972 1747 1056 1786 ielu.

257 1799 361 1838 vides
379 1800 574 1838 hominem
595 1797 724 1836 stolide
744 1798 910 1836 ferocem
935 1799 972 1836 &
991 1800 1146 1838 alterum
1166 1799 1310 1847 Salmoi

259 1862 329 1890 nea
351 1850 511 1889 describi.
538 1861 630 1887 mox
651 1848 762 1887 addit.

313 1907 438 1939 Fratre
449 1901 512 1951 suo
526 1903 703 1950 sceptrum
726 1899 937 1938 moderatior
957 1904 1093 1940 Acrota
1112 1902 1197 1946 forti

314 1953 443 1990 Tradit
461 1952 657 1989 Aventino.
826 1978 830 1982 -

264 2003 355 2055 quid
375 2005 412 2041 ni
433 2015 521 2052 ergo
529 2004 631 2050 ferox
651 2001 839 2048 Remulus,
865 2016 943 2054 quo
966 2004 1174 2042 moderatior
1192 2003 1234 2042 sit
1254 2009 1311 2042 A-

264 2064 358 2094 crota
372 2082 380 2098 ‚
399 2053 460 2092 seu
492 2054 654 2102 Agrippa
668 2082 678 2099 ‚
707 2065 819 2103 quern
843 2055 1070 2097 ferocem&
1098 2056 1213 2104 ipsum
1232 2055 1311 2103 jam

264 2103 479 2155 appellarit?
508 2105 711 2142 Remulum
742 2116 894 2154 quoque
921 2106 1078 2144 fulmine
1105 2105 1312 2155 percussum

264 2157 412 2203 testatur
435 2155 607 2193 Eusebius
627 2156 661 2193 in
684 2155 874 2195 Chronico
891 2185 902 2202 ,
928 2158 993 2206 qui
1011 2157 1225 2194 Aremulum
1248 2157 1315 2194 sil-

266 2207 371 2245 vium
392 2216 524 2250 vocat,
547 2205 823 2256 praefidiumque
851 2207 1075 2245 Albanorum
1103 2207 1196 2246 inter
1215 2222 1316 2246 mon-

270 2268 341 2302 tes,
368 2256 427 2294 ubi
441 2264 548 2295 Roma
566 2257 631 2303 est,
655 2257 790 2307 posuisse
810 2256 995 2296 asseverat.
1023 2259 1168 2297 Hzms.
1197 2260 1319 2298 Gron.

269 2309 316 2348 ad
338 2309 423 2347 LiV.
446 2321 475 2346 1.
504 2319 537 2357 3.
555 2307 667 2356 legit,
697 2308 946 2357 Remulumque
962 2310 1119 2357 priorem.

322 2371 381 2408 49.
410 2359 602 2409 Agrippam
624 2358 791 2408 natum]
846 2360 904 2397 En
932 2360 1032 2399 hunc
1051 2362 1089 2399 in
1109 2361 1322 2401 Metamor-

277 2410 382 2460 phosr
403 2419 513 2448 vocat
533 2414 716 2447 Acratum,
750 2410 875 2448 Nero.

330 2474 389 2509 51.
416 2459 560 2510 Locus.]
625 2466 735 2497 Lacus
772 2472 864 2499 unus
902 2462 1044 2502 Heinfii
1062 2491 1074 2509 ‚
1116 2464 1258 2502 Moreti
1283 2466 1322 2504 ὃς

275 2514 442 2562 quinque
461 2512 531 2549 alii.
552 2511 632 2548 inde
642 2512 752 2550 etiarn
766 2511 955 2552 Bernensrs
972 2514 1010 2552 &
1023 2514 1082 2552 sex
1092 2515 1163 2553 alii.
1176 2525 1325 2553 vocatur

277 2563 368 2601 editi
385 2563 444 2601 alii
463 2564 500 2600 δί
521 2561 652 2611 scripti.

330 2626 388 2662 54,
418 2618 510 2651 Cum
536 2612 680 2663 ιαμβι]
717 2613 1055 2661 Halicarnafl‘enfis,
1085 2617 1146 2653 τὸν
1166 2616 1242 2655 υἱὸν
1263 2616 1328 2655 ’τοῦ

280 2666 481 2710 Neutra-poe
498 2664 676 2711 A't'yseov,
705 2665 890 2714 appellat,
919 2665 1132 2706 Plutarchus
1151 2669 1189 2706 in
1211 2669 1329 2707 Paral-

279 2715 378 2759 telis,
408 2717 555 2753 Αἴνιτον.
583 2716 761 2754 ΝεΑΡοῐ..

339 2780 398 2815 53.
425 2770 509 2814 Ense
522 2764 927 2816 caditpatruiLausus.]
958 2765 1084 2804 Petav.
1097 2766 1225 2816 patrio,
1253 2768 1329 2806 Le-

289 2827 335 2866 ge
350 2844 359 2861 ,
383 2825 516 2865 patruo.
543 2817 742 2866 quomodo
755 2817 874 2856 codex
892 2817 1080 2863 Junianus.
1109 2818 1194 2856 vide
1206 2820 1331 2857 omni-

290 2878 343 2905 no
366 2879 458 2914 quae
470 2876 640 2906 notamus
651 2868 697 2907 ad
709 2870 844 2908 Amor.
864 2868 1182 2918 lib.111.Eleg.v1.
1199 2869 1252 2914 fils.
1271 2882 1332 2918 49.

290 2915 341 2956 fic
361 2917 549 2955 Homerus
573 2918 613 2956 11.
631 2918 659 2956 Ι.
697 2920 779 2968 563.
821 2920 1037 2965 κασίγνητον
1058 2922 1162 2966 <Dorou
1180 2932 1246 2969 pro
1269 2922 1339 2959 fra-

291 2966 397 3005 tem-51
428 2968 549 3005 caede.
588 2969 626 3006 ὅ(
661 2968 789 3008 similia
816 2971 940 3019 paffim
977 2970 1072 3019 apud
1100 2971 1263 3010 Graecos
1298 2983 1340 3010 ac

294 3018 463 3055 Latinos.
492 3018 599 3065 paulo
610 3027 693 3057 ante
709 3048 718 3064 ,
738 3032 804 3067 pro
825 3021 905 3057 duri
924 3020 1076 3066 Amuli,
1089 3024 1254 3073 quinque
1274 3034 1339 3061 ve-

297 3076 414 3113 teres,
439 3068 528 3112 (liri,
557 3068 701 3107 reditis.
726 3070 827 3117 supra
845 3071 905 3108 lib.
928 3083 990 3108 111.
1009 3084 1067 3118 49.

352 3126 423 3156 Hoc
445 3118 503 3155 ubi
526 3121 680 3167 cognovit
698 3130 883 3156 contemtor
901 3121 1070 3158 Amulius
1089 3123 1212 3172 aequi,

407 3176 504 3207 Nam
525 3180 642 3218 raptas
654 3170 767 3217 fratri
787 3170 897 3208 ὐὶὲἶον
916 3170 1062 3208 habebat
1083 3182 1163 3222 opes.
1193 3175 1337 3214 HHNS.

355 3233 415 3270 59.
443 3219 622 3270 Nepotes.]
681 3222 831 3258 Minores
859 3222 948 3260 alter
978 3223 1117 3261 Moreti
1144 3236 1210 3274 pro
1239 3228 1338 3264 varia

306 3272 478 3312 Restione.
497 3270 571 3309 vid.
590 3272 635 3310 ad
657 3272 738 3309 Val.
762 3272 856 3311 Flac.
879 3285 943 3311 111.
963 3285 1046 3330 455.
1073 3286 1165 3312 mox
1179 3303 1190 3321 ‚
1216 3286 1341 3327 tempo-

309 3337 350 3362 ra
364 3321 412 3373 fic
428 3321 547 3373 genti,
565 3321 653 3361 alter
671 3323 810 3362 Mazar.
824 3321 875 3372 fic
887 3337 1016 3373 generis
1035 3333 1119 3364 tres.

360 3377 422 3423 56³³
449 3375 555 3425 Grajo
566 3373 722 3423 sermone
741 3375 942 3426 notatum]
993 3375 1077 3416 Fuit
1096 3377 1243 3429 antiqua
1267 3378 1347 3428 plu-

1357 1390 1512 1429 cundum
1532 1392 1681 1440 mensem
1700 1391 1907 1429 nominavit
1919 1392 2079 1442 Aprilem
2092 1420 2103 1437 ,
2130 1404 2171 1431 ut
2188 1393 2334 1444 quidam
2343 1402 2411 1443 pu·

1358 1451 1461 1486 tant,
1491 1455 1569 1480 cum
1586 1442 1813 1492 aspiratione,
1841 1441 1939 1492 quali
1965 1443 2150 1493 Aphrilem
2168 1472 2178 1490 ,
2202 1443 2242 1481 ,ὰ
2258 1444 2410 1494 spumei,

1360 1505 1470 1543 quam
1487 1493 1612 1531 Graeci
1633 1493 1751 1541 ἀφρὸν
1772 1504 1900 1531 vocant
1914 1515 1932 1540 ·,
1960 1494 2051 1531 unde
2076 1504 2154 1532 orta
2175 1501 2284 1533 Venus
2304 1495 2414 1533 credi-

1360 1553 1441 1581 tur.-
1470 1556 1514 1585 ω’
1543 1544 1636 1582 hanc
1666 1544 1806 1583 Romuli
1825 1545 1928 1594 suiffe
1953 1544 2105 1596 afferunt
2129 1546 2302 1587 rationem
2323 1575 2334 1591 ‚
2369 1555 2412 1584 ut

1355 1594 1514 1644 primum
1535 1596 1676 1647 quidem
1695 1596 1843 1646 mensem
1871 1596 1897 1633 ὰ
1921 1605 2021 1646 patre
2037 1597 2105 1644 suo
2128 1602 2247 1635 Marte
2260 1623 2271 1641 ,
2289 1599 2413 1646 secun-

1360 1646 1446 1683 dum
1475 1646 1520 1684 ab
1546 1652 1679 1685 AEneae
1698 1657 1812 1685 matre
1833 1653 1955 1685 Venere
1980 1647 2200 1692 nominarem
2229 1658 2274 1688 (9¹
2293 1647 2332 1684 hi
2355 1657 2416 1697 po·

1359 1696 1525 1745 ttffimum
1544 1698 1633 1736 anni
1648 1698 1819 1749 principia
1831 1698 2020 1748 servarent
2034 1725 2046 1742 ,
2075 1698 2101 1735 ἀ
2119 1698 2245 1749 quibus
2266 1698 2339 1748 effe!
2349 1705 2417 1738 Ro-

1370 1749 1471 1786 mani
1489 1749 1639 1788 nominis
1657 1749 1757 1799 origo.
1785 1750 1964 1788 NEAPOL.
2020 1755 2187 1787 Vocatum
2212 1750 2359 1797 Junran.
2377 1750 2417 1789 &

1366 1798 1522 1839 Putean.
1538 1806 1666 1839 Graeco
1687 1800 1869 1839 nonnulli.

1419 1853 1478 1889 62.
1508 1858 1545 1889 A
1570 1852 1705 1901 spumis
1729 1851 1771 1899 est
1798 1856 1873 1889 Dea
1899 1851 1994 1890 dieta
2014 1850 2164 1902 maris.]
2219 1850 2351 1890 Allufit
2371 1851 2418 1890 ad

1367 1902 1522 1941 verbum
1545 1903 1671 1952 ἀφρὸς.
1696 1903 1796 1942 Vide
1809 1903 2172 1954 Fulgentiumlibar.
2201 1903 2420 1953 Mytholog,

1370 1954 1541 1992 CrorArx.

1423 2007 1484 2056 63.
1512 2010 1640 2045 Graeco
1659 2019 1733 2044 rem
1753 2005 1892 2044 nomine
1910 2004 2020 2056 dici.]
2056 2010 2166 2043 Grato
2186 2005 2324 2043 Mazar.
2343 2005 2421 2045 duo

1370 2056 1452 2102 alii,
1481 2058 1599 2106 Grajo.
1622 2058 1768 2096 rectius.
1805 2058 1900 2096 Puto
1927 2065 2056 2096 tamen
2077 2055 2332 2104 scribendum,
2355 2066 2423 2107 paq

1369 2107 1436 2145 trio
1454 2108 1604 2148 nomine.
1632 2108 1682 2147 fic
1703 2109 1841 2147 Seneca
1862 2109 1900 2146 in
1920 2108 2229 2158 Epigrammatis,

1421 2172 1558 2222 Corsica
1572 2203 1582 2217 .
1611 2175 1759 2213 Phoca'io
1789 2176 1891 2214 tellus
1908 2177 2073 2217 habitata
2096 2177 2207 2215 colono
2222 2206 2233 2223 ,

1476 2224 1612 2274 Corsica
1626 2254 1636 2271 ‚
1666 2240 1753 2276 quae
1770 2227 1887 2276 patrio
1907 2231 2044 2267 nomine
2065 2234 2205 2277 Cyrnus
2223 2241 2310 2267 eras.

1371 2289 1422 2327 ita
1439 2287 1695 2326 vetustissimus
1708 2288 1828 2327 codex
1843 2317 1852 2332 ,
1880 2302 1957 2329 non
1976 2291 2084 2341 Grajo
2095 2290 2243 2330 nomine.
2274 2291 2426 2331 Hfimsi

1424 2339 1483 2387 64.
1510 2339 1604 2376 Itala
1622 2339 1749 2390 nam]
1778 2340 1873 2386 Jam
1893 2341 1982 2380 duo.

1428 2392 1487 2438 64.
1516 2391 1662 2428 Graecia
1682 2392 1794 2440 major
1812 2391 1926 2442 erat.]
1984 2394 2103 2442 Legas
2131 2392 2292 2431 omnino
2315 2393 2427 2433 Isaaci

1381 2440 1587 2480 Casauboni
1620 2441 1871 2490 castigationes
1900 2443 1936 2481 in
1964 2444 2029 2482 lib.
2059 2456 2113 2482 vr.
2150 2444 2335 2483 Strabonis
2361 2445 2424 2484 sub

1380 2494 1528 2531 initium
1549 2521 1560 2537 ,
1599 2493 1638 2531 δί
1665 2493 1823 2542 Philippi
1856 2493 2021 2533 Cluverii
2053 2502 2163 2543 caput
2194 2495 2248 2533 16.
2280 2496 2341 2534 lib.
2370 2507 2425 2535 xv.

1382 2544 1509 2582 Italiae
1527 2544 1722 2594 antiquae;
1753 2545 1811 2582 cui
1832 2545 1993 2584 multum
2013 2545 2072 2584 illa
2091 2547 2129 2584 δε
2151 2546 2247 2584 orbis
2265 2545 2423 2584 debent:

1381 2595 1470 2632 hinc
1499 2593 1617 2643 (siluit
1644 2595 1737 2633 haec
1763 2597 1944 2645 uterque)
1972 2598 2009 2635 in
2039 2595 2168 2636 eadem
2196 2597 2330 2644 duplex
2358 2595 2428 2634 fuit

1383 2645 1526 2682 idioma
1540 2672 1551 2689 ‚
1579 2645 1616 2682 &
1629 2647 1786 2693 patrium
1800 2647 1837 2684 δε
1849 2648 2128 2688 Graecanicum.
2153 2646 2301 2684 Horatii
2312 2646 2431 2692 Sclro-¹

1384 2695 1497 2733 liastes
1516 2695 1562 2733 ad
1578 2695 1667 2734 illud
1695 2709 1710 2734 1
1731 2696 1803 2736 Sat.
1825 2710 1860 2736 X.
1883 2710 1940 2737 10.

1599 2759 1789 2810 'Canufim'
1807 2774 1899 2799 more
1914 2759 2077 2810 bilinguis
2088 2786 2100 2805 ,

1387 2820 1566 2869 Quoniam
1590 2849 1601 2866 ,
1638 2822 1758 2872 inquit
1779 2852 1790 2869 ,
1828 2825 1978 2875 utraque
1997 2823 2118 2874 linguei
2137 2823 2189 2873 ufi
2207 2824 2319 2874 sunt,
2339 2823 2436 2876 ficut·

1382 2880 1441 2921 per
1462 2871 1564 2910 illum
1589 2886 1725 2911 omnem
1754 2877 1907 2912 trafft'um
1937 2876 2082 2920 Italiae,
2110 2889 2211 2924 quem
2239 2877 2372 2925 magnai
2389 2890 2431 2915 ex

1390 2931 1491 2971 parte
1521 2924 1643 2961 Graeci
1669 2925 1884 2962 incoluerunt
1905 2953 1914 2970 ‚
1953 2939 1994 2962 ex
2022 2940 2086 2977 quo
2105 2940 2252 2975 magnae
2269 2927 2432 2966 Graeciae

1394 2986 1516 3010 nomen
1532 2974 1657 3021 accepit
1669 2990 1679 3010 :
1707 2975 1779 3012 ideo
1797 2988 1869 3024 ergo
1891 2977 2026 3014 Brittios
2038 3005 2047 3022 ‚
2062 2989 2104 3017 cy*
2124 2978 2430 3027 Graeciloquos,e9·

1394 3022 1559 3072 bilingues
1585 3025 1713 3061 dixere.
1753 3025 1812 3063 sed
1843 3026 1888 3064 de
1918 3028 1972 3065 his
2001 3028 2048 3066 ita
2074 3028 2225 3067 Festus:
2263 3029 2436 3079 Bilingues
2468 3057 2471 3060 -

1392 3079 1559 3112 Brutates
1580 3075 1712 3112 Ennius
1731 3076 1824 3114 dixit
1834 3092 1844 3120 ;
1875 3079 1967 3127 quod
1983 3078 2100 3117 Brutii
2117 3091 2161 3120 (5⁹
2184 3080 2434 3130 OsceeyGrae-

1394 3137 1428 3162 ce
1444 3124 1537 3176 loqui
1550 3126 1743 3174 solitistnt.
1770 3128 1947 3167 Neapor,

1443 3177 1503 3224 65.
1533 3182 1675 3214 Venerat
1698 3179 1904 3229 Evander.]
1941 3180 2001 3217 De
2021 3179 2185 3220 Evandri
2207 3182 2246 3220 δε
2267 3182 2443 3223 Ὲ-ΙετςιιῖῐεῖΔ

1394 3225 1556 3265 adventu
1582 3228 1618 3264 in
1642 3228 1783 3267 Italiam
1815 3242 1893 3268 non
1921 3230 2060 3270 iterabo
2088 3232 2176 3280 hic,
2203 3244 2299 3284 quae
2330 3242 2440 3279 notag

1396 3278 1518 3316 vimus
1537 3278 1573 3316 in
1596 3279 1730 3327 primo.
1759 3281 1936 3320 Nnaoor.

1392 3381 1424 3429 f
1447 3329 1508 3418 66s.
1535 3330 1667 3419 (grajus
1682 3341 1823 3382 uterque
1836 3331 1982 3385 genus.]
2010 3338 2158 3375 Graecus
2172 3347 2278 3376 unus.
2296 3345 2442 3384 uterque-

1417 3391 1470 3418 utt
1503 3392 1546 3420 ex
1577 3392 1684 3422 ecrm.

2286 3435 2347 3484 67,
2373 3436 2445 3480 Pag'
