2495 3675
389 151 949 216 EPISTOLARUM
986 153 1093 213 EX
1132 152 1412 223 PONTO.
1452 154 1572 213 Lm.
1610 159 1703 219 IV.
1741 159 1918 218 Emsr.
1959 163 2087 223 XV.

2190 165 2285 235 893

455 255 596 308 Tam
624 252 751 306 mihi
775 269 891 305 cara
920 248 1136 302 Tomis:
1177 248 1341 318 patria
1367 267 1501 321 quae
1527 250 1649 304 sede
1675 252 1867 324 fugatis

312 331 380 379 60

523 325 763 395 Tempus
789 325 851 376 ad
881 322 987 375 hoc
1014 320 1165 374 nobis
1189 321 1393 390 hospita
1416 322 1516 374 fida
1541 338 1732 377 manet.

453 397 529 452 Di
555 399 721 451 modo
745 393 1012 454 feciffent‚
1051 392 1285 464 placidae
1314 395 1454 463 spem
1482 395 1645 461 pollet
1671 396 1864 451 habere

527 470 701 530 PaeiS,
745 469 800 521 &
827 469 854 520 a
882 465 1061 536 gelido
1085 465 1293 534 longius
1319 483 1415 519 axe
1440 465 1598 523 foret.

165 607 241 646 Hic
261 619 412 657 quoque
443 606 755 655 Cosmographiae
783 603 995 652 imperitum
1024 602 1057 640 se
1080 603 1201 640 osten-

166 659 219 695 dit
247 660 389 697 Merula
411 687 421 703 ‚
468 659 530 707 qui
568 658 784 695 Sulmonem
816 655 994 702 oppidum
1027 652 1131 691 fuisse
1161 655 1199 691 δε

166 708 226 746 hic
250 711 287 746 ὅ(
315 710 375 747 lib.
395 722 448 747 ιν.
470 707 579 746 Trist.
601 709 661 744 ait.
692 707 860 743 Cxorlm.

223 770 278 805 50.
307 760 454 807 Potuit]
481 760 552 796 Pro
567 757 720 807 potuiffet
734 755 891 805 politum
906 755 1061 795 videtur.
1087 755 1200 793 C1or.

171 809 313 846 Mollior
337 810 422 846 duo.

218 872 277 908 53.
305 859 458 908 restria]
489 859 612 897 Geticis
632 869 723 896 unus
745 856 899 895 Heinfii.

219 919 275 958 55.
304 915 464 958 Tempora
476 910 621 959 sacrata⁴
637 922 712 946 mea
728 909 814 954 sunt
832 909 951 943 vetata
964 906 1086 943 corond
1099 935 1108 950 ‚
1129 914 1199 943 Pu-

165 958 270 996 blicus
291 961 405 996 invito
425 974 531 1009 quam
551 963 662 1007 favor
690 957 887 1007 imposuit.]
936 958 1048 994 Hunc
1069 958 1194 995 locum

164 1009 225 1048 lib.
244 1023 273 1050 1.
304 1011 466 1060 Eleg.v1.
489 1011 665 1048 Tristium
689 1009 944 1056 interpretatus
961 1007 1054 1046 sum.
1081 1008 1197 1046 Cror,

1256 604 1398 640 Vallata
1418 612 1488 642 tres
1508 605 1597 644 libri.
1627 617 1751 643 ornata
1776 607 1815 645 P.
1837 607 1934 645 Dan.
1957 618 2051 657 quae
2073 607 2203 645 eadem
2233 608 2285 646 cli-

1255 655 1400 692 verfitas
1422 667 1466 692 11.
1491 655 1578 693 Fast.
1603 669 1684 706 537.
1713 660 1750 694 ὅ(
1772 659 1868 696 alibi.

1308 718 1366 753 59.
1395 711 1482 741 Tam
1505 707 1593 743 mihi
1612 722 1692 744 cara
1715 714 1847 744 Tomux.
1866 708 1881 757 ]
1913 708 1985 746 Alii
2000 713 2149 751 ‚Tomos.
2167 707 2284 744 Com-

1254 755 1324 799 bii,
1354 756 1534 800 Farnefii,
1564 759 1791 802 Tw21·den1·i,
1820 761 1857 796 ὅτ
1879 770 1970 796 unus
1994 759 2206 800 Mediceus,
2229 763 2288 793 To-

1256 808 1333 844 mis.
1360 807 1469 843 redte.
1492 819 1677 846 monitum
1705 810 1813 847 Notis
1833 809 1941 848 Trist.
1960 821 2021 847 ω.
2049 809 2148 856 lzleg.
2170 820 2220 845 xx.
2243 810 2289 844 vl,

1259 868 1316 906 33.
1347 857 1488 894 Herus.
1517 864 1631 895 Grata
1652 869 1723 897 tres
1742 860 1832 897 librl.

1306 909 1365 945 61.
1395 908 1559 944 placidae
1571 911 1667 958 spem
1684 910 1811 959 P0ffi²·]
1844 910 2004 947 placidae
2020 910 2109 956 spem
2123 908 2217 957 pacis
2228 906 2289 955 ab7

1254 959 1343 996 unde
1364 959 1461 1008 poffet
1473 986 1483 1004 ,
1497 971 1540 1000 (9¹
1557 961 1662 1000 Leid.
1681 959 1720 997 ili
1740 974 1870 1011 quoque
1889 961 1928 999 P,
1942 961 2037 998 Dan.

788 1195 1376 1260 EPISTOLA
1467 1196 1620 1263 XV.

540 1347 1060 1430 SEXTO

1159 1348 1889 1429 POMPEIO.

455 1583 702 1720 Signis
737 1585 909 1639 adhue
935 1604 1155 1659 usquam
1181 1586 1340 1640 nostri
1365 1602 1472 1639 non
1499 1587 1781 1640 immemor
1806 1596 1980 1646 extat,

616 1657 835 1730 Quidve
864 1660 1123 1731 relegatus
1150 1661 1318 1720 Nalo,
1358 1659 1607 1730 requirit,
1648 1674 1829 1729 agam;

455 1730 763 1783 Caesaribus
789 1731 948 1785 vitam
967 1772 979 1793 ‚
1022 1732 1186 1785 Sexto
1216 1731 1412 1784 debere
1441 1732 1655 1784 salutem

528 1801 626 1855 Me
657 1801 796 1855 sciat.
823 1805 849 1856 a
876 1803 1085 1873 Superis
1115 1805 1199 1857 hie
1229 1804 1356 1857 mihi
1384 1804 1583 1873 primus
1612 1802 1731 1857 erit.

315 1891 344 1941 5
451 1874 726 1943 Tempora
755 1892 872 1926 nam
900 1876 1116 1928 miserae
1141 1875 1463 1945 compleftar
1487 1887 1546 1928 ut
1575 1876 1751 1928 omnia
1782 1874 1950 1936 vitae,

526 1952 571 1997 A
597 1945 797 1997 meritis
823 1945 930 2015 ejus
957 1965 1070 2016 pars
1103 1947 1230 1999 mihi
1258 1947 1394 1999 nulla
1422 1959 1586 2000 vacat.

451 2018 605 2090 Quae
636 2034 860 2070 numero
890 2032 970 2071 tot
999 2019 1144 2080 sunt,
1186 2031 1319 2086 quot
1343 2018 1396 2070 in
1435 2016 1595 2070 horto
1620 2017 1803 2070 fertilis
1828 2019 1937 2073 arvi

530 2090 728 2142 Punica
753 2090 842 2141 sub
872 2090 1018 2143 lento
1045 2090 1247 2143 cortice
1278 2107 1434 2159 grana
1459 2089 1663 2143 rubent.

451 2163 636 2216 Africa
660 2174 793 2233 quot
822 2161 1051 2232 segetes»,
1092 2175 1224 2233 quot
1249 2162 1465 2215 Tmolia
1493 2175 1629 2215 terra
1656 2177 1920 2225 racem03‚

313 2253 376 2288 10

524 2235 676 2305 Quot
705 2234 899 2304 bicyon
928 2234 1137 2298 baccaS,
1175 2248 1308 2306 quot
1336 2234 1468 2304 parit
1495 2233 1673 2305 Hybla
1700 2232 1860 2288 favos.

451 2305 751 2362 Confiteor.
783 2305 971 2359 testere
1003 2308 1143 2360 licet.
1187 2308 1382 2376 lignate
1411 2306 1665 2377 Quirites,

526 2378 614 2430 Nil
642 2393 774 2446 opus
800 2378 876 2429 est
901 2380 1078 2449 legum
1106 2379 1334 2433 viribus:
1375 2380 1481 2450 ipse
1513 2379 1720 2450 loquor.

450 2449 590 2503 Inter
618 2464 744 2518 opes
771 2448 825 2500 &
851 2467 966 2511 me,
1005 2469 1118 2505 rem
1144 2469 1386 2521 parvam,
1427 2467 1564 2521 pone
1590 2465 1843 2521 paternas,

523 2520 649 2575 Pars
675 2537 779 2592 ego
811 2521 903 2576 fim
928 2524 1113 2578 census
1138 2526 1624 2597 quantulacumque
1652 2524 1745 2578 tui.

214 2798 248 2823 2.
270 2786 434 2835 Requirat
455 2783 573 2834 agn]
623 2784 781 2833 nequiret
804 2784 872 2822 alii.
902 2785 1029 2833 Lege,
1054 2785 1198 2835 requirit

163 2848 206 2874 ex
226 2837 379 2874 duobus.
406 2837 587 2884 superiora
605 2835 642 2872 id
665 2836 828 2883 exigunt.
856 2837 1003 2873 Hnms.

213 2915 250 2960 Ι6,
279 2910 401 2959 Essa]
442 2911 549 2948 Adde
581 2911 679 2947 hunc
705 2910 832 2947 locum
864 2912 999 2949 notatis
1033 2912 1077 2950 ad
1106 2926 1196 2952 vm.

162 2963 260 3000 Met.
288 2963 341 2998 16.
369 2961 470 3010 hujus
492 2970 567 2998 erat
585 2961 622 2997 in
643 2961 699 2997 sex
719 2960 866 3009 scriptis.

213 3023 249 3062 8.
275 3023 342 3060 Sub
374 3022 500 3071 lenm]
557 3021 623 3059 Sub
658 3021 737 3058 lem
768 3021 867 3059 ssafil.
898 3023 935 3060 ὃς
968 3024 1041 3061 hoc
1073 3024 1203 3072 probat

161 3071 282 3110 Barth.
302 3074 452 3111 Advers.
474 3085 623 3110 xxxvii.
643 3082 699 3110 10.
724 3084 823 3118 poma
846 3074 996 3111 Putean.
1017 3075 1128 3111 latent
1143 3075 1201 3113 sex

162 3123 253 3161 libri.
273 3123 343 3159 vid<
365 3124 411 3162 ad
432 3136 465 3161 x.
488 3126 580 3161 Met.
602 3126 685 3172 73⁶·
715 3126 749 3159 ἀ
773 3135 824 3161 xv.
848 3124 936 3161 Fast.
956 3125 1044 3162 608.

217 3200 252 3234 9.
281 3188 375 3234 Qot
405 3190 536 3225 Tmolia
564 3200 660 3226 terra
693 3189 882 3239 racemos]
941 3190 981 3227 In
1005 3193 1204 3229 manuscri-

166 3239 254 3289 ptis,
283 3234 411 3324 Gncffa
441 3247 530 3324 τεὲινῗ
553 3268 564 3285 ,
600 3242 720 3290 priore
741 3241 902 3280 lectione
931 3242 1050 3290 Lydia
1074 3244 1201 3291 regio,

374 3299 441 3325 om.
524 3316 533 3326 .

2114 2648 2292 2722 Quam

1254 2787 1363 2825 altera
1386 2787 1494 2824 Creta
1514 2786 1622 2824 insula
1637 2814 1647 2830 ,
1675 2788 1888 2836 intelligitur
1910 2814 1920 2831 ,
1947 2794 2100 2835 utraque
2121 2796 2213 2824 terra
2235 2790 2290 2826 vi-

1254 2839 1290 2875 ni
1304 2838 1436 2885 optimi
1457 2838 1681 2875 feraciffima.
1701 2838 2014 2875 Videnturtamen
2032 2839 2152 2874 vincta
2166 2838 2293 2876 Tmo-

1254 2889 1277 2925 li
1308 2890 1443 2925 montis
1476 2889 1674 2925 Cnoffiacis
1706 2888 1775 2926 elle
1798 2890 1910 2937 magis
1931 2889 2091 2927 celebria.
2124 2888 2290 2928 Finaxc.

1256 2936 1380 2981 Θησῆα
1401 2939 1505 2975 multi
1537 2948 1689 2976 veteres.
1725 2939 1783 2976 sed
1816 2941 1948 2976 frullra.
1977 2940 2060 2975 hinc
2083 2939 2203 2974 vineta
2236 2941 2293 2975 Ti-

1257 2989 1340 3025 moli
1361 2990 1514 3026 Metam.
1540 3002 1592 3026 vt.
1615 2992 1650 3026 ὅ(
1674 3001 1727 3025 xt.
1747 2991 1892 3026 Hfims.
1929 2989 2052 3038 Gnosta
2076 2991 2183 3026 etiam
2208 2989 2291 3026 Bar-

1257 3041 1353 3076 thius
1374 3040 1538 3082 invenit,
1567 3041 1603 3076 &
1634 3039 1759 3077 Hems.
1782 3041 1817 3076 in
1843 3040 2054 3086 quindecim
2075 3039 2181 3076 libris.
2209 3048 2289 3086 quot

1261 3089 1395 3128 Tmolia
1418 3103 1500 3126 rura
1521 3090 1557 3126 P.
1582 3090 1675 3127 Dan.
1698 3091 1788 3138 quod
1808 3090 1908 3126 habet
1934 3090 2140 3138 Methymna
2164 3089 2291 3125 More·

1260 3143 1312 3183 ti;
1336 3143 1436 3189 quod
1471 3142 1666 3188 repetitum
1691 3153 1735 3178 ex
1757 3141 1817 3178 lib.
1842 3142 1961 3179 1.Art.
1993 3154 2051 3189 ςς.
2078 3150 2190 3181 mox,
2209 3146 2289 3184 quot

1259 3192 1344 3239 gerit
1370 3189 1480 3238 Hybla
1512 3192 1582 3228 Ms.
1602 3191 1822 3229 ssersmanni.

1320 3253 1375 3281 12.
1402 3241 1569 3289 Loquor]
1602 3247 1739 3292 Loquar
1756 3243 1894 3282 Moreti
1915 3243 1951 3280 &
1969 3243 2004 3281 P.
2026 3241 2120 3277 Dan.

1436 3292 1608 3330 Xxxxx
2074 3299 2132 3336 15.
2163 3294 2295 3335 Regna-
