2495 3675
241 164 338 228 575
695 156 756 213 P.
831 151 1243 213 0V1D11

543 253 692 312 Dum
716 258 893 322 licuit,
933 273 1022 312 tua
1053 257 1203 328 saepe
1229 251 1386 313 mihi,
1426 249 1522 332 tibi
1551 249 1725 304 nostra
1747 251 2016 323 legebam:

613 330 783 403 Saepe
811 333 887 386 tui
911 331 1109 401 judex3
1152 329 1301 395 saepe
1330 323 1573 394 magister
1602 340 1773 404 eram.-

398 417 467 468 25
543 402 658 457 Aut
691 421 794 475 ego
820 403 1131 474 praebebam
1158 398 1305 452 fac‘iis
1329 398 1497 450 modo
1525 396 1754 450 verhbus
1775 413 1956 458 aures,

600 478 733 529 ¹Aut
760 476 849 530 ubi
876 473 1124 536 ceffaraS,
1161 468 1329 524 caufla
1356 468 1564 523 ruboris
1589 486 1764 550 eram3

548 547 783 602 Forsitan
812 547 1088 616 exempl0‚
1127 545 1249 616 quia
1275 560 1361 596 me
1389 542 1581 595 laesere
1608 541 1796 605 libelli,

620 621 711 674 Tu
738 635 955 691 quoque
985 617 1043 672 sis
1074 632 1280 688 poenae
1304 613 1409 669 fata
1437 615 1610 668 secuta
1637 631 1810 696 meae.-

548 692 697 745 Pone
719 730 732 753 ,
763 691 980 754 Pei-illa,
1021 704 1241 744 metum.
1280 687 1662 741 tantummodo
1687 687 1880 743 femina
1906 704 2014 744 non
2041 689 2101 743 sit

624 764 822 824 Devia‚
860 781 961 817 nee
987 763 1193 834 scriptis
1219 759 1379 814 discat
1406 777 1581 813 amare
1609 761 1732 814 tuis.

547 836 697 906 Ergo
725 835 955 890 desidiae
980 852 1226 897 remove,
1249 832 1585 896 'dostiffima‚
1623 832 1841 913 caussas:

621 912 788 981 Inque
814 910 974 964 bonas
1001 923 1137 963 artes
1163 910 1217 962 &
1243 920 1332 961 tua
1356 905 1497 961 sacra
1523 905 1655 961 redi.

407 784 473 831 30

258 1172 547 1261 {uerihinertiae
569 1173 627 1212 vel
642 1183 701 1224 per
720 1185 787 1224 pro
809 1176 925 1214 inter.
952 1182 993 1214 ut
1012 1174 1105 1225 supr.
1126 1172 1228 1224 Eleg.
1245 1186 1308 1213 111.

290 1236 322 1271 4.
388 1237 487 1262 unm.

312 1297 373 1334 23.
402 1293 498 1324 Dum
529 1288 629 1325 licuit
651 1317 661 1333 ‚
700 1299 763 1326 tua
790 1290 889 1339 saepe
912 1289 1038 1339 mihi.]
1094 1289 1215 1333 Puto;
1245 1299 1308 1327 tua

252 1337 351 1386 saepe
371 1338 445 1376 tibi.
473 1351 558 1377 nam
579 1339 624 1377 de
644 1342 818 1378 recitante
848 1341 972 1378 Perilla
1002 1342 1177 1388 proximo
1197 1341 1308 1378 hexa-

264 1396 384 1425 metro
406 1390 524 1427 habes.
555 1403 644 1427 mox
677 1392 811 1434 etiam,
839 1397 937 1440 Saepe
970 1392 1037 1427 tuis
1058 1391 1166 1438 judex
1186 1419 1197 1437 ‚
1234 1392 1309 1430 hoc

263 1437 312 1475 est
337 1440 515 1485 verfibus,
544 1441 679 1489 opinor
700 1442 943 1480 scribendum.
972 1442 1114 1479 Heius.

312 1506 372 1543 26.
400 1511 479 1543 Aut
501 1507 561 1544 ubi
580 1508 760 1556 ceffaras]
798 1509 942 1546 Merula
962 1508 1137 1556 exponit,
1166 1507 1310 1564 destite-

263 1567 317 1594 ras
338 1568 356 1593 a
376 1558 565 1596 recitando
580 1586 590 1602 ,
620 1558 846 1607 deprehenso
866 1571 884 1596 a
906 1571 966 1596 me
987 1560 1110 1607 aliquo
1129 1570 1250 1596 errore
1273 1570 1310 1595 in

262 1608 437 1645 carmine.
464 1608 624 1647 sedtunc
641 1610 770 1647 rectius
789 1610 1163 1658 legeretur‚peccaras.
1193 1609 1313 1646 Hein-

261 1656 330 1695 fius
353 1658 578 1706 adscripserat
597 1660 661 1697 suo
684 1661 828 1704 codici,
858 1673 924 1696 non
947 1660 1111 1708 intelligo.
1133 1659 1192 1715 sed
1217 1667 1307 1715 puto

263 1708 362 1745 reete
386 1709 418 1746 se
438 1710 569 1747 habere
588 1711 769 1759 vulgatam
790 1739 800 1753 ‚
827 1712 863 1748 ὅ(
887 1713 1002 1758 ceffare
1021 1712 1080 1747 hic
1101 1710 1190 1747 nihil
1211 1710 1308 1765 aliud

262 1768 393 1796 notare
407 1788 416 1803 ‚
431 1772 540 1808 quam
566 1763 720 1798 inertem
736 1759 805 1798 esse
819 1789 829 1804 ‚
858 1761 947 1798 nihil
969 1763 1100 1798 facere.
1127 1760 1152 1816 ii
1173 1758 1310 1816 fecisset

262 1809 382 1846 versus
406 1811 528 1848 Perilla
543 1840 553 1855 ,
568 1811 665 1849 Naso
686 1812 875 1860 praebebat
889 1823 989 1848 aures
1004 1840 1013 1855 ‚
1029 1812 1052 1848 fi
1066 1823 1127 1858 per
1140 1820 1307 1867 inertiam

264 1860 353 1896 nihil
369 1860 525 1906 fecisset,
546 1864 752 1911 increpabat
774 1863 850 1911 ejus
862 1861 1035 1899 desidiam
1061 1862 1182 1905 Naso,
1201 1862 1238 1898 &
1260 1871 1310 1899 1ta

263 1909 378 1947 cautla
393 1912 540 1958 pudoris
554 1913 616 1960 ipsi
629 1923 715 1951 erat.
728 1914 842 1961 reflare
852 1913 1001 1962 quidem
1014 1921 1119 1950 notat
1132 1912 1234 1960 saepe
1245 1924 1310 1949 ne-

263 1960 442 2009 gligenter
462 1963 597 2012 aliquid
618 1976 745 2011 agere,
766 1974 805 2001 ut
825 1965 1036 2001 notavimus
1050 1963 1094 1999 ad
1114 1961 1263 2000 Phaedr.
1283 1974 1311 2000 1.

265 2023 301 2059 9.
331 2011 389 2048 sed
411 2015 446 2049 ὅ(
471 2025 535 2059 pro
556 2015 646 2052 nihil
667 2027 772 2064 agere
795 2015 887 2053 sumi
919 2013 1154 2052 manifestum
1180 2013 1241 2052 est.
1263 2012 1311 2051 fic

267 2062 332 2099 inf.
355 2074 407 2099 ιν.
433 2064 543 2102 Trist.
567 2077 638 2102 vix.
663 2079 692 2112 ς.

317 2132 392 2164 Cur
411 2138 474 2166 tua
496 2130 635 2180 cefflzvit
648 2132 759 2181 pietas
772 2160 781 2175 ,
801 2131 1032 2181 scribentibus
1052 2131 1136 2170 illis.

267 2203 331 2230 cur
351 2201 392 2230 tu
413 2205 489 2232 non
510 2195 682 2245 scripsisti.
712 2197 758 2234 sic
781 2197 911 2234 Cicero
933 2210 964 2234 11
1009 2196 1053 2233 de
1073 2197 1179 2234 Orat.
1196 2196 1230 2233 6.
1253 2201 1314 2233 Me

267 2241 329 2279 hoc
357 2243 465 2292 ipsum
487 2246 576 2282 nihil
596 2262 690 2296 agere
710 2259 752 2287 ω’
775 2247 877 2297 plane
897 2249 1015 2296 ceffare
1037 2248 1192 2284 delefflat.
1214 2248 1313 2285 11.ad

270 2293 334 2330 At.
355 2296 390 2331 6.
419 2297 455 2331 ὅ(
489 2299 595 2344 944οά
617 2310 716 2348 caput
734 2298 798 2346 est,
830 2298 917 2334 mihi
945 2299 1088 2345 quaevis
1113 2301 1201 2343 satis
1216 2298 1311 2346 jussa

269 2341 381 2391 cauffa
401 2345 545 2394 cessandi
567 2349 620 2395 est.
650 2354 685 2386 δε
719 2349 784 2397 Ep.
816 2360 847 2394 7.
899 2350 1054 2396 Denique
1085 2349 1222 2398 aliquid
1250 2363 1311 2385 ex-

260 2393 383 2441 stabit,
412 2409 453 2432 ne
470 2397 535 2434 tibi
549 2400 653 2447 plane
674 2401 793 2448 ceffizffe
814 2400 1011 2436 videamur.
1025 2400 1063 2436 &
1084 2400 1131 2436 ita
1154 2400 1310 2448 eleganti

269 2447 487 2494 metaphora
505 2451 577 2496 agri
601 2450 716 2499 ceffizre
736 2452 928 2494 dicuntur,
957 2462 1041 2487 cum
1072 2450 1162 2487 nihil
1189 2451 1311 2498 profe-

270 2505 375 2540 runt,
405 2508 474 2535 nec
497 2510 724 2538 exercentur.
754 2509 799 2539 ut⁴
816 2502 896 2538 infr.
922 2500 1022 2549 Eleg.
1044 2512 1078 2538 x.
1097 2512 1157 2548 70.

319 2563 429 2610 Ceſj‘at
446 2563 537 2601 iners
558 2565 667 2613 rigido
687 2575 780 2602 terra
803 2565 921 2602 relicla
933 2565 1017 2615 fita.

271 2619 309 2656 δε
341 2622 458 2669 cessata
488 2637 580 2673 arpa
613 2639 663 2664 ιν.
697 2627 784 2664 Fast.
812 2628 873 2675 67.
919 2629 956 2666 ὅ(
985 2629 1030 2667 de
1063 2630 1136 2678 ipsa
1164 2630 1311 2669 Cerere.

271 2681 335 2707 111.
354 2673 440 2711 Am.
465 2687 521 2712 ιο.
544 2688 602 2725 35.

322 2735 421 2771 Diva
435 2764 444 2779 ‚
470 2746 586 2784 potens
596 2741 744 2789 frugum
758 2769 768 2785 ,
789 2739 895 2790 silvis
913 2741 1055 2791 ceffabat
1075 2742 1114 2779 in
1131 2743 1226 2782 altis.

271 2794 332 2831 ubi
348 2797 417 2833 vid.
433 2799 556 2838 Heins.
570 2801 617 2839 sic
635 2804 672 2839 ὅ(
694 2804 731 2841 in
742 2815 779 2841 re
791 2804 937 2843 militari
957 2807 1072 2855 cessare
1083 2806 1130 2844 est
1145 2807 1311 2855 ,sedere‚

273 2846 361 2882 nihil
379 2859 495 2895 agere.
514 2860 550 2888 ut
574 2854 823 2892 11.Am.x1v.
845 2868 870 2892 1.
1087 2868 1095 2874 ·

304 2951 306 2953 ,
325 2913 425 2958 Qud
439 2915 549 2960 juvat
567 2916 738 2953 immunes
757 2918 836 2955 belli
857 2920 972 2968 ceffizre
989 2921 1133 2969 puellas.

274 2975 530 3030 itaAcessatorem
545 3008 554 3024 ‚
573 2984 635 3029 qui
657 2984 747 3019 nihil
765 2986 872 3021 habet
893 2987 992 3033 quod
1009 2996 1110 3034 agat,
1139 2999 1184 3025 ex
1206 2989 1310 3027 Glos-

272 3025 368 3062 sanis
397 3030 569 3075 explicuit
599 3032 741 3069 oalinas.
766 3035 808 3070 ad
832 3036 947 3081 Capit.
965 3037 1103 3074 Verum
1128 3041 1258 3087 capite.
1276 3053 1310 3086 4.

273 3076 334 3114 sed
356 3080 486 3115 modus
508 3083 762 3128 exemplorum
785 3096 859 3120 non
883 3084 981 3123 ell'et.
1010 3088 1062 3123 Ex
1083 3089 1156 3126 hoc
1167 3103 1242 3128 non
1255 3093 1309 3128 in-

275 3127 423 3164 tellecto
453 3130 514 3166 usu
547 3134 643 3168 verbi
670 3134 819 3180 quidam
851 3147 916 3181 pro
948 3139 1056 3183 cauffa
1078 3139 1209 3177 ruboris
1236 3141 1312 3179 sine

273 3177 344 3231 ulla
374 3178 590 3217 auctoritate
627 3182 801 3221 librorum
840 3186 1036 3232 legendum
1068 3191 1311 3236 conjiciebat,

272 3229 405 3265 timoris
418 3256 428 3273 ,
442 3241 487 3266 ne
506 3231 638 3268 scilicet
657 3236 782 3270 omnia
806 3246 881 3271 non
907 3237 1095 3283 probarem
1115 3266 1124 3281 ‚
1138 3251 1198 3278 aut
1218 3243 1313 3280 mul—

268 3285 305 3316 ta
319 3278 585 3330 dispungerem.
611 3282 732 3322 immo
743 3284 1060 3335 desidiae,utmox
1073 3299 1204 3337 vocat,
1230 3292 1313 3333 suae

1343 133 1876 207 NASONIS

2309 1036 2398 1098 Ista

1360 1171 1518 1222 pudebat
1539 1169 1708 1210 Perillam
1731 1197 1742 1214 ,
1780 1181 1858 1209 non
1888 1170 2072 1210 malorum
2104 1171 2272 1213 versuum
2296 1203 2307 1221 ‚
2342 1178 2404 1228 qui

1359 1223 1420 1261 ubi
1444 1223 1530 1261 faeti
1552 1231 1654 1260 erant
1675 1250 1685 1267 ‚
1717 1221 1847 1272 judice
1870 1222 2019 1260 Nasone
2038 1250 2049 1267 ,
2086 1222 2164 1262 satis
2188 1225 2277 1264 boni
2295 1238 2412 1270 erant.·
2482 1238 2483 1263 1

1354 1273 1495 1324 pudoris
1517 1281 1588 1311 tres
1609 1273 1701 1311 libri.
1729 1273 1862 1310 Bunm.
2390 1286 2395 1291 ·

1415 1347 1475 1383 27.
1504 1338 1601 1385 ‚Qu
1623 1351 1676 1374 me
1705 1337 1827 1387 laesere
1847 1336 1994 1388 libella]
2050 1339 2206 1386 Malim,
2233 1356 2319 1392 quo:
2347 1335 2413 1390 vei·

1364 1389 1543 1437 extemplo.
1574 1388 1719 1426 Hnms.
2491 1409 2495 1420 .

1414 1449 1474 1486 28.
1501 1455 1553 1486 Tu
1573 1463 1702 1500 quoque
1714 1449 1761 1500 fis
1789 1460 1913 1499 poenae
1929 1453 2032 1499 fabia
2063 1454 2167 1492 ruina
2187 1457 2318 1508 meacm]
2364 1459 2408 1502 Ϊιιῖ
2475 1446 2495 1469 ‘s

1363 1498 1528 1538 Palatino
1552 1501 1735 1549 legebatur
1750 1504 2006 1551 ,poenaefaffia
2018 1506 2151 1552 secuta.
2188 1509 2225 1545 in
2239 1503 2417 1558 aliis,fa-‘
2484 1531 2495 1543 r*

1367 1560 1406 1586 ta
1423 1551 1556 1598 secuta.
1593 1552 1680 1589 Hoc
1710 1551 1784 1589 fine
1819 1553 1933 1591 dubio
1957 1555 2047 1592 vult.
2076 1555 2238 1596 Forsitan
2259 1567 2296 1597 te
2317 1562 2419 1610 quo*
2484 1567 2489 1572 ”

1367 1612 1440 1649 que
1470 1613 1612 1649 poenae
1656 1615 1762 1641 meae
1792 1604 2009 1653 exemplum
2045 1617 2064 1643 a
2102 1608 2206 1654 poefi
2245 1609 2417 1653 deterret.

1370 1655 1496 1700 Quem
1529 1652 1668 1690 sensum
1698 1665 1782 1702 prae
1826 1656 1974 1693 caeteris
2013 1658 2220 1705 exprimere
2246 1661 2410 1714 videtur,

1364 1703 1466 1751 quod
1487 1704 1734 1753 expreffimus.
1763 1705 1813 1742 D.
1830 1705 1978 1743 Heius.
2018 1709 2124 1744 Facta
2144 1710 2262 1761 secuta
2281 1711 2339 1750 sex
2358 1712 2422 1761 se-I*v

1365 1762 1516 1800 ptemve
1530 1767 1576 1791 ex
1591 1755 1813 1793 melioribus.
1841 1755 1940 1801 duo,
1954 1758 2039 1803 fata
2054 1760 2182 1805 secuta.
2204 1761 2323 1800 codex
2334 1763 2422 1802 Ser-·

1367 1805 1440 1847 vii,
1464 1815 1544 1853 pars
1573 1804 1660 1841 bona
1682 1808 1798 1851 faeta,
1844 1807 2014 1847 Muretus
2048 1810 2294 1859 conjiciebat,
2311 1815 2410 1861 fam

1366 1856 1511 1903 remiffiz.
1531 1867 1618 1893 nam
1641 1856 1829 1905 sequitur,
2406 1873 2411 1879 '

1420 1935 1506 1980 Ergo
1523 1930 1668 1980 defidiae
1687 1946 1822 1971 remove
1839 1934 2030 1984 dotft'iffima
2050 1939 2181 1987 causas.

1367 1994 1470 2042 quod
1493 1995 1624 2043 probo.
1662 2005 1772 2045 atque
1803 1996 1851 2035 ita
1887 1998 2132 2050 Tanaquillus
2166 2002 2279 2042 Faber
2307 2003 2367 2045 lib.
2381 2017 2411 2045 1.

1367 2044 1478 2091 Epist.
1499 2046 1558 2093 38.
1586 2046 1733 2083 Hsms.
1779 2048 1958 2097 Scripfiffe
1975 2060 2066 2099 puto
2087 2053 2123 2089 in
2146 2054 2267 2102 primo
2287 2055 2412 2101 versu,
2486 2059 2487 2062 ’

1361 2095 1486 2143 forsan
1505 2096 1549 2132 ab
1568 2097 1740 2147 exempla,
1768 2097 1902 2138 deinde
1915 2128 1926 2146 ,
1946 2112 1985 2138 tu
2005 2116 2137 2152 quoque
2149 2103 2197 2152 sis
2215 2113 2342 2153 poenae
2353 2108 2416 2153 sa·
2441 2112 2445 2117 '

1371 2147 1426 2182 Ha
1446 2148 1582 2196 remissa
1599 2159 1694 2184 metu
1708 2175 1717 2190 ‚
1745 2149 1843 2187 unde
1866 2150 2026 2199 sequitur
2044 2165 2134 2190 mox
2149 2181 2158 2197 ‚
2183 2163 2266 2202 pone
2285 2156 2421 2194 Perilla
2486 2180 2495 2191 „

1372 2207 1516 2233 metum.
1534 2198 1676 2235 Aucstor
1691 2199 1902 2237 erectorum
1915 2202 2025 2239 Eton.
2039 2203 2127 2251 legit
2139 2231 2150 2248 ,
2161 2206 2263 2250 fabia
2282 2207 2414 2252 severa.

1369 2247 1407 2285 id
1427 2247 1476 2285 est
1500 2260 1519 2285 a
1541 2248 1616 2286 lusu
1637 2249 1852 2299 deliciisque
1872 2253 2028 2299 poeticis
2047 2254 2175 2291 aliena.
2211 2254 2343 2295 Buam.
2401 2257 2414 2290 ’.

1423 2321 1481 2358 30.
1511 2311 1673 2348 Foemina
1695 2312 1794 2348 nulla
1826 2318 1925 2350 Neve
1954 2314 2015 2351 vir
2038 2314 2063 2350 ὰ
2086 2317 2262 2368 scriptis.]
2316 2321 2429 2370 Qui..
2483 2352 2485 2354 .

1366 2359 1449 2398 dam
1466 2389 1476 2405 ,
1495 2362 1654 2408 foemina
1678 2361 1803 2412 nonsit
1832 2365 1951 2401 Devia
1971 2378 2039 2402 nec.
2068 2368 2170 2414 quod
2203 2368 2342 2409 secutus
2362 2371 2410 2412 est

1367 2412 1623 2450 eruditissimus
1642 2413 1858 2451 Gronovius
1890 2415 2081 2453 Observat.
2113 2418 2172 2455 lib.
2202 2431 2246 2457 11.
2277 2433 2352 2470 cap.
2375 2435 2410 2472 3.
2492 2455 2495 2460 .

1366 2462 1470 2499 devia
1491 2463 1572 2499 reffli
1598 2467 1731 2511 pee‘tora
1762 2464 1866 2501 Silius
1889 2465 1935 2502 de
1968 2466 2136 2505 Varrone
2163 2470 2321 2509 consule.
2347 2473 2407 2514 alii
2450 2478 2454 2482 “
2492 2469 2495 2479 “

1366 2512 1506 2562 scripti,
1526 2515 1684 2560 foemina
1714 2514 1813 2551 nulla
1835 2515 1953 2552 Devia
1973 2530 2014 2553 ne
2033 2546 2042 2560 ‚
2083 2518 2171 2563 vel,
2200 2521 2241 2557 de
2263 2523 2406 2572 scriptis.

1367 2564 1467 2608 duo,
1497 2571 1567 2600 Nec
1582 2564 1726 2612 juvenis
1759 2566 1900 2614 scriptis.
1932 2568 2075 2606 HEms.
2130 2570 2244 2609 Vides
2271 2584 2404 2622 quanta

1367 2615 1598 2652 festinatione
1621 2616 1860 2653 Gronoviurn
1889 2618 2059 2656 Heinsius
2082 2619 2231 2668 legerit,
2259 2625 2344 2672 qui,
2364 2637 2423 2663 ne,

1362 2662 1407 2712 fit
1429 2665 1556 2708 devia,
1585 2677 1650 2701 neu
1663 2667 1815 2715 scriptis.
1844 2669 2015 2706 neutrobi
2041 2682 2128 2707 vero
2150 2671 2228 2710 satis
2253 2674 2342 2712 mihi
2353 2675 2406 2713 fa-

1369 2714 1467 2751 Ctum
1493 2716 1563 2758 est,
1592 2717 1650 2753 cui
1675 2717 1824 2763 quidem
1849 2720 2060 2765 &faemina
2082 2721 2119 2757 ὃ(
2141 2723 2199 2757 vir
2222 2725 2405 2765 certasunt

1366 2764 1592 2812 glossemata.
1615 2766 1807 2805 sicscilicet
1825 2769 1942 2807 sentio
1957 2797 1967 2812 ,
1995 2771 2061 2818 qui
2079 2770 2157 2808 fieri
2178 2776 2298 2820 potuit
2315 2775 2406 2822 utliff

1368 2815 1435 2853 bris
1457 2816 1618 2865 ejectum
1639 2819 1746 2855 suerit
1766 2820 1896 2856 Devia.
1926 2820 2023 2868 Ergo
2044 2823 2268 2871 corrigebam
2283 2853 2296 2872 ,

1597 2881 1842 2917 tantummodo
1862 2881 1965 2918 devia
1988 2896 2122 2934 nequa,

1420 2933 1518 2965 Neve
1537 2930 1612 2979 quis
1631 2943 1646 2965 e
1666 2931 1811 2979 scriptis.

1366 3001 1407 3030 ut
1429 2995 1632 3031 aemulatus
1655 2996 1782 3039 fuerit,
1814 2996 1902 3036 dum
1926 3001 2076 3038 Perillae
2100 3013 2240 3051 cavet,.
2256 2994 2408 3048 nefiau⁴

1366 3044 1402 3080 di
1426 3043 1465 3080 fit
1487 3045 1634 3092 alicujus
1653 3047 1752 3093 quari
1773 3048 1860 3096 legis
1881 3051 2063 3098 ignoratio
2077 3079 2087 3095 ‚
2111 3058 2202 3099 juris
2226 3057 2407 3097 consulto-

1366 3105 1447 3131 rum
1481 3106 1556 3130 non
1593 3097 1694 3133 nullo
1728 3110 1811 3135 cum
1844 3100 1931 3143 joco
1959 3101 2214 3150 diligentiam:
2262 3109 2406 3148 illorum

1369 3146 1466 3181 enim
1484 3144 1775 3185 illiusmodisunt
1790 3149 1969 3188 formulae
1992 3165 2023 3188 si
2049 3166 2160 3200 qvis,
2191 3171 2275 3195 sive
2295 3172 2408 3206 Q'AE,

1372 3208 1405 3232 ει
1435 3207 1531 3240 qvos
1571 3209 1731 3239 Q'Asx‘E.
1771 3199 1942 3238 Avcuaet
1976 3201 2183 3243 Emeruit.
2206 3209 2434 3255 morinum,

1369 3245 1479 3283 Certe
1503 3257 1547 3282 ex
1570 3246 1709 3283 Heinsii
1735 3250 1963 3288 correctione
1997 3256 2225 3303 sequeretur,
2253 3260 2348 3309 quali
2367 3261 2406 3298 in

1368 3307 1482 3335 manu
1506 3296 1655 3336 Perillae
1675 3294 1783 3344 esset,
1811 3311 1858 3339 ne
1880 3306 2090 3343 meretrices
2112 3306 2245 3356 essent,
2274 3319 2334 3349 aut
2353 3322 2410 3347 ar-

2332 3369 2407 3399 tem
