2495 3675
233 165 329 226 136

687 158 748 216 P.
822 153 1237 215 OVIDII
1309 152 1843 214 NASONIS

519 273 668 330 Dum
697 274 837 331 ficco
861 275 1054 348 primas
1077 272 1248 327 irritat
1276 269 1479 324 cortice
1503 268 1771 333 flammam

379 348 484 420 650

595 348 708 404 Stat
732 367 893 420 puer,
931 350 983 401 &
1012 344 1250 400 manibus
1280 345 1382 397 lata
1406 341 1623 396 canistra
1650 355 1814 396 tenet.

525 421 682 485 Inde,
719 422 810 476 ubi
837 435 917 475 ter
942 421 1120 489 fruges
1145 415 1356 471 medios
1382 414 1594 470 immisit
1620 416 1676 469 in
1703 415 1884 488 igneS,

598 494 831 564 Porrigit
854 492 1044 546 incisos
1065 489 1168 543 filia
1192 506 1350 561 parva
1379 488 1540 543 favos,

526 566 668 623 Vina
701 578 883 619 tenent
910 564 1021 617 alii:
1063 562 1289 617 libantur
1328 559 1525 632 fingula
1552 559 1794 614 flammis,

601 638 876 709 Speetant,
903 636 955 690 &
984 636 1173 707 linguis
1197 633 1424 687 candida
1452 633 1604 687 turba
1631 632 1827 687 favent.

381 717 440 784 65
454 731 481 781 5
519 711 794 783 Spargitur
821 709 873 763 &
900 708 1046 764 caesil
1072 706 1371 761 communis
1398 704 1691 758 Terminus
1718 707 1877 776 agnitj:
1919 720 1922 721 ’

599 784 715 836 Nee
743 782 1014 855 queritur,
1050 779 1242 834 lafitens
1266 794 1390 832 cum
1416 775 1508 830 fibi
1538 794 1700 847 porca
1725 779 1895 832 datur.

524 856 872 909 Conveniunt
913 853 1293 922 celebrantque
1320 849 1480 921 dapes
1503 849 1693 902 vicinia
1720 849 1970 922 fimplex3

599 927 671 982 Et
694 941 905 982 cantant
932 925 1144 990 laudm,
1178 922 1441 979 Termine
1479 920 1682 986 semele,
1717 934 1844 978 tuas.

232 1146 370 1176 curtam
391 1138 530 1187 ofellam
549 1151 616 1188 pro
643 1140 788 1180 minutii
803 1141 912 1180 habes
935 1140 1274 1189 Apophor.cch1.

288 1196 381 1228 Rara
401 1191 465 1227 tibi
485 1191 586 1228 curtd
606 1193 772 1229 craticula
783 1193 886 1242 sudet
906 1192 1021 1238 osella.
1165 1240 1172 1247 ὓ

233 1239 288 1278 Ita
310 1242 661 1289 optimeThuaneus
680 1244 767 1281 liber
788 1271 798 1287 ,
827 1255 904 1281 non
931 1249 1054 1280 Parva
1083 1239 1276 1296 crattcula,

231 1290 300 1329 nifi
321 1293 423 1339 quod
449 1305 515 1330 nos
545 1304 644 1330 curta
674 1294 899 1343 reposuimus
924 1290 1136 1343 conjectura
1154 1292 1280 1347 duCtit,

231 1342 335 1391 quod
360 1342 649 1382 meminissemus
664 1355 818 1394 parvam
848 1344 869 1382 ὲ
892 1345 1071 1392 Juvenale
1092 1344 1203 1381 etiam
1226 1343 1280 1380 di-

235 1393 269 1429 ci
298 1392 450 1438 ofellam.
492 1394 563 1432 Sat.
594 1408 646 1432 xx.
677 1408 757 1444 144.
797 1396 953 1444 Exiguae
973 1395 1096 1442 frustis
1125 1392 1281 1431 imbutus

233 1443 363 1489 ofellae.
397 1450 493 1481 Rara
523 1446 693 1484 craticula
713 1475 724 1493 ,
763 1446 962 1498 quomodo
991 1446 1088 1495 apud
1118 1445 1280 1483 eundem

230 1493 449 1542 Juvenalem
471 1496 543 1534 Sat.
563 1509 615 1535 xr.
639 1497 699 1536 82.

285 1557 370 1595 Sicci
389 1569 483 1608 terga
497 1561 572 1608 suis
592 1575 676 1600 rara
692 1563 880 1613 pendentia
904 1573 1008 1601 crate.

235 1621 416 1659 'fabellam
443 1634 581 1662 curtam
608 1627 718 1665 habes
746 1628 785 1665 ὅ(
813 1627 910 1678 apud
941 1626 1181 1666 Prudentium
1203 1625 1282 1674 περὶ

236 1676 357 1719 Ena).
387 1675 549 1724 Hymno
572 1689 645 1716 ΧΠ.

285 1758 389 1790 Βκκα
405 1764 544 1803 crepant
562 1769 677 1795 cerata
696 1760 789 1806 genis
805 1759 957 1809 impaela
979 1759 1151 1804 cruentis,

285 1803 464 1854 ,Rubetque
482 1807 526 1844 ab
546 1809 616 1846 iola
637 1822 735 1846 curta
756 1822 797 1850 εν
818 1811 964 1847 humens
980 1811 1118 1860 pagina.

235 1875 284 1915 fic
302 1877 458 1937 scribunt
479 1886 664 1924 veterrimi
687 1888 845 1926 codices.
872 1887 982 1936 idque
1006 1888 1041 1924 in
1063 1887 1130 1924 suis
1155 1886 1282 1925 Giseli·

235 1939 305 1966 nus
327 1941 467 1969 invenit
486 1946 564 1973 non
595 1938 835 1976 i-ntelleelum.
863 1939 955 1975 dolia
983 1948 1082 1975 curta
1107 1939 1281 1976 Lucretio

236 1978 296 2017 lib.
317 1991 371 2018 Ιν.
394 1993 499 2022 1020.
536 1992 668 2025 Curtus
685 1989 836 2038 centussis
853 1988 975 2027 Perfio
996 1989 1066 2027 Sat.
1087 2001 1123 2026 v.
1149 2001 1230 2037 191.

419 2055 556 2083 centum
577 2053 719 2088 Graecos
739 2062 832 2088 curto
854 2050 996 2099 centuffe
1013 2050 1146 2088 licetur.

237 2100 424 2148 Juvenalis
454 2119 593 2145 curtum
623 2122 754 2148 temone
783 2113 901 2162 iugum
930 2112 1001 2150 Sat.
1018 2124 1090 2150 xxi.
1115 2123 1197 2159 134.
1223 2123 1285 2150 ce-

237 2159 356 2191 terum
378 2161 700 2204 quemadmodum
733 2164 814 2212 testa
842 2163 897 2200 hic
925 2173 1025 2200 curta
1048 2191 1058 2208 ,
1093 2162 1142 2202 fic
1170 2163 1285 2212 tegula

240 2214 341 2240 curta
361 2206 551 2256 Propertio
570 2211 630 2249 lib.
649 2224 701 2250 ιν.
730 2214 833 2263 Eleg.
852 2226 889 2251 v.

290 2275 438 2312 Horruit
457 2277 588 2326 algenti
605 2279 720 2329 tegula
748 2290 847 2316 curta
858 2281 948 2326 foco.

238 2337 288 2374 ita
307 2348 410 2378 vetus
436 2342 535 2382 liber.
564 2354 603 2382 ut
631 2347 670 2384 &
703 2346 802 2385 reete
837 2346 924 2395 legit
951 2344 1140 2384 Salmasius
1160 2371 1172 2390 ‚
1206 2353 1285 2381 non

230 2389 386 2437 pergula.
420 2391 525 2431 Idem
546 2396 650 2445 Eleg.
670 2409 742 2436 VH.

292 2451 402 2502 Laefit
418 2467 462 2494 φ’
480 2456 646 2505 objectum
667 2460 780 2508 tegula
799 2469 900 2497 curta
921 2466 1035 2507 caput.

239 2513 353 2550 rursus
371 2514 492 2553 eidem
513 2518 573 2556 lib.
593 2531 647 2557 ιν.
667 2519 769 2569 Eleg.
791 2533 826 2559 V.

290 2576 341 2613 Sit
361 2579 519 2616 tumulus
539 2581 636 2619 lenae
653 2594 748 2620 curto
767 2594 869 2621 vetus
887 2581 1054 2633 amphora
1073 2581 1165 2620 collo.

239 2643 399 2693 denique
420 2649 516 2696 apud
536 2651 696 2688 eundem
719 2661 839 2687 curtus
858 2665 978 2699 equus.

292 2713 426 2758 §Qualia
445 2729 535 2752 nunc
552 2727 648 2754 curto
668 2717 774 2763 lustra
793 2727 973 2754 novantur
988 2729 1082 2766 equo,

241 2784 379 2810 curtum
413 2777 548 2814 malum
577 2781 755 2818 Horatius
793 2780 883 2818 dixit
914 2780 975 2818 lib.
999 2791 1028 2816 1.
1065 2778 1136 2816 Sat.
1156 2789 1209 2814 vt.
1245 2776 1286 2814 &

243 2836 354 2861 curtos
373 2827 527 2870 Judaeos
549 2830 620 2868 Sat.
640 2843 692 2868 xx.
720 2832 758 2869 ὃ(
779 2842 917 2868 curtum
940 2835 1066 2868 Larem
1084 2829 1145 2867 lib.
1166 2841 1195 2866 1.
1216 2826 1286 2876 Ep.

242 2884 314 2912 vn.

295 2941 511 2978 Gaudentem
527 2946 716 2998 parvisque
730 2946 907 2993 sodalibus
924 2958 966 2986 cy
985 2946 1058 2983 lare
1086 2955 1192 2982 curto.

242 2999 297 3038 Ita
319 3002 503 3038 veterrimi
535 3004 636 3048 libri,
667 3016 769 3050 non,
797 3012 885 3042 Lare
919 3016 1016 3043 certo.
1047 3005 1141 3042 canis
1168 3013 1285 3041 curtus

241 3051 381 3089 aneton
403 3054 571 3097 Queroli.

292 3112 413 3150 ΞΛΜ).
441 3118 506 3160 Ego
537 3114 574 3149 in
602 3115 737 3162 laqueos
765 3115 823 3152 hos
851 3114 1037 3165 incidissem
1057 3146 1066 3161 ‚
1094 3115 1127 3165 fi
1153 3118 1287 3155 monita

467 3165 558 3200 curti
569 3166 753 3214 serv-affini
778 3168 880 3203 canis.
932 3169 1076 3206 Hiems.

243 3231 286 3271 In
306 3231 473 3270 Francos.
495 3242 568 3270 erat
593 3235 700 3270 etiam
718 3261 726 3276 ,
755 3233 833 3271 huic
852 3234 963 3283 ignem
976 3238 1061 3282 fert.
1089 3236 1191 3285 quod
1211 3249 1289 3275 non

242 3282 413 3333 displicet.
438 3282 541 3329 huit,
569 3282 702 3322 scilicet
724 3295 825 3323 arae:
854 3297 899 3324 an
925 3297 1012 3325 vero
1033 3285 1117 3336 testu
1138 3289 1288 3336 veltesta

2287 1000 2384 1059 Tu

1331 1135 1375 1174 fit
1392 1134 1674 1185 praeferendum
1697 1134 1841 1175 dubito.
1866 1145 1954 1173 nam
1978 1133 2040 1172 ubi
2060 1133 2106 1173 de
2135 1134 2220 1183 igne
2239 1136 2385 1185 agitur,

1332 1189 1397 1236 qui
1419 1189 1550 1232 fertur,
1577 1187 1660 1235 testa
1689 1187 1824 1235 saepius
1853 1187 1907 1224 uti
1936 1194 2074 1224 veteres
2099 1186 2222 1225 video.
2241 1188 2387 1227 Autstor

1334 1237 1380 1274 ad
1403 1238 1541 1274 Heren.
1565 1250 1619 1275 xv.
1641 1238 1676 1275 6.
1703 1238 1767 1286 ipse
1789 1238 1814 1275 a
1836 1237 1963 1274 vicinis
1995 1250 2073 1274 cum
2094 1237 2177 1284 testa
2196 1237 2386 1277 ambulans

1336 1287 1558 1324 carbunculos
1589 1299 1787 1335 corrogant.
1828 1288 1902 1326 vid.
1921 1287 2058 1327 Meurs.
2087 1289 2214 1328 Critic.
2237 1289 2384 1329 Arnob.

1337 1351 1391 1376 vr.
1415 1353 1446 1385 5.
1471 1337 1535 1386 qui
1554 1338 1613 1375 hic
1630 1338 1714 1384 testu
1730 1339 1899 1387 praefert.
1922 1338 2054 1376 BunM.

1391 1389 1474 1435 647.
1500 1388 1709 1438 concisaque
1737 1389 1900 1434 construit
1917 1389 2027 1438 alta]
2064 1388 2123 1428 Sic
2142 1390 2263 1428 Urfini
2284 1390 2385 1431 liber.

1337 1440 1509 1488 Reliqui,
1537 1451 1614 1476 arte
1629 1467 1639 1483 ,
1663 1440 1796 1486 maJ'ori
1816 1451 1861 1477 ex
1883 1448 1994 1487 parte.
2006 1440 2083 1478 duo
2097 1468 2107 1484 ‚
2134 1450 2221 1490 apte.
2240 1441 2384 1488 destruit

1336 1502 1431 1528 unus
1452 1492 1574 1527 Patav.
1596 1502 1640 1527 ex
1664 1491 1827 1539 optimis.
1863 1489 1974 1528 Forte
1996 1517 2007 1534 ‚
2034 1491 2163 1537 concisa
2179 1492 2383 1540 superstruit

1337 1554 1447 1630 aragl
1469 1541 1568 1578 Nam
1600 1540 1687 1578 alter
1715 1541 1841 1580 Petav.
1869 1553 1962 1579 arae.
1989 1540 2159 1579 Tibullus
2178 1549 2304 1583 tamen
2321 1543 2384 1584 lib.

1337 1604 1385 1630 11.
1452 1604 1511 1642 eg.
1534 1603 1587 1629 vx.

1387 1665 1442 1697 At
1457 1657 1523 1707 fibi
1547 1659 1688 1709 quisque
1706 1659 1807 1709 dapes
1833 1668 1877 1699 (9⁶
1886 1659 1993 1707 festas
2014 1659 2162 1707 exstruet
2180 1659 2252 1698 alte

1443 1710 1631 1759 cespitibus
1650 1713 1784 1759 mensas
1797 1739 1807 1756 ‚
1827 1710 2068 1761 cespitibusque
2078 1721 2206 1767 torum.

1340 1773 1486 1813 Heius.
1514 1775 1598 1812 Vid.
1623 1789 1677 1814 ιν.
1697 1777 1790 1813 Met.
1816 1775 1897 1814 181.

1390 1834 1473 1881 648.
1504 1839 1549 1870 Et
1567 1836 1677 1883 [olida
1698 1851 1811 1874 ramos
1822 1837 1924 1887 figere
1935 1848 2069 1890 pugnat
2089 1840 2234 1890 humo]
2275 1841 2388 1889 Stipi-

1337 1894 1412 1924 tem
1433 1886 1492 1923 seu
1515 1887 1636 1934 palum
1654 1890 1775 1926 innuit
1794 1917 1804 1932 ,
1826 1891 1891 1938 qui
1910 1902 1977 1939 pro
2008 1893 2170 1930 termino
2199 1891 2297 1931 esset.
2326 1893 2388 1932 De

1329 1938 1442 1986 solida
1466 1947 1558 1972 terra
1579 1938 1738 1976 diximus
1766 1939 1853 1977 Fast.
1876 1953 1931 1979 iv.
1948 1942 2003 1984 Jlls.
2025 1942 2108 1980 821.
2147 1944 2286 1982 Hfims.
2323 1943 2384 1980 Fi-

1334 2002 1408 2036 gere
1429 1998 1544 2024 tentat
1582 1990 1696 2037 prima
1726 1990 1873 2028 Veneta
1894 1993 1931 2030 δε
1952 1993 2125 2031 undecim
2155 1993 2284 2042 scripti.
2311 1993 2387 2033 vid.

1336 2040 1396 2076 lib.
1417 2050 1481 2076 ιιι.
1514 2039 1596 2084 308.
1623 2054 1737 2077 ramos
1764 2052 1855 2078 vero
1885 2054 1961 2080 non
1989 2043 2034 2081 de
2063 2045 2250 2082 Termino
2279 2056 2388 2093 cape-

1338 2102 1414 2127 rem
1431 2118 1440 2133 ,
1468 2088 1527 2126 sed
1554 2090 1600 2128 de
1629 2091 1714 2138 palis
1736 2119 1747 2135 ,
1784 2104 1877 2141 quos
1905 2093 1983 2142 figit
2012 2102 2127 2132 terrae
2156 2106 2237 2132 arae
2256 2095 2390 2133 consti-

1340 2140 1520 2184 tuendae,
1550 2150 1590 2179 ut
1607 2143 1797 2191 congeries
1827 2143 1886 2181 illa
1916 2145 2104 2193 lignorum
2123 2144 2288 2183 firmetur
2308 2173 2318 2190 ‚
2347 2153 2389 2184 ut

1340 2192 1439 2230 reste
1463 2192 1612 2229 Marsus.

1391 2244 1475 2289 649.
1507 2244 1630 2279 Irritat
1648 2244 1767 2280 cortice
1783 2243 1990 2295 flammam]
2022 2245 2161 2283 Invitat
2173 2245 2254 2289 alii,
2282 2245 2386 2295 quod

1341 2293 1502 2330 Grutero
1525 2294 1712 2331 arridebat.
1740 2295 1790 2330 nil
1812 2304 1925 2332 muta.
1951 2295 2025 2334 dixi
2049 2299 2190 2334 Amat.
2221 2297 2390 2346 Eleg.1v.

1340 2343 1484 2381 irritare
1503 2343 1666 2392 flammas
1695 2356 1772 2381 non
1802 2345 1913 2383 semel
1941 2347 2051 2385 habes
2071 2347 2166 2396 apud
2187 2347 2301 2386 Corn.
2324 2347 2388 2386 Se·

1341 2404 1471 2431 verum
1491 2395 1527 2432 in
1552 2393 1676 2432 AEtnfi.
1705 2395 1774 2432 Sed
1792 2395 1901 2433 scribe
1922 2408 1986 2444 pro
2009 2409 2086 2434 tum
2102 2426 2112 2441 ,
2135 2397 2233 2436 dum.

1393 2464 1491 2495 Dum
1508 2457 1592 2508 sicco
1610 2460 1744 2508 primas
1764 2459 1887 2496 irritat
1913 2461 2032 2497 cortice
2046 2459 2230 2511 flammas.

1341 2524 1379 2561 ὅ(
1401 2523 1448 2562 slC
1470 2537 1561 2562 unus
1582 2526 1796 2562 Vaticanus.
1826 2526 1972 2563 Hiems.

1395 2577 1482 2619 650.
1511 2581 1588 2611 Stat
1602 2575 1723 2625 paen]
1766 2576 1878 2613 Hunc
1904 2577 2096 2614 communi
2129 2577 2302 2615 consensu
2329 2576 2389 2614 lit-

1343 2627 1447 2662 terati
1469 2626 1708 2673 suspicantur,
1736 2638 1848 2675 quem
1870 2628 2022 2667 Graeci.
2052 2628 2164 2662 παῖδα
2185 2627 2389 2672 ἀμφιθαλῆ,

1346 2685 1505 2718 vocant,
1539 2678 1659 2712 Latini
1681 2676 1888 2714 Camillum.
1940 2678 2104 2714 Inclino:
2134 2677 2191 2713 sed
2214 2678 2303 2726 quid
2322 2678 2391 2715 dis-

1346 2723 1541 2761 finiulcm?
1570 2725 1679 2763 lente.
1717 2728 1895 2770 Mallem,
1924 2727 2012 2765 boni
2031 2727 2121 2764 senis
2142 2726 2297 2765 filiolum
2321 2740 2388 2775 pro

1345 2785 1461 2822 puero
1482 2776 1656 2824 intelligi:
1685 2788 1773 2815 nam
1807 2779 1940 2816 colona
1973 2776 2139 2825 ejusdem
2172 2779 2282 2816 etiam
2314 2788 2391 2817 erat

1345 2825 1476 2872 proles.
1505 2825 1627 2863 Nalm.
1673 2828 1762 2865 Non
1786 2828 1945 2873 colona,
1974 2839 2068 2876 quae
2089 2840 2183 2866 uxor
2204 2838 2301 2874 erat,
2329 2828 2392 2868 sed

1342 2875 1412 2912 filia
1433 2887 1487 2924 pai
1497 2889 1542 2914 va
1563 2877 1653 2914 senis
1675 2879 1794 2926 proles
1814 2887 1900 2915 erat.

1393 2938 1477 2984 651.
1507 2939 1588 2974 Inde
1609 2939 1666 2975 ubi
1687 2951 1737 2975 ter
1761 2939 1909 2989 fruges]
1957 2940 2161 2990 Dionysius
2183 2941 2228 2980 de
2251 2941 2394 2981 Sacrifi-

1342 2989 1405 3026 ciis
1422 2988 1467 3025 ad
1497 2989 1692 3027 eumdem:
1722 2990 1795 3026 Ka}
1827 2992 1951 3026 θύουσιν
1979 2991 2098 3033 αὐτοις
2126 2994 2204 3037 ἔτι,
2236 2996 2303 3029 τῶν
2327 2996 2394 3036 μὲν

1343 3038 1514 3084 ἐμψύχων
1536 3039 1637 3077 οἰδὲν·
1669 3038 1703 3074 οὗ
1734 3044 1802 3084 γὰρ
1831 3042 1916 3077 ὅσιοι·
1938 3044 2137 3086 αἱμάττειν
2168 3047 2249 3085 τοῦς
2268 3044 2394 3085 λίθους’

1344 3093 1522 3130 πελάνους
1549 3090 1588 3124 ἑὲ
1621 3091 1805 3134 Δήμητρος
1829 3120 1839 3136 ,
1880 3093 1941 3128 καὶ
1968 3094 2092 3133 ἄλλως
2123 3097 2221 3134 τινὰς
2252 3097 2394 3137 καρπῶν

1344 3140 1533 3186 ἀπαρχάς.
1569 3140 1692 3178 Nm.
1730 3142 1878 3179 Totum
1910 3144 2018 3179 ritum
2047 3142 2197 3189 copiose
2229 3143 2395 3183 describit

1343 3191 1482 3229 Siculus
1506 3190 1653 3228 Flaccus
1681 3191 1726 3229 de
1759 3193 2030 3230 conditionibus
2060 3204 2229 3240 agrorum
2252 3208 2259 3229 ·.
2294 3196 2393 3233 Cum

1345 3243 1445 3280 enim
1473 3240 1652 3279 terminos
1686 3243 1943 3292 disponerent,
1972 3243 2064 3290 ipsos
2085 3244 2235 3292 quidem
2258 3245 2396 3293 lapides

1344 3294 1383 3332 in
1403 3292 1564 3342 solidam
1587 3299 1723 3332 terram
1754 3293 2007 3340 collocabant,
2035 3295 2206 3344 proxime
2228 3307 2268 3333 ca
2288 3296 2395 3338 loca,

2314 3346 2395 3395 qui·
