2495 3675
7 283 15 584 J
147 619 155 625 ,

244 802 311 848 30

582 175 1214 235 TRISTIUM
1298 174 1494 231 L113.
1570 176 1608 232 Ι.

395 275 646 332 Protinus
673 280 976 337 admonitus
1005 292 1213 352 repetet
1240 295 1357 332 mea
1381 277 1600 333 crimina
1623 276 1821 340 lefior3

471 349 542 405 Et
566 368 785 424 peragar
808 355 990 424 populi
1014 353 1255 424 publicus
1279 368 1374 405 ore
1400 368 1534 404 reuS.

253 440 317 490 25
391 422 510 478 Neu
530 463 545 487 ,
582 442 735 487 cave,
774 425 1028 479 defendas
1048 464 1063 488 ,
1110 424 1347 496 quamvis
1374 423 1694 478 mordebere
1718 421 1887 477 dietis.

463 496 650 551 Cauffa
676 497 974 568 patrocinio
1003 515 1108 550 non
1137 497 1271 550 bona
1299 496 1447 567 pejor
1471 497 1587 552 erit.

392 567 632 624 Invenies
656 570 909 639 aliquem,
950 569 1042 640 qui
1071 588 1157 623 me
1183 568 1396 640 suspiret
1423 569 1726 632 ademtum,

465 641 715 695 Carmina
739 658 838 694 nec
865 640 1010 695 flecis
1036 643 1270 713 perlegat
1304 640 1394 695 ista
1426 643 1604 713 genis:
1812 698 1816 703 ,

391 713 464 768 Et
489 714 676 766 tacitus
705 712 909 776 secum,
948 718 1134 786 nequis
1159 715 1325 767 malus
1352 716 1556 777 audiat,
1596 727 1776 786 optet,

459 786 536 838 Sit
561 802 675 838 mea
692 824 707 847 ,
743 785 910 839 lenito
936 786 1188 849 Caesare,
1212 789 1399 856 'poena
1427 789 1618 840 minor.

1684 176 1870 235 ELEG
1903 178 1940 235 Ῑ.
2158 193 2261 247 445

383 858 501 912 Nos
527 874 775 929 quoque,
813 858 1048 930 quisquis
1075 860 1204 920 erit,
1240 877 1306 912 ne
1333 861 1391 912 fit
1420 861 1571 914 miser
1596 861 1710 924 ille,
1746 876 2056 933 precamur,

457 929 702 984 Placatos
731 930 923 985 misero
951 932 1043 1003 qui
1071 933 1216 986 volet
1239 931 1341 985 effe
1367 931 1534 987 Deos·

143 1194 298 1241 Caesaris
315 1194 357 1243 est
375 1192 528 1244 primum
550 1206 678 1232 munus
692 1222 702 1236 ‚
730 1195 821 1244 quod
841 1193 998 1233 ducimus
1015 1208 1136 1243 auras,

200 1247 326 1282 Gratia
341 1246 409 1292 post
428 1255 566 1292 magnos
585 1246 628 1291 est
647 1246 711 1283 tibi
731 1247 891 1283 habenda
914 1248 1010 1284 Deos.

147 1295 203 1332 slle
223 1297 318 1332 dedit
339 1297 454 1333 vitam
467 1323 477 1339 ,
504 1306 542 1330 tu
556 1322 565 1339 ,
593 1310 700 1346 quam
721 1297 815 1333 dedit
836 1297 892 1334 ille
906 1325 916 1342 ‚
948 1297 1064 1337 tueris.

91 1360 173 1400 Lib.
194 1376 245 1401 iv.
268 1365 326 1400 De
350 1365 472 1401 Ponto
496 1363 596 1410 Eleg.
618 1375 654 1400 v.

139 1426 247 1464 Vivat
273 1428 408 1471 adhuc,
436 1428 621 1476 visamque
639 1425 702 1463 tibi
719 1427 832 1463 debere
843 1429 985 1473 fatetur
997 1456 1009 1474 ‚

192 1479 297 1527 Qrod
314 1480 408 1526 prius
430 1478 454 1514 ὰ
473 1477 553 1514 miti
572 1480 714 1526 Caesare
730 1491 858 1515 munus
876 1477 991 1518 habet.

88 1544 137 1583 Et
161 1546 260 1593 Eieg.
282 1558 343 1583 xv.

88 1660 121 1697 C
139 1609 342 1657 Caefiaribus
360 1609 478 1647 vitam
491 1636 502 1654 ‚
531 1614 628 1645 Sexto
650 1607 765 1646 debere
779 1608 943 1656 salutem.

126 1673 256 1698 ιοεΑΝ.

138 1737 199 1762 21.
228 1730 349 1775 Atque
364 1726 417 1762 ita
447 1736 487 1762 tu
514 1725 644 1762 tacitus
668 1725 847 1776 quaerenti
864 1725 988 1774 plura;
1019 1725 1128 1775 legen·

87 1775 173 1812 dum
206 1783 258 1812 Ne
287 1777 377 1826 quod
404 1790 472 1812 non
505 1785 582 1825 opus
604 1777 646 1822 est
667 1805 676 1820 ,
700 1778 794 1822 fhrte
813 1776 974 1824 loquare,
1002 1777 1125 1827 cave]

87 1827 147 1864 Sic
167 1827 364 1875 distingue:
390 1827 427 1864 id
448 1828 520 1871 est,
547 1827 644 1863 Cum
668 1827 797 1864 dixeris
819 1838 879 1863 me
898 1827 1046 1871 vivere,
1068 1828 1128 1866 sed

83 1877 221 1914 salvum
243 1887 365 1914 tamen
388 1889 463 1914 non
485 1875 577 1919 effe,
605 1886 697 1914 tace.
724 1877 748 1914 fi
779 1885 816 1913 te
848 1877 995 1914 ulterius
1018 1879 1129 1916 inter-

83 1928 246 1976 rogabit,
276 1939 364 1965 cave
384 1940 430 1965 ne
451 1929 604 1965 verbum
626 1928 737 1965 ullum
768 1928 877 1964 facias
901 1927 946 1964 de
969 1939 1015 1965 eo
1038 1941 1128 1976 ope-

84 1989 122 2016 re
137 2006 147 2022 ,
174 1978 277 2027 quod
300 1978 496 2027 legendum
516 1990 591 2015 non
614 1978 683 2015 est:
712 1989 809 2015 neve
829 1977 916 2015 illud
944 1990 1127 2018 nommes.

2055 1056 2237 1129 Quae-

1190 1204 1319 1235 tamen
1340 1196 1466 1234 tacitus
1489 1197 1559 1236 dici
1580 1192 1696 1247 pofl'et
1711 1224 1719 1239 ‚
1749 1206 1833 1233 cum
1862 1195 1921 1232 illa
1946 1206 2022 1232 vox
2044 1193 2148 1242 saepe
2164 1199 2237 1234 no-'

1189 1256 1242 1285 tet
1263 1248 1336 1286 fine
1357 1249 1513 1291 arbitris,
1543 1249 1615 1286 sine
1646 1248 1742 1284 teste.
1764 1255 1803 1282 ut
1833 1258 1921 1282 mox
1941 1245 1994 1287 Jss's.
2015 1257 2075 1293 29.
2104 1247 2142 1283 ὃ(
2170 1247 2236 1293 Ju-

1189 1298 1265 1335 stin.
1290 1312 1316 1336 1.
1342 1312 1397 1336 10.
1428 1302 1679 1347 Aut'loremque
1702 1308 1775 1333 tam
1792 1296 1913 1341 foedae
1941 1296 2156 1332 lacerationis
2176 1307 2234 1333 ta-

1188 1349 1275 1385 citus
1289 1378 1297 1393 ‚
1327 1363 1391 1399 quo
1409 1349 1564 1398 propofito
1583 1349 1718 1393 fecerit,
1746 1347 1876 1390 edocet,
1903 1345 1940 1383 id
1959 1346 2006 1383 est
2027 1347 2176 1384 secret0.
2194 1347 2234 1385 &

1186 1411 1264 1437 XVI.
1284 1413 1317 1445 4.
1347 1401 1461 1436 Primo
1481 1401 1607 1436 tacitus
1627 1413 1703 1436 cum
1731 1397 1940 1433 Mithridate
1958 1397 2170 1446 colloquitur.
2193 1398 2234 1435 ὅ(

1186 1450 1236 1487 ita
1259 1450 1318 1488 ille
1339 1450 1453 1498 saepe.
1478 1451 1536 1488 sed
1556 1463 1633 1489 non
1657 1460 1748 1497 opus
1769 1448 1815 1485 est
1829 1460 1876 1485 eo
1892 1475 1901 1492 ,
1929 1447 2126 1495 iiicgatur,
2176 1460 2178 1463 ·

1241 1519 1362 1563 Atque
1380 1515 1433 1550 ita
1455 1525 1486 1550 te
1507 1513 1652 1557 tacitus,
1685 1510 2001 1561 quaerentiplstra,
2031 1508 2230 1555 lesendam,

1287 1571 1342 1601 Ne
1360 1565 1450 1614 quod
1469 1578 1536 1601 non
1554 1574 1631 1614 opus
1650 1563 1693 1610 est
1703 1565 1796 1609 forte
1817 1561 1958 1612 loquare
1971 1587 1981 1604 ,
2017 1559 2126 1597 dabis.

1183 1625 1340 1670 deinde,
1359 1627 1478 1671 dicit,
1517 1626 1542 1664 si
1564 1625 1663 1673 plura
1694 1627 1773 1675 quis
1802 1633 1971 1674 quaerat,
2001 1633 2040 1661 tu
2067 1623 2228 1667 tacebis,'

1182 1677 1241 1715 sed
1263 1677 1361 1714 dabis
1384 1686 1419 1714 te
1449 1677 1646 1725 legendum
1668 1704 1678 1720 ,
1718 1688 1764 1713 ne
1786 1678 1879 1713 forte
1904 1675 2062 1722 loquaris
2084 1703 2093 1718 ‚
2123 1673 2228 1723 quod

1183 1739 1275 1775 opus
1291 1740 1367 1764 non
1381 1728 1440 1765 est.
1461 1728 1496 1765 id
1511 1727 1673 1775 estquod
1686 1738 1821 1764 nocere
1833 1724 1949 1775 poss'et
1969 1726 2032 1761 ti'oi
2061 1725 2098 1762 δε
2112 1725 2201 1762 mihi
2221 1752 2233 1769 ,

1184 1777 1342 1815 domino
1363 1787 1440 1816 tuo.
1468 1779 1557 1828 quod
1585 1790 1653 1813 non
1680 1787 1758 1821 opus
1779 1777 1842 1823 est,
1870 1788 1936 1824 pro
1967 1788 2030 1824 quo
2058 1788 2125 1811 non
2151 1783 2235 1822 opus

1185 1829 1251 1873 est,
1275 1828 1401 1877 paffim
1427 1839 1568 1866 veteres
1591 1827 1716 1865 dixifl‘e
1744 1836 1876 1864 notum
1908 1825 1968 1862 est.
2009 1824 2230 1863 videflVor-

1185 1879 1297 1917 stium-
1317 1879 1361 1916 ad
1391 1879 1475 1926 Just.
1498 1892 1549 1917 xx.
1573 1889 1605 1925 7.
1632 1878 1722 1927 quod
1744 1889 1833 1916 vero
1853 1877 1902 1916 est
1921 1876 1960 1914 in
1981 1875 2152 1914 omnibus
2174 1876 2230 1922 fef

1182 1941 1222 1971 re
1243 1931 1389 1978 scriptis.
1417 1930 1550 1969 Euam.
1770 1952 1774 1956 -

1234 2004 1294 2042 23.
1323 1995 1577 2046 Admonitus.]
1637 1995 1766 2034 Nostra
1796 1993 1919 2042 lingua
1943 2019 1952 2037 ‚
1990 1988 2086 2039 mesJb
2111 2000 2172 2040 per
2192 1990 2233 2029 la

84 2028 258 2076 Int‘elligit
286 2038 408 2066 autem
440 2029 549 2086 libros
572 2028 617 2065 de
639 2029 730 2084 Arte
754 2028 929 2065 Amandi.
957 2028 1126 2068 Ciorm.
1175 2042 1319 2088 strada,
1348 2046 1556 2092 imboccaso,
1584 2048 1748 2084 avem-30·
1778 2045 1947 2082 cmm&
1985 2040 2140 2091 Forstmn
2162 2042 2227 2079 ad-

81 2078 125 2117 In
143 2079 320 2117 hocloco
350 2079 592 2127 exprimendo
622 2080 730 2115 codd.
753 2092 836 2116 mss.
863 2089 1022 2126 quorum
1047 2092 1126 2118 rne-
1181 2096 1332 2132 mom-ms
1352 2109 1457 2134 unus·

81 2130 190 2168 minit
220 2129 459 2167 Bersmannus
482 2158 490 2172 ‚
528 2130 637 2169 secuti
667 2129 801 2168 sumus.
853 2130 951 2166 Nam
981 2130 1124 2179 vulgata

81 2189 177 2230 certe
197 2180 310 2218 leetio
329 2180 503 2229 impedita
523 2180 591 2218 est:

131 2256 254 2298 Atque
271 2250 325 2287 ita
343 2261 383 2287 tu
405 2249 532 2286 tacitus
551 2251 730 2299 quaerenti
747 2250 853 2300 plura*
871 2250 1048 2299 legendum

182 2307 258 2346 Ne,
286 2315 373 2350 quae
395 2314 462 2337 non
483 2310 560 2350 opus
580 2301 621 2346 eft
634 2303 728 2348 forte
750 2303 889 2350 loquare
903 2330 912 2345 ‚
940 2313 1036 2338 cave.

80 2361 114 2401 E
131 2373 201 2412 qua
219 2372 345 2401 tamen
367 2364 508 2412 optime
529 2363 707 2401 Ciofanus
729 2362 847 2401 feciffe
866 2362 1032 2406 videtur,

128 2426 250 2476 Atque
269 2427 320 2462 ita
342 2437 382 2462 tu
401 2425 527 2462 tacitus
545 2428 724 2475 quaerenti
739 2428 840 2475 plura
853 2455 863 2472 ,
890 2427 1067 2474 legendum

181 2483 235 2512 Ne
257 2477 346 2525 quod
365 2490 432 2512 non
450 2486 527 2525 opus
546 2476 588 2522 est
602 2478 693 2522 forte
709 2477 847 2526 loquare
860 2505 871 2520 ,
901 2489 995 2513 cave.

79 2541 205 2587 Quam
221 2566 230 2582 ,
260 2540 422 2576 faventes
444 2539 562 2576 modo
583 2539 711 2576 habeat
723 2537 866 2575 codices
880 2563 891 2580 ,
917 2537 1118 2583 genuinam

77 2589 277 2627 lestioncm
304 2590 562 2626 existimamus.
608 2589 659 2625 Ut
685 2587 723 2625 sit
754 2587 893 2630 sensus,
923 2588 1048 2634 Atque
1071 2589 1118 2624 ita

77 2646 117 2677 tu
132 2667 141 2683 ,
163 2639 257 2688 apud
281 2652 366 2678 eum
381 2668 390 2683 ‚
411 2642 474 2688 qui
495 2639 593 2685 plura
615 2651 660 2675 ex
681 2647 717 2675 te
736 2646 911 2686 quaeret,
936 2645 1028 2673 tace.
1059 2638 1118 2674 Ne

78 2701 170 2738 opus
200 2691 294 2728 forte
316 2719 327 2734 ,
371 2690 472 2739 quod
498 2689 696 2737 legendum
726 2700 802 2725 non
833 2688 880 2725 est
899 2715 909 2731 ,
954 2688 1119 2735 loquare.

78 2739 167 2781 Hoc
185 2741 253 2785 est,
286 2745 333 2776 ru
353 2742 536 2783 Ἐρωτικὰ.
565 2751 722 2787 quorum
746 2738 846 2776 causa
866 2738 956 2775 haec
978 2739 1117 2786 patior,

1231 2171 1289 2208 23.
1321 2166 1403 2196 Mea
1423 2159 1612 2209 crimina]
1642 2159 1744 2197 Libri
1764 2167 1904 2196 veteres
1919 2185 1929 2201 ,
1957 2156 2128 2194 carmina.
2150 2157 2226 2205 pla·

1178 2217 1250 2247 cet.
1278 2211 1446 2248 CxorAN.
1482 2212 1528 2249 Et
1549 2212 1598 2248 ita
1619 2210 1726 2248 multi
1753 2210 1885 2257 scripti.
1910 2208 1969 2246 sed
1991 2208 2139 2245 crimina
2160 2219 2224 2244 ve-

1177 2271 1257 2298 rum
1280 2262 1327 2298 est
1342 2290 1352 2306 ,
1381 2263 1417 2299 &
1440 2263 1617 2299 convenit
1640 2263 1689 2308 τῷ
1711 2274 1797 2296 reus.
1820 2269 1946 2308 repetat
1960 2260 2071 2297 etiam
2094 2267 2162 2296 tres
2183 2258 2227 2305 liv¹

1177 2309 1240 2348 bri.
1261 2322 1302 2348 ut
1316 2322 1461 2361 peragar
1484 2314 1663 2360 Excerpta
1684 2311 1814 2348 Vossii.

1231 2387 1288 2421 24.
1319 2376 1435 2433 Populi
1451 2374 1649 2425 publicus]
1680 2373 1739 2411 Est
1761 2375 1835 2411 fere
1857 2373 2075 2411 ailitteratiO.
2120 2371 2219 2409 Nam

1169 2425 1326 2473 publicus
1343 2438 1364 2463 a
1385 2427 1523 2475 populo
1544 2426 1683 2463 dicitur.
1707 2424 1874 2461 CtorAN.

1227 2501 1284 2535 24.
1313 2496 1462 2536 peragar
1480 2487 1595 2536 reus.]
1635 2487 1762 2523 Livius
1781 2486 1840 2522 Iib.
1865 2497 1916 2522 iv.
1949 2490 2009 2520 Vos
2029 2493 2170 2525 autem,
2185 2480 2222 2530 [ι’

1174 2551 1270 2575 reum
1287 2548 1406 2586 perago
1422 2566 1430 2581 ‚
1459 2537 1543 2585 quid
1570 2536 1682 2572 aeluri
1707 2535 1778 2577 estis
1802 2544 1816 2572 ,Ρ
1854 2535 1912 2573 Est
1934 2543 2055 2571 autem
2081 2543 2226 2581 perage--

1174 2601 1209 2624 re
1251 2602 1346 2625 reum
1394 2601 1506 2638 usque
1550 2587 1595 2624 ad
1637 2586 1990 2624 condemnationem
2031 2584 2215 2633 prosequi.

1175 2638 1344 2676 CIOFAN.

1224 2702 1286 2735 25.
1312 2687 1543 2737 Mordebcre.]
1576 2687 1794 2724 Mederahere
1813 2685 1964 2723 Palatin.

1222 2747 1282 2777 20.
1310 2740 1425 2788 Causa
1445 2738 1635 2788 patrocinio
1657 2752 1722 2773 nan
1741 2737 1826 2772 bona
1848 2736 1959 2784 major
1978 2733 2086 2781 υἷι]
2118 2735 2225 2784 Pejor·

79 2791 217 2839 prodas.
248 2792 507 2828 Dmflnms.
543 2791 809 2838 Scripti,atque
829 2789 878 2824 ita
901 2799 939 2823 tu
955 2816 964 2830 ‚
994 2788 1052 2825 vel
1072 2799 1114 2826 te.
1171 2790 1233 2827 sex
1254 2791 1372 2838 scripti
1392 2819 1401 2833 ,
1438 2800 1573 2836 argute.
1612 2790 1649 2825 ὅ(
1680 2788 1786 2833 paulo
1811 2796 1893 2823 ante
1911 2814 1920 2829 ‚
1959 2792 2035 2822 Neu
2053 2798 2137 2822 cave
2159 2787 2218 2822 de.

78 2841 194 2879 codex
217 2842 425 2880 ssarberinus
442 2850 623 2890 praeterea
637 2868 646 2883 ‚
675 2842 736 2887 qui
757 2841 851 2876 inter
872 2839 1042 2875 meliores
1052 2839 1114 2882 est,
1161 2841 1306 2886 sencias,
1322 2841 1639 2887 scribendiim‚p1‘o
1653 2843 1713 2875 Tu.
1740 2838 1889 2885 quidam
1905 2837 2002 2874 enim
2022 2844 2187 2874 veterum
2203 2864 2225 2880 ,»

78 2903 198 2928 cautus
210 2894 378 2940 agnoscit?
395 2893 438 2930 de
450 2904 527 2939 quo
541 2903 629 2928 mox
647 2891 861 2927 videbimus.
873 2889 1001 2924 tacitus
1014 2889 1112 2925 enirn

81 2940 147 2978 dici
172 2945 231 2978 vix
255 2944 394 2990 potest,
423 2954 534 2990 quem
565 2943 782 2990 loquentem
806 2939 958 2976 inducit.
989 2939 1026 2975 &
1055 2950 1113 2975 ea-

79 2991 161 3030 dem
185 3005 255 3029 vox
268 2994 375 3041 paulo
405 2993 482 3039 post
502 2993 649 3028 iteratur
669 2992 789 3028 minus
807 2991 999 3027 concinne.
1012 2988 1114 3026 dein-

79 3039 124 3078 de
141 3055 223 3079 cave
246 3052 382 3081 veteres
405 3043 538 3080 Nostri.
561 3044 596 3078 ὃ(
619 3043 782 3089 plerique
802 3039 892 3090 quod
906 3067 915 3082 ‚
937 3051 1002 3087 pro
1014 3052 1112 3088 quae.

76 3092 211 3139 primae
228 3094 406 3132 editiones
422 3123 431 3138 ,
461 3100 513 3129 Ne
532 3091 621 3141 quod
640 3102 716 3140 opus
736 3104 801 3128 non
822 3091 875 3134 est.
904 3092 996 3127 Puto
1011 3118 1020 3133 ‚

123 3162 243 3209 Atque
262 3160 315 3197 ita
335 3172 367 3196 te
387 3171 508 3197 cautus
527 3158 704 3209 quaerenti
724 3157 822 3205 plura
846 3156 1023 3205 legendum
1036 3184 1046 3199 ,

176 3215 248 3253 Ne,
277 3212 364 3258 quod
386 3225 452 3248 non
462 3210 511 3259 sit
530 3219 607 3258 opus
621 3238 631 3253 ,
650 3211 744 3256 forte
764 3209 902 3255 loquare
915 3235 924 3251 ‚
953 3207 1045 3243 dato.

73 3271 216 3309 Hmns.
253 3273 332 3322 Ego
354 3283 478 3322 putem
504 3274 630 3310 tacitus
653 3271 722 3310 effe
744 3271 973 3309 retinendum
988 3299 998 3315 ,
1027 3281 1114 3307 nam

75 3321 138 3368 sstfi
176 3322 391 3376 loquentem
424 3324 612 3364 induceret
650 3324 767 3362 Po'e'ta
798 3323 929 3362 librum
954 3349 966 3368 ‚
1019 3321 1118 3360 reete

1174 2896 1245 2925 Me.
1265 2891 1347 2934 alii,
1376 2895 1430 2927 Te.
1459 2891 1606 2926 Hiems.
1654 2887 1786 2924 Sin-iilis
1818 2889 1970 2925 varietas
1990 2888 2025 2924 in
2056 2887 2110 2924 Ibi
2129 2886 2216 2934 418.

1172 2939 1231 2977 ubi
1250 2943 1362 2988 major
1385 2941 1420 2976 &
1436 2942 1523 2988 pejor
1545 2947 1807 2987 permutantur.

1222 3014 1282 3038 27.
1314 3003 1469 3038 Invenies
1496 3000 1688 3049 aliquem]
1756 3000 1914 3037 Inveni-:s
1947 2999 2018 3038 illic
2046 3000 2209 3037 Moreti:

1171 3054 1230 3101 qui
1250 3067 1302 3089 me
1324 3053 1446 3100 lugebit
1467 3053 1688 3099 Putean.qui
1701 3052 1738 3088 &
1753 3063 1839 3087 mox
1852 3051 2014 3099 perleget,
2033 3061 2071 3088 ut
2090 3052 2125 3087 δέ
2140 3059 2211 3086 tres

1170 3104 1239 3140 aiii.
1268 3103 1327 3153 qui
1348 3103 1436 3151 legat
1454 3103 1626 3140 Politiani
1645 3104 1683 3139 ὀί
1705 3102 1780 3139 duo
1801 3102 1920 3139 alin&
1940 3113 2028 3138 mox
2042 3128 2051 3145 ‚
2075 3101 2135 3149 qui
2154 3109 2211 3136 ta-

1171 3153 1267 3190 citus.
1295 3154 1440 3191 ssonon.

1224 3228 1282 3266 30.
1310 3223 1425 3259 Poena
1447 3216 1574 3266 levis]
1605 3217 1723 3254 Minor
1743 3217 1907 3265 quinque
1926 3223 2077 3253 veteres.
2099 3211 2222 3250 utlib0-

1171 3279 1236 3305 111.
1263 3267 1366 3317 Eleg.
1384 3280 1437 3305 vi.
1457 3281 1515 3313 24,

1223 3324 1433 3369 Mutatoque
1452 3319 1565 3355 minor
1585 3316 1632 3370 fit
1655 3330 1731 3356 mea
1745 3326 1851 3367 poena
1871 3315 1950 3367 loco.
1987 3314 2132 3351 Hsms.

1346 3368 1452 3422 Kizk
1479 3379 1498 3420 3
2068 3372 2126 3410 31.
2150 3363 2214 3400 Νι
