2495 3675
412 183 975 249 EPISTOLARUM
1011 186 1118 246 EX
1158 185 1442 244 PONTO.
1479 186 1601 245 Lm.
1638 189 1675 245 Ι.
1713 190 1889 253 Erisr.
1929 198 2002 256 X.

2169 213 2269 271 739

278 308 308 357 ς
422 289 540 344 Nec
570 288 725 343 dolor
750 288 883 342 ullus
909 284 1080 348 adest,
1119 303 1218 340 nec
1247 284 1480 340 febribus
1504 300 1631 338 uror
1659 284 1886 349 anhelis;

487 361 557 416 Et
585 361 788 433 peragit
816 360 953 414 soliti
979 376 1113 411 vena
1136 359 1336 412 tenoris
1361 358 1480 412 iter.

413 435 489 489 Os
519 436 679 489 hebes
708 433 812 496 est,
852 430 1158 502 positaeque
1186 442 1403 485 movent
1429 429 1628 484 fastidia
1651 430 1891 484 mensae:

483 507 552 561 Et
576 524 804 580 queror,
843 502 991 557 invisi
1016 520 1141 556 cum
1168 502 1312 557 venit
1340 503 1470 557 hora
1491 502 1612 557 cibi.

412 581 579 651 Quod
608 595 777 640 mare,
815 574 964 647 quod
993 575 1177 635 tellus,
1216 575 1455 646 adpone,
1495 574 1644 646 quod
1671 575 1861 629 educat
1890 579 2008 639 a'e'i·;

267 670 290 705 1·
299 670 331 704 Ο

479 653 566 706 Nil
592 652 692 714 ibi,
728 647 878 721 quod
907 647 1057 701 nobis
1088 648 1370 707 esuriatur,
1413 662 1530 700 erit.

407 725 601 780 Nectar
626 725 682 778 &
707 721 1043 782 ambrosiam,
1081 719 1260 773 latices
1285 720 1569 791 epulasque
1598 720 1868 788 Deorum,

481 798 591 851 Det
616 795 745 850 mihi
770 793 1001 847 formosa
1027 809 1157 844 nava
1182 791 1404 860 Juventa
1427 809 1584 846 manu
1605 816 1618 853 ;

405 872 532 926 Non
558 883 736 922 tamen
762 876 985 919 exacuet
1010 876 1228 934 torpens
1255 864 1405 936 sapor
1435 865 1520 918 ille
1546 865 1806 936 palatum:

483 941 649 997 Stabit
675 938 729 992 δε
751 938 806 991 in
831 936 1102 991 stomacho
1127 936 1338 1009 pondus
1363 938 1535 992 inerte
1562 937 1670 990 diu.

271 1035 334 1084 15
411 1013 567 1070 Haec
594 1028 698 1084 ego
727 1028 837 1065 non
862 1008 1021 1064 ausim
1038 1045 1053 1071 ,
1092 1026 1218 1063 curn
1243 1010 1340 1063 sint
1367 1008 1658 1073 verissima,
1695 1011 1862 1066 cuivis

482 1085 757 1144 Scribere3
799 1083 1012 1137 delicias
1037 1099 1104 1136 ne
1130 1083 1265 1136 mala
1289 1082 1462 1137 nostra
1486 1097 1699 1137 vocent.

409 1160 622 1217 Scilicet
648 1158 689 1212 is
716 1156 874 1210 status
899 1153 1003 1214 est,
1043 1172 1102 1208 ea
1125 1173 1304 1209 rerum
1330 1156 1502 1209 forma
1529 1172 1797 1221 mearum,

484 1231 703 1285 Deliciis
730 1231 888 1283 etiam
913 1226 1072 1300 poflit
1099 1240 1157 1282 ut
1183 1227 1285 1282 effe
1312 1228 1476 1283 locuS.

407 1303 638 1360 Delicias
662 1303 737 1356 illi
762 1318 954 1371 precor
976 1300 1064 1354 has
1093 1302 1409 1372 contingere
1426 1340 1441 1364 ,
1478 1301 1515 1355 fi
1540 1304 1686 1374 quis,

264 1397 335 1432 20

481 1378 567 1433 Ne
590 1375 720 1430 mihi
745 1375 804 1429 sit
830 1373 999 1429 levior
1026 1372 1260 1427 Caesaris
1288 1377 1389 1438 ira,
1431 1373 1602 1429 timet.

401 1449 445 1505 Is
471 1465 714 1520 quoque,
750 1447 843 1519 qui
870 1444 1050 1517 gracili
1075 1445 1222 1500 cibus
1247 1447 1320 1501 est
1351 1447 1405 1502 in
1433 1464 1690 1520 corpore,
1727 1448 1966 1514 somnuS,

485 1523 612 1577 Non
637 1521 725 1574 alit
757 1518 945 1573 officio
970 1535 1166 1590 corpus
1191 1519 1348 1573 inane
1370 1521 1480 1574 suo,

406 1594 514 1649 Sed
542 1592 732 1664 vigilo,
772 1592 1099 1661 vigilantque
1127 1592 1232 1646 mei
1259 1592 1364 1646 sine
1387 1593 1493 1647 fine
1518 1593 1762 1658 dolores3

485 1669 737 1742 Quorum
763 1664 1039 1721 materiam
1063 1663 1155 1719 dat
1182 1666 1327 1720 locus
1351 1665 1460 1737 ipse
1487 1666 1632 1721 milii.

172 1947 209 1985 9.
238 1931 410 1984 Educat.]
440 1931 580 1970 Educet.
607 1929 785 1985 Huius}-

176 1999 233 2025 11.
266 1983 433 2034 Larices.]
473 1982 671 2029 Laricesque
701 1981 822 2034 Vatic3
851 1978 892 2016 &
921 1977 998 2015 Ms.
1021 1977 1157 2033 Bersm.

120 2034 347 2084 :Ambrossam
378 2034 466 2073 editi
493 2034 533 2071 &
566 2030 685 2079 scripti
712 2028 830 2068 multi.
855 2027 931 2066 vid.
957 2028 1002 2066 ad
1018 2028 1080 2067 lib.
1111 2040 1158 2066 11.

123 2087 590 2184 Μῖἵιῖ.1(ὶῗῗι.ιτα]ιινειιία.]
640 2131 743 2169 Grati
777 2129 939 2168 ministri.
966 2129 1159 2167 MERULA.

123 2185 234 2231 Iino,
263 2185 396 2229 Hebe,
425 2195 519 2232 quae
551 2182 692 2219 Latinis
720 2180 888 2225 Juventa
916 2179 1061 2217 dicitur.
1090 2179 1159 2216 fin-

122 2245 214 2286 gunt
235 2243 357 2274 autem
379 2236 518 2272 Poe'tae
540 2231 689 2269 Hebem
720 2230 786 2268 diis
818 2229 1017 2268 ministrare
1043 2240 1159 2277 pocu-

121 2287 169 2326 la.
197 2288 372 2324 Mic-ni..
398 2290 530 2321 Gnava
548 2282 701 2331 juventa
723 2294 856 2326 manu,
884 2280 1019 2318 sincera
1035 2279 1160 2318 lectio.

123 2339 163 2375 in
181 2338 257 2375 aliis
272 2364 281 2380 .
303 2335 447 2385 pulcra.-
475 2337 512 2372 in
533 2333 608 2371 aliis
633 2360 644 2378 ,
663 2342 781 2380 grata.
806 2332 977 2378 Juventas
1000 2330 1067 2368 dea
1089 2330 1160 2368 est:

118 2388 319 2438 juventus,
347 2386 417 2434 ipsa
439 2393 555 2428 aetas,
581 2382 832 2430 seujuvenes:
854 2382 1034 2429 juventa,
1062 2389 1160 2419 aeta-

122 2439 167 2476 tis
188 2447 344 2486 ternpus.
382 2436 544 2473 Fassiuc.
571 2437 685 2470 Grata
701 2433 851 2481 juventa
869 2433 964 2471 male
975 2431 1062 2480 legit
1076 2432 1160 2469 Me·

123 2489 223 2527 rula:
250 2486 446 2537 legendum
470 2485 575 2534 plane
598 2483 646 2520 est
670 2509 681 2526 ,
714 2496 836 2532 gnava
860 2495 869 2520 ε
904 2483 993 2520 liber
1014 2481 1159 2527 Ursini,

121 2552 246 2588 gnara.
274 2549 367 2587 quae
385 2537 496 2574 lectio
518 2534 563 2572 ad
576 2534 672 2572 illam
688 2535 856 2582 proxime
878 2532 1157 2571 accedit.C101=.

123 2590 254 2638 Scripti
282 2588 470 2636 plerique,
492 2595 597 2634 grata
620 2612 630 2627 ‚
667 2584 727 2621 vel
756 2584 878 2632 Graja.
904 2583 1007 2640 quod
1038 2582 1158 2631 poste-

123 2641 195 2677 rius
215 2639 403 2688 amplexus
423 2637 470 2675 est
500 2635 722 2674 doctissirnus
744 2635 970 2672 Gronovius.
998 2645 1090 2671 unus
1111 2645 1156 2672 ex

124 2690 266 2728 Nostris
289 2717 300 2734 ,
331 2688 447 2738 flava.
477 2687 589 2730 alius,
613 2698 738 2736 gnara.
765 2685 902 2723 Sarrav.
928 2684 1096 2732 Scaligeri
1118 2687 1157 2723 ὃ(

124 2742 280 2789 Argent.
307 2752 405 2776 nava
423 2738 600 2784 Juvema.
626 2736 736 2774 reete.
763 2736 812 2773 ita
833 2736 931 2773 enim
945 2734 1155 2780 scribebant,

125 2800 167 2828 ut
190 2791 312 2839 passim
334 2791 369 2828 in
392 2789 592 2827 veterrimo
616 2786 746 2825 codice
769 2785 844 2824 Silii
862 2786 1000 2824 Italici:
1016 2785 1154 2824 Seneca

125 2841 290 2879 Hercule
309 2843 454 2878 Oetaeo
470 2852 478 2876 z

179 2897 221 2928 In
241 2900 384 2940 tempore
398 2891 462 2939 ipso
475 2901 614 2936 gnavus
635 2887 781 2924 occurrit
800 2886 934 2926 Lichas.

126 2942 186 2979 ubi
223 2942 436 2979 veterrimus
467 2939 660 2978 Mediceus
704 2951 826 2976 novus.
852 2939 926 2976 hoc
953 2936 1002 2976 est
1029 2950 1158 2977 navus.

124 2992 224 3030 Vide
250 2993 366 3030 Notas
385 2990 495 3029 Trist.
516 2990 575 3027 lib.
597 3001 633 3026 v.
661 2989 837 3037 Eleg.iix.
859 2988 912 3030 ybs.
935 3000 993 3036 37.
1014 2989 1158 3026 Ηεικε.

127 3047 257 3079 Graeca
273 3044 427 3092 juventa
459 3041 638 3079 Torrent.
658 3039 704 3077 ad
729 3040 860 3077 Horat.
879 3051 908 3078 1.
931 3039 1005 3076 Od.
1032 3050 1091 3086 30.
1120 3041 1158 3076 &

126 3092 291 3131 Barthius
310 3105 436 3131 xxxix.
467 3091 565 3129 Adv.
598 3102 655 3129 10.
684 3098 723 3128 ut
742 3097 815 3127 erat
834 3090 870 3126 in
895 3090 1056 3137 plurimis
1077 3089 1161 3128 scri-

124 3143 215 3193 ptis:
244 3145 355 3181 etiam
373 3142 490 3188 puella
512 3154 578 3190 pro
593 3141 746 3190 juventa
767 3140 946 3190 quinque.

182 3206 195 3231 i
207 3205 240 3241 3.
267 3193 459 3242 Exacuet.]
491 3193 651 3229 Excutiet
662 3201 744 3229 tres.

182 3255 240 3293 13.
267 3250 366 3293 Sapor
385 3240 484 3290 illc]
513 3243 572 3280 Sic
593 3243 640 3280 est
659 3243 696 3280 in
717 3241 831 3279 altero
853 3241 976 3280 Vatic.
998 3241 1037 3279 &
1058 3240 1160 3279 Urfi-

123 3295 165 3383 :iii
179 3322 190 3338 ,
219 3295 348 3334 melius
366 3303 482 3343 quam
506 3293 542 3331 in
564 3293 654 3333 aliis.
666 3293 852 3343 ,Cronia
890 3293 950 3343 Iste
968 3292 1055 3334 editi
1077 3292 1160 3342 qui-

153 3355 226 3386 am·

2146 1793 2259 1852 Vix

1745 1928 1855 1967 Cibus
1884 1931 2001 1977 gravis
2043 1930 2081 1968 &
2116 1931 2258 1971 crudus.

1213 1977 1407 2016 MERULA.
1434 1980 1499 2017 Tu
1520 1980 1711 2024 construe,
1741 1980 1854 2018 Stabit
1878 1982 1916 2017 &
1943 1981 2040 2018 cibus
2064 1983 2100 2019 in
2121 1982 2256 2020 stoma—

1213 2029 1286 2066 cho
1306 2030 1435 2067 inerte.
1464 2039 1504 2067 ut
1533 2030 1574 2068 fit
1599 2032 1738 2074 inerte,
1767 2042 1833 2078 pro
1856 2031 1988 2074 inerti,
2015 2031 2173 2070 ablativo
2196 2043 2256 2070 ca-

1212 2078 1253 2116 su
1270 2078 1424 2116 dietum.
1452 2080 1588 2128 Neque
1609 2081 1708 2117 enim
1728 2082 1818 2118 iners
1840 2082 2100 2120 terminatione
2122 2094 2255 2120 move·

1213 2137 1285 2166 tur.
1322 2131 1361 2166 ὃ(
1391 2130 1428 2167 in
1460 2129 1548 2167 duas
1585 2130 1828 2175 consonantes
1858 2130 2059 2170 desinentia
2097 2141 2255 2182 utroque

1214 2178 1334 2217 modo
1355 2179 1553 2217 ablativum
1575 2181 1726 2218 faciunt.
1772 2181 1916 2218 Dicitur
1942 2191 2065 2221 autem
2088 2183 2255 2230 inerssto-

1216 2229 1360 2276 machus
1374 2257 1385 2274 ,
1409 2230 1561 2278 quando
1579 2230 1680 2269 suum
1694 2231 1858 2270 officium
1879 2244 1956 2269 non
1981 2234 2066 2271 facit
2081 2263 2088 2276 ‚
2102 2234 2174 2271 hoc
2187 2234 2250 2278 est,

1213 2291 1297 2376 pon
1322 2282 1525 2330 concoquit
1560 2293 1602 2320 ac
1639 2282 1780 2331 digerit.
1815 2283 1991 2321 Micrtr..
2041 2290 2151 2321 lnerze
2178 2297 2251 2321 meo

1238 2341 1361 2369 unian.

1270 2393 1326 2430 ις.
1353 2381 1519 2431 cuivis.]
1551 2383 1730 2431 §Quamvis
1751 2382 1902 2422 Putean.
1920 2383 2085 2436 cuiquam
2102 2384 2186 2432 Jun.
2210 2385 2250 2424 δε

1214 2431 1303 2470 editi
1324 2433 1506 2471 nonnulli.
1527 2435 1646 2482 cuique
1667 2434 1776 2471 Leid.

1214 2532 1252 2570 H
1269 2483 1324 2520 16.
1353 2482 1489 2533 ναίει]
1518 2483 1621 2532 Lege
1636 2511 1646 2528 ‚
1666 2492 1788 2520 vocem
1812 2496 1897 2523 cum
1918 2484 2060 2523 duobus
2077 2485 2247 2536 antiquis,

1258 2545 1358 2572 Eius.

1270 2595 1325 2629 17.
1352 2588 1405 2620 Ea
1425 2597 1539 2622 rerum
1551 2584 1672 2630 forma
1693 2582 1890 2633 mearum]
1947 2592 2073 2623 Rerum
2098 2588 2248 2634 fortuna

1214 2647 1372 2671 mearum
1393 2635 1608 2672 Thuaneus.
1634 2634 1690 2671 hic
1701 2636 1814 2681 status
1826 2636 1941 2682 scripti
1966 2638 2114 2675 &editi.
2136 2639 2250 2683 forte,

1212 2685 1343 2722 Scilicet
1365 2684 1418 2723 hic
1439 2699 1552 2723 rerum
1565 2686 1699 2730 status,
1727 2698 1769 2725 ω’
1790 2686 1862 2731 <vel
1881 2686 2133 2736 haec)s0rtuna
2153 2702 2249 2726 mea·

1211 2749 1305 2773 rum.
1330 2735 1405 2773 vid.
1427 2749 1456 2774 1.
1476 2737 1584 2774 Trist.
1603 2747 1655 2773 ix.
1678 2747 1736 2784 37.
1763 2736 1821 2774 sed
1841 2737 1878 2773 δε
1897 2737 2049 2776 Orosius
2071 2739 2131 2776 lib.
2153 2752 2196 2777 11.
2213 2753 2245 2784 ς,

1214 2787 1316 2823 νὶῐὶἰς
1333 2797 1376 2828 (9⁴
1399 2786 1586 2824 viffloribus
1611 2795 1676 2835 par
1689 2788 1808 2832 fhrma
1830 2803 1841 2823 :
1876 2787 1941 2826 nisi
1963 2789 2001 2826 &
2022 2789 2071 2826 ibi
2095 2791 2244 2834 fortuna

1213 2838 1293 2924 {Uis
1325 2836 1438 2875 malit.
1467 2837 1541 2876 vid.
1567 2838 1613 2876 ad
1640 2838 1792 2885 Quinti.
1813 2851 1849 2876 x.
1875 2838 1920 2877 de
1942 2838 2055 2877 Instit.
2074 2839 2178 2879 Orat.
2210 2853 2241 2880 ι,

1247 2900 1344 2926 unii.

1270 2938 1325 2975 18.
1356 2938 1455 2985 Poffi't
1485 2947 1524 2975 ut
1551 2937 1646 2989 effe.]
1698 2939 1802 2987 Quod
1833 2949 1936 2989 queat
1967 2939 2120 2980 Thuan.
2147 2941 2246 2981 unde

1215 2988 1345 3027 Heins.
1365 3002 1430 3037 quo
1450 2999 1565 3039 queat.

1264 3049 1326 3077 20.
1354 3039 1506 3089 Timet.]
1547 3039 1632 3077 Velit
1661 3040 1861 3089 Gottorph.
1889 3050 1983 3079 vocet
2004 3040 2108 3092 Frag.
2127 3041 2246 3082 Boxh.

1216 3090 1315 3128 unde
1343 3090 1472 3129 Heius.
1493 3101 1610 3128 vovet,

1267 3152 1327 3187 27.
1352 3146 1492 3178 Parvus
1512 3142 1549 3178 in
1566 3142 1667 3179 exiles
1677 3142 1796 3192 succus
1821 3141 1910 3180 mihi
1927 3142 2084 3192 pervenit
2102 3142 2241 3190 anun]

1218 3192 1296 3240 Qui
1316 3193 1572 3241 propervem't,
1598 3193 1827 3241 scripserunt,
1845 3203 2043 3240 permanet,
2069 3204 2245 3229 numero-

1216 3254 1297 3280 rum
1319 3241 1397 3279 sunt
1415 3243 1527 3280 obliti.
1556 3243 1721 3281 Faaiuc.
1750 3250 1932 3280 Permanet
1950 3242 2103 3279 artusess
2117 3244 2151 3276 in
2166 3252 2242 3277 uno

1217 3292 1341 3329 Vatic.
1361 3293 1401 3329 Iri
1423 3293 1536 3330 altero
1567 3306 1656 3331 vero
1683 3297 1720 3331 &
1751 3294 1870 3330 Ursini
1901 3295 2011 3338 longe
2047 3290 2174 3327 melior
2195 3290 2245 3327 est

1215 3342 1330 3383 lectio
1345 3369 1358 3390 ,
1379 3342 1551 3395 pervenit.
1569 3344 1680 3395 idque
1692 3345 1749 3385 alii
1761 3343 1941 3383 viderunt.
1969 3342 2133 3380 Ciofim.
2150 3340 2248 3431 1Μᾶ-

2166 3401 2216 3428 ,lm
2230 3415 2243 3432 ·,

1266 1938 1323 1974 ῑ4.
1353 1928 1488 1966 Pondus
1516 1928 1634 1967 inerte.
1646 1927 1663 1978 ]
