2495 3675
626 126 1330 204 'TRISTIU'M
1415 141 1612 199 Lm.
1685 147 1746 203 11.

363 246 619 322 Phyllidis
644 247 732 302 hic
764 248 937 309 idem,
976 259 1299 314 tenerosque
1328 242 1665 314 Amaryllidis
1696 244 1871 315 igneS‚

436 321 701 376 Bucolicis
725 320 932 400 juvenis
961 319 1149 373 luserat
1177 328 1298 370 ante
1325 314 1515 369 modis,

2123 169 2220 227 54³

143 441 173 522 st
216 485 320 538 540

358 396 474 450 Nos
501 412 718 467 quoque
739 410 846 463 Jam
873 391 1079 460 pridem
1104 391 1298 460 scripto
1326 388 1659 459 peccavimus
1687 405 1813 446 uno,

433 467 759 539 Supplicium
784 465 981 533 patitui·
1006 480 1116 516 non
1140 480 1276 515 nova
1304 462 1455 531 culpa
1484 479 1695 515 novum.

356 539 714 609 Carminaque
741 536 1012 589 edideram
1031 573 1046 597 ‚
1085 552 1207 588 cum
1239 548 1291 587 te
1321 532 1511 587 delicia
1535 547 1813 589 notantem

430 611 684 666 Praeterii
710 609 867 660 toties
888 607 1004 676 jure
1030 608 1239 677 quietus
1265 624 1441 676 eques,

350 685 502 756 Ergo
519 729 530 746 ‚
569 699 705 755 quae
728 680 910 753 juveni
936 679 1066 733 mihi
1089 696 1196 738 non
1222 679 1467 731 nocitura
1492 680 1669 749 putavi

423 757 626 826 Scripta
650 771 836 831 parum
863 752 1123 824 prudenS,

1162 769 1304 804 nunc
1336 768 1572 805 nocuere
1598 752 1738 805 seni?

212 848 312 900 545
349 829 473 884 Sera
497 827 814 882 redundavit
841 825 1033 878 veteris
1061 824 1291 877 vindicta
1316 823 1509 884 libelli;

423 900 593 955 Distat
623 901 674 953 δε
702 902 731 952 a
758 899 933 952 meriti
962 912 1205 967 tempore
1232 914 1398 965 poena
1425 895 1513 949 sui.

349 974 433 1030 Ne
458 986 633 1026 tamen
660 988 819 1025 omne
848 987 1029 1024 meum
1057 968 1241 1023 credas
1267 986 1396 1038 opus
1424 969 1524 1023 el‘l'e
1550 969 1845 1034 remiffum3

419 1045 585 1117 Saepe
614 1044 744 1100 dedi
771 1043 975 1100 nostrae
1002 1041 1218 1114 grandia
1244 1042 1356 1095 vela
1385 1042 1498 1095 rati.

108 1319 191 1359 530.
219 1313 307 1345 Pars
323 1316 386 1345 tua
395 1307 498 1355 fabia
520 1305 656 1357 canit]
693 1311 843 1345 canunt
867 1304 998 1344 rediius
1017 1303 1100 1356 qui-

57 1357 154 1398 dam.
184 1360 328 1397 Hfims.

110 1422 193 1459 535.
221 1416 275 1447 De
297 1417 427 1457 corpore
448 1408 554 1458 τοίω]
605 1414 657 1445 De
679 1408 832 1445 carmine
849 1417 918 1445 teto
947 1406 1097 1456 quidam

55 1461 212 1499 codices.
240 1461 315 1498 duo
347 1471 436 1496 vero
461 1488 472 1505 ,
508 1459 548 1496 de
578 1469 706 1509 corpore
737 1469 850 1496 tanto.
887 1458 990 1507 quod
1021 1470 1098 1494 non

53 1510 231 1560 displicuit
245 1509 425 1547 Heinsio:
455 1519 552 1548 certe
572 1521 698 1558 corpore
717 1521 792 1547 non
813 1518 956 1546 mutem
972 1537 981 1553 ,
995 1507 1098 1555 quod

53 1571 160 1599 notat
181 1573 273 1609 opus
295 1561 468 1598 membris
492 1560 648 1610 pluribus
680 1560 857 1599 constans.
891 1560 941 1598 ita
964 1559 1098 1597 Noster

51 1610 112 1650 lib.
134 1624 196 1650 111.
224 1611 332 1649 Trist.
353 1623 430 1649 xiv.
450 1611 485 1649 8.

102 1676 252 1726 Quaque
267 1683 358 1723 potes
373 1672 481 1711 retine
501 1681 613 1722 corpus
631 1672 668 1709 in
687 1671 768 1709 urbe
789 1684 918 1710 meum.

50 1745 91 1777 ut
110 1737 280 1775 Heinsius
297 1736 394 1774 re&e
415 1737 582 1773 correxit.
613 1735 748 1772 Cicero
768 1747 804 1772 v.
831 1735 875 1772 ad
898 1733 1024 1772 Famil.
1038 1745 1093 1772 12.

51 1793 92 1826 A
100 1787 262 1837 principio
287 1787 377 1823 enim
399 1786 641 1832 conjurationis
665 1797 770 1831 usque
792 1786 841 1822 ad
858 1784 1009 1821 reditum
1033 1797 1092 1820 no-

42 1838 157 1887 strum
177 1839 318 1875 videtur
342 1837 431 1875 mihi
459 1837 631 1873 modicum
663 1835 838 1884 quoddam
859 1845 972 1883 corpus
990 1834 1094 1885 confi.-

51 1889 82 1926 ci
98 1889 190 1939 poffin
221 1888 280 1926 ubi
302 1889 385 1926 vide
403 1896 518 1926 notas.
547 1887 684 1924 Marius
709 1888 853 1925 Vifior.
880 1887 940 1923 lib.
964 1899 992 1923 1.
1016 1887 1094 1924 Art.

51 1939 181 1977 Gram.
201 1941 236 1979 in
257 1937 350 1976 fine:
382 1946 549 1976 Homerus
570 1952 638 1975 non
656 1948 800 1974 tantum
819 1939 856 1974 in
876 1936 1005 1974 duobus
1024 1950 1093 1973 cor-

45 1991 198 2040 pusculis
235 1989 353 2027 Iliadis
383 2001 425 2029 (9¹
463 1989 611 2038 Odiffeae
643 1989 696 2025 his
728 1988 879 2036 verfibus
905 1988 1095 2025 Teleambis·

41 2044 243 2091 frequenter
273 2039 371 2088 usus,
396 2040 454 2087 led
475 2051 518 2079 ω’
539 2041 577 2076 in
595 2053 628 2076 eo
651 2040 804 2075 carmine
818 2067 827 2083 ,
845 2039 899 2075 cut'
919 2040 1096 2087 Margitae

49 2103 171 2134 nomen
192 2092 245 2138 est.
274 2094 311 2128 ὅ(
343 2093 391 2130 ita
410 2092 536 2138 thus.
558 2091 733 2138 Ulpianus
752 2091 820 2138 leg.
843 2103 900 2137 52.
930 2091 963 2131 §.
997 2102 1028 2125 2.
1056 2089 1095 2126 ff.

48 2140 93 2180 de
115 2144 242 2190 Legat.
264 2154 297 2190 3.
325 2143 359 2178 Si
390 2143 528 2178 Homeri
558 2150 670 2190 corpus
692 2139 741 2188 sit
762 2141 912 2188 legatum
927 2168 937 2183 ‚
957 2151 1000 2178 (φ’
1023 2153 1090 2176 non

41 2190 90 2242 sit
105 2193 244 2242 plenum
271 2220 281 2236 ‚
320 2203 618 2242 quantaecumque
645 2200 761 2239 partes
781 2191 878 2227 hodie
900 2190 1091 2227 invenian-

50 2252 108 2280 tur
128 2243 300 2280 debentur.
338 2243 516 2280 Suetslll.
548 2243 675 2278 Gram.
696 2253 770 2289 cap.
802 2253 854 2278 vi.
894 2241 1090 2290 Composuit

49 2305 148 2330 rarae
168 2294 369 2330 eruditio-ais
388 2292 594 2337 volumina,
622 2305 663 2328 ex
695 2292 816 2340 quibus
839 2305 963 2328 novem
986 2292 1089 2328 unius

49 2345 196 2394 eorporis.
239 2345 363 2391 Justin.
404 2345 553 2392 praefat.
587 2342 714 2392 florum
752 2343 984 2391 corpusculum
1006 2344 1087 2388 feci.

45 2391 184 2493 Ruga&
217 2450 291 2481 Non
310 2443 488 2494 legitima]
519 2445 622 2492 Lege
642 2455 720 2480 non
745 2442 965 2481 constituto:
995 2445 1088 2482 veti·

45 2504 100 2536 to.
129 2497 297 2532 CIOFAN.

102 2558 184 2593 53⁴7.
217 2551 426 2594 Teneraeque
451 2542 682 2592 Amaryllidis
704 2542 832 2592 ignem]
881 2550 1086 2592 Tenerosque

47 2596 126 2636 libri
147 2597 326 2633 meliores.
357 2598 392 2632 ἃ
409 2594 657 2642 Amaryllidos.
687 2594 830 2630 i-ims.
856 2594 1026 2644 Phyllidis
1037 2607 1102 2632 te·-

52 2660 146 2686 neros
162 2676 171 2690 ‚
199 2659 396 2696 teneraeque
420 2646 564 2682 Lovau.

39 2698 49 2704 ’
104 2710 185 2746 530.
215 2699 338 2746 Scripto
355 2698 572 2744 peccavimus
589 2695 645 2739 isto
669 2694 683 2743 ]
739 2701 810 2731 Uno
835 2703 906 2733 tres
936 2705 1087 2735 veteres.

50 2747 221 2787 Bucolica
243 2750 341 2785 enim
368 2747 620 2785 Ovidius-non
645 2746 787 2794 scripfit.
815 2747 960 2784 Heius.
987 2750 1087 2785 Baelo

45 2802 261 2849 peccavimus
281 2810 384 2836 unuS.

106 2877 186 2914 540.
218 2871 295 2900 Non
317 2863 448 2914 nova]
505 2863 569 2901 Vix
591 2877 683 2901 nova
705 2876 809 2903 unus.
836 2866 936 2915 musa
957 2879 1087 2903 novum

53 2914 139 2953 alius
153 2944 163 2960 ‚
193 2917 301 2964 cauffa
320 2915 429 2952 etiam
452 2915 555 2954 alius.

105 2992 186 3028 54¹·
214 2986 305 3017 Cum
325 2991 356 3017 te
375 2980 499 3016 aalma
520 2981 738 3031 notantem]
776 2982 941 3020 Verbum
965 2983 1090 3021 censo·

55 3030 146 3068 rium
169 3043 295 3067 notare.
332 3032 379 3068 A.
407 3032 544 3068 Gellius
565 3033 655 3069 libro
680 3044 732 3069 iv.
763 3044 839 3080 cap.
863 3046 918 3071 12.
960 3035 1090 3082 Siquis

55 3094 150 3128 eques
173 3089 342 3118 Romanus
354 3096 478 3132 equum
499 3082 621 3119 habere
633 3082 861 3130 gracilentum
882 3096 945 3121 aut
960 3095 1089 3134 parum

58 3131 207 3184 ostiolum
229 3132 321 3179 visus
340 3144 413 3169 erat
427 3162 436 3176 ‚
465 3133 650 3180 impolitiae
669 3134 867 3171 notabatur.
883 3135 920 3171 id
941 3135 1089 3172 verbam

55 3180 243 3228 significat,
272 3182 411 3232 quafifi
431 3194 471 3219 tu
490 3184 606 3227 dicas,
632 3185 796 3222 incuriae.
827 3186 926 3223 Hinc
945 3187 982 3223 &
1007 3199 1089 3223 nota

60 3235 205 3287 censoria
234 3233 270 3268 in
300 3234 532 3280 proverbium
564 3235 660 3272 abiit.
699 3236 796 3273 idem
826 3235 918 3273 libro
938 3248 1014 3284 cap.
1034 3250 1094 3275 xx.

62 3286 188 3330 Notata
203 3294 225 3319 a
244 3284 447 3333 cenfizribus,
474 3284 535 3335 qus·
561 3286 782 3339 quatientibus
801 3286 843 3326 iis
861 3287 1027 3328 dixerant
1040 3290 1096 3339 jo-

2099 1170 2205 1228 Sex

1157 1316 1196 1341 ca
1217 1302 1389 1353 quaedam
1409 1302 1690 1352 intempestiviter
1710 1308 1720 1348 ⁷,
1759 1317 1799 1342 ac
1821 1305 1861 1344 de
1879 1307 1950 1357 ejus
1972 1317 2054 1344 nota
2076 1307 2203 1345 delibe-

1156 1366 1269 1392 ratur.
1297 1356 1333 1392 in
1363 1354 1440 1402 ipso
1463 1356 1579 1403 capite
1600 1365 1609 1391 ε
1639 1355 1795 1402 Censores
1826 1363 1864 1396 Ρ.
1886 1360 1987 1407 Scipio
2012 1357 2135 1408 Nasica
2157 1368 2202 1398 (9⁰

1157 1411 1212 1442 M.
1235 1406 1380 1454 Popilius
1411 1418 1489 1442 cum
1519 1406 1674 1457 equitum
1705 1410 1838 1451 censum
1866 1419 2003 1457 agerent
2025 1437 2035 1453 ,
2071 1421 2201 1460 equum

1157 1457 1263 1493 nimis
1290 1455 1467 1504 strigosum
1488 1468 1530 1495 ω’
1560 1457 1651 1492 male
1670 1456 1831 1494 habitum
1845 1486 1854 1501 ‚
1874 1459 1937 1506 sed
1957 1462 2104 1511 equitem
2127 1460 2199 1506 ejus

1156 1506 1369 1544 uberrimum
1390 1519 1432 1546 (9⁶
1459 1507 1705 1553 babiliffimum
1732 1508 1911 1547 viderunt.
1967 1516 2011 1547 Et
2033 1524 2114 1555 cur,
2142 1510 2199 1546 in-

1155 1559 1282 1606 quiunt
1296 1585 1306 1599 ‚
1334 1557 1441 1605 ita‘esl
1454 1585 1464 1602 ‚
1493 1569 1533 1594 ut
1554 1569 1592 1594 tu
1603 1556 1650 1604 fis
1663 1571 1769 1606 quam
1787 1573 1891 1608 equus
1911 1561 2088 1599 curatior?
2115 1574 2200 1611 quo-

1155 1609 1253 1645 niam
1275 1608 1412 1658 inquit,
1441 1622 1493 1657 ego
1512 1622 1564 1645 me
1586 1621 1662 1644 curo
1676 1636 1686 1652 ,
1714 1623 1840 1660 equum
1860 1611 1993 1648 Statius
2012 1625 2106 1648 meus
2123 1612 2200 1660 ser-

1155 1671 1236 1696 vus.
1264 1659 1379 1706 Visum
1400 1659 1442 1705 est
1456 1669 1582 1708 parum
1608 1673 1763 1697 reverens
1787 1662 1842 1708 effe
1867 1663 2080 1710 responsum,
2108 1661 2198 1699 rela-

1149 1720 1270 1760 tusque
1285 1710 1323 1746 in
1340 1710 1489 1746 aerarios
1503 1738 1512 1754 ,
1539 1720 1578 1745 ut
1592 1723 1660 1745 mos
1683 1710 1735 1756 est.
1770 1711 1872 1748 Plura
1902 1713 2053 1750 ibidem.
2073 1712 2135 1750 ubi
2156 1712 2197 1750 &

1148 1760 1256 1798 habes
1275 1759 1382 1796 eximi
1403 1769 1524 1803 notae,
1551 1761 1626 1796 hoc
1651 1760 1721 1804 est,
1749 1761 1888 1799 liberati
1910 1763 1952 1799 ab
1965 1762 2202 1809 animadver2

1148 1810 1251 1849 fione
1271 1810 1477 1849 censorum.
1504 1810 1650 1847 Hfims.
1690 1817 1844 1848 Notante
1866 1815 1972 1859 prim.
1996 1813 2095 1851 Edit.

1202 1885 1283 1922 1542.
1304 1873 1516 1923 irrequietus
1535 1872 1667 1922 eques.]
1718 1871 1779 1909 Ille
1798 1873 1932 1920 quietus
1954 1875 2197 1916 emendatum

1151 1924 1280 1972 Lipsio
1310 1923 1356 1961 de
1388 1923 1525 1961 Militia
1547 1921 1718 1962 Romana
1746 1923 1806 1960 lib.
1830 1935 1856 1959 1.
1886 1934 1964 1972 cap.
1986 1938 2018 1972 ς.
2063 1926 2121 1964 sed
2140 1939 2197 1965 re-

1151 1987 1274 2023 pone,
1297 1974 1375 2021 jure
1405 1975 1541 2025 quietus
1570 1987 1614 2012 ex
1641 1976 1751 2012 tribus
1779 1974 1947 2022 antiquis.
1977 1977 2084 2015 Multi
2110 1977 2194 2024 alii,

1152 2025 1379 2074 inrequietus.
1421 2027 1593 2072 proxime
1614 2037 1757 2063 verum.
1787 2025 1933 2063 Herus.
1981 2026 2097 2076 Apud
2119 2028 2199 2073 Sta÷

1151 2077 1246 2115 tium
1266 2076 1357 2113 libro
1371 2075 1429 2113 ἰν.
1451 2075 1574 2124 Sylva.
1593 2089 1619 2113 ι.
1644 2075 1725 2122 187.

1762 2145 1801 2176 t'u
1822 2139 1936 2177 limite
1951 2151 2059 2191 coepto

1196 2190 1308 2244 Teade
1317 2190 1445 2237 libens,
1465 2190 1676 2241 sacrumque
1692 2189 1786 2228 latus
1804 2218 1816 2236 ,
1844 2192 2061 2245 Geniumque
2075 2196 2195 2242 poten-3

1318 2252 1388 2278 tem

1198 2292 1404 2341 Irrequietus
1424 2305 1519 2330 ama.

1145 2348 1391 2406 ubi-Barthius
1413 2354 1589 2401 exponit,
1616 2366 1819 2405 numquam
1833 2356 2017 2400 defidem;
2044 2359 2139 2395 &ita
2156 2359 2192 2398 se

1146 2399 1329 2439 Ovidium
1345 2415 1489 2448 vocare,
1503 2406 1588 2453 quia
1601 2417 1754 2444 omnem
1772 2409 1950 2452 ignaviam
1968 2410 2092 2445 exosus
2104 2417 2192 2449 erat.

1143 2461 1333 2506 perperam
1350 2480 1360 2496 ,
1383 2463 1424 2490 ut
1446 2465 1557 2501 put0;
1580 2468 1665 2492 nam
1689 2459 1911 2503 irrequietum
1934 2458 1957 2493 si
1976 2458 2204 2506 {edixissem-

1142 2502 1391 2548 pollethaberi
1405 2514 1506 2541 utres
1526 2518 1640 2543 novas
1663 2508 1838 2549 moliens;
1869 2519 1978 2556 quare
1999 2520 2080 2545 cuin
2095 2508 2188 2548 sem-

1142 2563 1205 2599 per
1217 2553 1312 2589 Naso
1333 2553 1557 2593 abhorruerit
1575 2569 1594 2593 a
1615 2557 1715 2594 turba
1734 2568 1877 2601 rerum,
1903 2561 1938 2594 &
1959 2557 1992 2593 se
2005 2560 2048 2594 ad
2059 2561 2131 2595 otia
2147 2562 2189 2599 δε

1144 2602 1310 2640 umbram
1340 2615 1466 2642 natuni
1501 2605 1601 2643 fuiffe
1632 2607 1727 2644 dicat
1746 2635 1756 2650 ‚
1787 2608 2019 2654 praeferenda
2044 2610 2189 2650 Heinfii

1145 2654 1327 2708 correctio
1342 2683 1350 2698 ‚
1366 2657 1428 2704 qui
1441 2657 1477 2693 ὅ(
1491 2656 1585 2702 apud
1600 2658 1749 2694 Statium
1765 2658 1918 2695 malebat
1932 2686 1941 2702 ,
1952 2659 2031 2706 jure
2041 2662 2190 2708 quietus.

1143 2715 1278 2753 quietus
1313 2718 1400 2742 vero
1426 2734 1436 2750 ‚
1476 2707 1522 2743 est
1552 2707 1692 2746 securus
1720 2719 1830 2745 notae
1863 2709 2070 2753 censoriae,
2101 2713 2189 2760 quia

1143 2754 1274 2792 nullius
1299 2756 1357 2794 sibi
1383 2757 1467 2795 mali
1502 2758 1665 2796 conscius
1688 2769 1773 2796 erar.
1803 2759 1847 2796 fic
1867 2759 1979 2796 Plaut.
2003 2760 2109 2798 Cure.
2131 2773 2188 2801 ιν.

1143 2817 1188 2842 ιι.
1208 2806 1241 2840 6.
1279 2807 1319 2842 de
1347 2807 1423 2853 istoc
1446 2811 1579 2857 quietus
1605 2809 1674 2854 esto.
1704 2810 1741 2845 &
1778 2810 1936 2849 Terent.
1960 2810 2109 2849 Phorin.
2131 2824 2189 2853 1v.

1143 2866 1179 2891 v.
1203 2867 1228 2891 1.
1257 2858 1404 2902 Qietus
1427 2859 1499 2900 esta.
1536 2860 1599 2907 qui
1620 2861 1657 2897 &
1680 2859 1782 2908 saepe
1811 2860 1937 2909 quiesce
1959 2888 1969 2906 ,
1998 2873 2064 2909 pro
2085 2862 2188 2910 Γαῖα-Δ

1144 2916 1200 2943 rus
1221 2905 1284 2950 fis,
1314 2909 1434 2945 utitur.
1463 2908 1593 2947 Euam.

1199 2982 1280 3017 543.
1308 2976 1392 3019 Ergo
1415 2986 1501 3021 quae
1516 2974 1682 3022 juveni.]
1727 2980 1812 3024 Ergo
1830 2990 1868 3012 ea
1891 2977 1966 3015 duo
1992 2977 2082 3016 libri.
2112 2980 2189 3019 for:

1145 3028 1202 3064 te,
1231 3034 1327 3069 ergo,
1357 3036 1410 3069 ego
1438 3037 1526 3080 quae
1548 3027 1619 3062 &c.
1650 3025 1721 3062 vicl.
1755 3026 1801 3064 ad
1830 3041 1856 3063 ι,
1892 3032 2022 3066 timor.
2048 3042 2096 3068 ιι.
2126 3043 2187 3079 49.

1146 3071 1289 3109 ΗειΝς,
1342 3073 1483 3118 Javem
1502 3075 1572 3111 tria
1600 3077 1860 3125 Leid.juvenis
1885 3079 2045 3128 plurimi.
2068 3092 2185 3127 mox,

1135 3123 1222 3170 sunt
1243 3123 1398 3160 nocitura
1414 3126 1486 3172 ,seni
1505 3126 1672 3165 Leidens.

1204 3202 1282 3237 545.
1309 3195 1388 3228 Sera
1411 3192 1660 3244 redundavit]
1692 3195 1732 3232 ln
1755 3194 1849 3235 libris
1867 3197 1962 3235 Artis
1976 3199 2190 3236 Amatoriae

1148 3241 1389 3279 naumachiae
1416 3244 1459 3281 ab
1492 3244 1657 3293 Augusto
1680 3258 1804 3284 recens
1835 3248 2038 3292 exhibitae,
2068 3250 2103 3284 &
2128 3260 2190 3285 cx-

1148 3290 1344 3341 peditionis
1378 3292 1458 3342 Caji
1491 3295 1651 3349 Caesaris
1677 3297 1716 3350 in
1737 3297 1938 3338 Armenios
1968 3310 2059 3337 mox
2088 3297 2191 3334 susci-

1321 3342 1352 3393 Z
1362 3354 1382 3381 z
1392 3354 1411 3381 z
1439 3356 1461 3394 2.
2088 3347 2191 3396 pieri:
