<?xml version="1.0" encoding="UTF-8"?>
<!DOCTYPE html PUBLIC "-//W3C//DTD XHTML 1.0 Transitional//EN"
    "http://www.w3.org/TR/xhtml1/DTD/xhtml1-transitional.dtd">
<html xmlns="http://www.w3.org/1999/xhtml" xml:lang="en" lang="en">
 <head>
  <title>
</title>
<meta http-equiv="Content-Type" content="text/html;charset=utf-8" />
  <meta name='ocr-system' content='tesseract 3.04.00' />
  <meta name='ocr-capabilities' content='ocr_page ocr_carea ocr_par ocr_line ocrx_word'/>
</head>
<body>
  <div class='ocr_page' id='page_1' title='image "./publiiovidiinaso03ovid_0244.png"; bbox 0 0 2495 3675; ppageno 0'>
   <div class='ocr_carea' id='block_1_1' title="bbox 216 211 322 260">
    <p class='ocr_par' dir='ltr' id='par_1_1' title="bbox 216 211 322 260">
     <span class='ocr_line' id='line_1_1' title="bbox 216 211 322 260; baseline -0.019 -12"><span class='ocrx_word' id='word_1_1' title='bbox 216 211 322 260; x_wconf 83' lang='lat'><strong>230</strong></span> 
     </span>
    </p>
   </div>
   <div class='ocr_carea' id='block_1_2' title="bbox 375 421 1254 529">
    <p class='ocr_par' dir='ltr' id='par_1_2' title="bbox 375 421 1254 529">
     <span class='ocr_line' id='line_1_2' title="bbox 375 421 1254 529; baseline -0.005 0"><span class='ocrx_word' id='word_1_2' title='bbox 375 429 478 529; x_wconf 89' lang='lat' dir='ltr'><strong>P.</strong></span> <span class='ocrx_word' id='word_1_3' title='bbox 611 421 1254 528; x_wconf 88' lang='lat' dir='ltr'>OVIDII</span> 
     </span>
    </p>
   </div>
   <div class='ocr_carea' id='block_1_3' title="bbox 1383 416 2237 528">
    <p class='ocr_par' dir='ltr' id='par_1_3' title="bbox 1383 416 2237 528">
     <span class='ocr_line' id='line_1_3' title="bbox 1383 416 2237 528; baseline 0.007 -6"><span class='ocrx_word' id='word_1_4' title='bbox 1383 416 2237 528; x_wconf 87' lang='lat' dir='ltr'>NASONIS</span> 
     </span>
    </p>
   </div>
   <div class='ocr_carea' id='block_1_4' title="bbox 289 658 2350 805">
    <p class='ocr_par' dir='ltr' id='par_1_4' title="bbox 289 658 2350 805">
     <span class='ocr_line' id='line_1_4' title="bbox 289 658 2350 805; baseline -0.002 0"><span class='ocrx_word' id='word_1_5' title='bbox 289 658 2350 805; x_wconf 73' lang='lat' dir='ltr'>PASTORUM</span> 
     </span>
    </p>
   </div>
   <div class='ocr_carea' id='block_1_5' title="bbox 904 963 1488 1033">
    <p class='ocr_par' dir='ltr' id='par_1_5' title="bbox 904 963 1488 1033">
     <span class='ocr_line' id='line_1_5' title="bbox 904 963 1488 1033; baseline -0.003 0"><span class='ocrx_word' id='word_1_6' title='bbox 904 963 1488 1033; x_wconf 89' lang='lat' dir='ltr'>LIBER</span> 
     </span>
    </p>
   </div>
   <div class='ocr_carea' id='block_1_6' title="bbox 1619 963 1726 1032">
    <p class='ocr_par' dir='ltr' id='par_1_6' title="bbox 1619 963 1726 1032">
     <span class='ocr_line' id='line_1_6' title="bbox 1619 963 1726 1032; baseline -0.009 -2"><span class='ocrx_word' id='word_1_7' title='bbox 1619 963 1726 1032; x_wconf 82' lang='lat' dir='ltr'><strong>IV.</strong></span> 
     </span>
    </p>
   </div>
   <div class='ocr_carea' id='block_1_7' title="bbox 529 1225 2026 1364">
    <p class='ocr_par' dir='ltr' id='par_1_7' title="bbox 529 1225 2026 1364">
     <span class='ocr_line' id='line_1_7' title="bbox 529 1225 2026 1364; baseline 0.001 -83"><span class='ocrx_word' id='word_1_8' title='bbox 529 1227 825 1364; x_wconf 54' lang='grc' dir='ltr'><strong>ΑΒΓΜ,</strong></span> <span class='ocrx_word' id='word_1_9' title='bbox 858 1226 977 1283; x_wconf 86' lang='lat' dir='ltr'><strong>fave</strong></span> <span class='ocrx_word' id='word_1_10' title='bbox 1001 1228 1138 1292; x_wconf 86' lang='lat' dir='ltr'><strong>vati,</strong></span> <span class='ocrx_word' id='word_1_11' title='bbox 1174 1227 1515 1299; x_wconf 88' lang='lat' dir='ltr'><strong>geminorum</strong></span> <span class='ocrx_word' id='word_1_12' title='bbox 1542 1240 1712 1281; x_wconf 87' lang='lat' dir='ltr'><strong>mater</strong></span> <span class='ocrx_word' id='word_1_13' title='bbox 1741 1225 2026 1283; x_wconf 83' lang='lat' dir='ltr'><strong>Amorum.</strong></span> 
     </span>
     <span class='ocr_line' id='line_1_8' title="bbox 732 1298 1719 1356; baseline -0.001 -2"><span class='ocrx_word' id='word_1_14' title='bbox 732 1301 824 1354; x_wconf 89' lang='lat' dir='ltr'><strong>Ad</strong></span> <span class='ocrx_word' id='word_1_15' title='bbox 854 1313 1031 1356; x_wconf 86' lang='lat' dir='ltr'><strong>vatem</strong></span> <span class='ocrx_word' id='word_1_16' title='bbox 1061 1301 1236 1355; x_wconf 86' lang='lat' dir='ltr'><strong>vultus</strong></span> <span class='ocrx_word' id='word_1_17' title='bbox 1264 1299 1445 1353; x_wconf 82' lang='lat' dir='ltr'><strong>retulit</strong></span> <span class='ocrx_word' id='word_1_18' title='bbox 1471 1298 1554 1351; x_wconf 87' lang='lat' dir='ltr'><strong>illa</strong></span> <span class='ocrx_word' id='word_1_19' title='bbox 1581 1299 1719 1353; x_wconf 74' lang='lat' dir='ltr'><strong>suos,</strong></span> 
     </span>
    </p>
   </div>
   <div class='ocr_carea' id='block_1_8' title="bbox 423 1369 2009 1811">
    <p class='ocr_par' dir='ltr' id='par_1_8' title="bbox 423 1369 2009 1811">
     <span class='ocr_line' id='line_1_9' title="bbox 531 1369 1932 1447; baseline 0 -19"><span class='ocrx_word' id='word_1_20' title='bbox 531 1373 684 1447; x_wconf 87' lang='lat' dir='ltr'>Quid</span> <span class='ocrx_word' id='word_1_21' title='bbox 709 1372 833 1436; x_wconf 91' lang='lat' dir='ltr'><strong>tibi,</strong></span> <span class='ocrx_word' id='word_1_22' title='bbox 871 1374 973 1436; x_wconf 88' lang='lat' dir='ltr'><strong>ait,</strong></span> <span class='ocrx_word' id='word_1_23' title='bbox 1012 1373 1262 1428; x_wconf 88' lang='lat' dir='ltr'><strong>mecum?</strong></span> <span class='ocrx_word' id='word_1_24' title='bbox 1303 1384 1446 1426; x_wconf 87' lang='lat' dir='ltr'><strong>certe</strong></span> <span class='ocrx_word' id='word_1_25' title='bbox 1471 1369 1670 1441; x_wconf 87' lang='lat' dir='ltr'><strong>majora</strong></span> <span class='ocrx_word' id='word_1_26' title='bbox 1694 1371 1932 1429; x_wconf 77' lang='lat' dir='ltr'><strong>canebaS.</strong></span> 
     </span>
     <span class='ocr_line' id='line_1_10' title="bbox 600 1443 1853 1518; baseline -0.005 -16"><span class='ocrx_word' id='word_1_27' title='bbox 600 1447 746 1502; x_wconf 90' lang='lat' dir='ltr'><strong>Num</strong></span> <span class='ocrx_word' id='word_1_28' title='bbox 775 1458 927 1501; x_wconf 86' lang='lat' dir='ltr'><strong>vetus</strong></span> <span class='ocrx_word' id='word_1_29' title='bbox 954 1447 1009 1501; x_wconf 89' lang='lat' dir='ltr'><strong>in</strong></span> <span class='ocrx_word' id='word_1_30' title='bbox 1035 1447 1182 1501; x_wconf 87' lang='lat' dir='ltr'><strong>molli</strong></span> <span class='ocrx_word' id='word_1_31' title='bbox 1206 1444 1424 1518; x_wconf 57' lang='lat' dir='ltr'><strong>pectore</strong></span> <span class='ocrx_word' id='word_1_32' title='bbox 1448 1444 1637 1498; x_wconf 83' lang='lat' dir='ltr'><strong>vulnus</strong></span> <span class='ocrx_word' id='word_1_33' title='bbox 1661 1443 1853 1498; x_wconf 86' lang='lat' dir='ltr'><strong>habes?</strong></span> 
     </span>
     <span class='ocr_line' id='line_1_11' title="bbox 423 1515 2009 1591; baseline -0.002 -16"><span class='ocrx_word' id='word_1_34' title='bbox 423 1537 453 1589; x_wconf 80' lang='grc' dir='ltr'><em>ς</em></span> <span class='ocrx_word' id='word_1_35' title='bbox 528 1518 641 1575; x_wconf 84' lang='lat' dir='ltr'><strong>Scis</strong></span> <span class='ocrx_word' id='word_1_36' title='bbox 665 1518 810 1582; x_wconf 87' lang='lat' dir='ltr'><strong>Dea,</strong></span> <span class='ocrx_word' id='word_1_37' title='bbox 850 1519 1127 1591; x_wconf 78' lang='lat' dir='ltr'>respondi,</span> <span class='ocrx_word' id='word_1_38' title='bbox 1166 1518 1234 1573; x_wconf 92' lang='lat' dir='ltr'><strong>de</strong></span> <span class='ocrx_word' id='word_1_39' title='bbox 1259 1518 1492 1574; x_wconf 85' lang='lat' dir='ltr'><strong>vulnere.</strong></span> <span class='ocrx_word' id='word_1_40' title='bbox 1534 1515 1702 1586; x_wconf 87' lang='lat' dir='ltr'><strong>(rifit:</strong></span> <span class='ocrx_word' id='word_1_41' title='bbox 1745 1516 1801 1571; x_wconf 85' lang='lat'>&amp;</span> <span class='ocrx_word' id='word_1_42' title='bbox 1824 1517 2009 1572; x_wconf 85' lang='lat' dir='ltr'><strong>aether</strong></span> 
     </span>
     <span class='ocr_line' id='line_1_12' title="bbox 609 1590 1675 1666; baseline -0.004 -21"><span class='ocrx_word' id='word_1_43' title='bbox 609 1591 859 1646; x_wconf 86' lang='lat' dir='ltr'>Protinus</span> <span class='ocrx_word' id='word_1_44' title='bbox 884 1610 951 1646; x_wconf 81' lang='lat' dir='ltr'><strong>ex</strong></span> <span class='ocrx_word' id='word_1_45' title='bbox 976 1594 1063 1646; x_wconf 71' lang='lat' dir='ltr'><strong>illa</strong></span> <span class='ocrx_word' id='word_1_46' title='bbox 1089 1605 1240 1666; x_wconf 86' lang='lat' dir='ltr'><strong>parte</strong></span> <span class='ocrx_word' id='word_1_47' title='bbox 1269 1591 1481 1646; x_wconf 84' lang='lat' dir='ltr'><strong>serenus</strong></span> <span class='ocrx_word' id='word_1_48' title='bbox 1511 1590 1675 1654; x_wconf 87' lang='lat' dir='ltr'><strong>erat.)</strong></span> 
     </span>
     <span class='ocr_line' id='line_1_13' title="bbox 530 1661 1930 1738; baseline -0.003 -18"><span class='ocrx_word' id='word_1_49' title='bbox 530 1663 779 1728; x_wconf 74' lang='lat' dir='ltr'><strong>Sauciu3‚</strong></span> <span class='ocrx_word' id='word_1_50' title='bbox 822 1681 889 1719; x_wconf 91' lang='lat' dir='ltr'><strong>an</strong></span> <span class='ocrx_word' id='word_1_51' title='bbox 923 1665 1099 1730; x_wconf 87' lang='lat' dir='ltr'><strong>sanus,</strong></span> <span class='ocrx_word' id='word_1_52' title='bbox 1134 1663 1398 1738; x_wconf 89' lang='lat' dir='ltr'><strong>numquid</strong></span> <span class='ocrx_word' id='word_1_53' title='bbox 1427 1675 1517 1716; x_wconf 88' lang='lat' dir='ltr'><strong>tua</strong></span> <span class='ocrx_word' id='word_1_54' title='bbox 1539 1661 1681 1733; x_wconf 85' lang='lat' dir='ltr'><strong>figna</strong></span> <span class='ocrx_word' id='word_1_55' title='bbox 1705 1662 1930 1735; x_wconf 81' lang='lat' dir='ltr'>reliqui?</span> 
     </span>
     <span class='ocr_line' id='line_1_14' title="bbox 611 1734 1911 1811; baseline -0.002 -19"><span class='ocrx_word' id='word_1_56' title='bbox 611 1737 708 1792; x_wconf 91' lang='lat' dir='ltr'><strong>Tu</strong></span> <span class='ocrx_word' id='word_1_57' title='bbox 732 1738 859 1793; x_wconf 88' lang='lat' dir='ltr'><strong>mihi</strong></span> <span class='ocrx_word' id='word_1_58' title='bbox 888 1738 1250 1811; x_wconf 77' lang='lat' dir='ltr'><strong>propositum,</strong></span> <span class='ocrx_word' id='word_1_59' title='bbox 1287 1752 1347 1794; x_wconf 90' lang='lat' dir='ltr'><strong>tu</strong></span> <span class='ocrx_word' id='word_1_60' title='bbox 1372 1734 1503 1790; x_wconf 88' lang='lat' dir='ltr'><strong>mihi</strong></span> <span class='ocrx_word' id='word_1_61' title='bbox 1529 1734 1737 1808; x_wconf 83' lang='lat' dir='ltr'><strong>semper</strong></span> <span class='ocrx_word' id='word_1_62' title='bbox 1762 1751 1911 1807; x_wconf 64' lang='lat' dir='ltr'><strong>opus„</strong></span> 
     </span>
    </p>
   </div>
   <div class='ocr_carea' id='block_1_9' title="bbox 298 1998 1295 2052">
    <p class='ocr_par' dir='ltr' id='par_1_9' title="bbox 298 1998 1295 2052">
     <span class='ocr_line' id='line_1_15' title="bbox 298 1998 1295 2052; baseline -0.003 -9"><span class='ocrx_word' id='word_1_63' title='bbox 298 2015 332 2044; x_wconf 70' lang='grc' dir='ltr'><strong>τ.</strong></span> <span class='ocrx_word' id='word_1_64' title='bbox 359 2003 496 2047; x_wconf 80' lang='lat' dir='ltr'><em>Alma,</em></span> <span class='ocrx_word' id='word_1_65' title='bbox 502 2002 614 2050; x_wconf 78' lang='lat' dir='ltr'><strong>fave,</strong></span> <span class='ocrx_word' id='word_1_66' title='bbox 634 1998 746 2050; x_wconf 61' lang='lat' dir='ltr'><strong>dixi]</strong></span> <span class='ocrx_word' id='word_1_67' title='bbox 773 2000 912 2048; x_wconf 83' lang='lat' dir='ltr'><em>Alma,</em></span> <span class='ocrx_word' id='word_1_68' title='bbox 935 2003 1025 2047; x_wconf 77' lang='lat' dir='ltr'><strong>fave</strong></span> <span class='ocrx_word' id='word_1_69' title='bbox 1044 2001 1295 2052; x_wconf 72' lang='lat' dir='ltr'><strong>vatiquatuo‘t</strong></span> 
     </span>
    </p>
   </div>
   <div class='ocr_carea' id='block_1_10' title="bbox 2240 1859 2400 1933">
    <p class='ocr_par' dir='ltr' id='par_1_10' title="bbox 2240 1859 2400 1933">
     <span class='ocr_line' id='line_1_16' title="bbox 2240 1859 2400 1933; baseline 0.013 -17"><span class='ocrx_word' id='word_1_70' title='bbox 2240 1859 2400 1933; x_wconf 85' lang='lat' dir='ltr'><strong>Quae</strong></span> 
     </span>
    </p>
   </div>
   <div class='ocr_carea' id='block_1_11' title="bbox 1401 1996 2402 2050">
    <p class='ocr_par' dir='ltr' id='par_1_11' title="bbox 1401 1996 2402 2050">
     <span class='ocr_line' id='line_1_17' title="bbox 1401 1996 2402 2050; baseline 0.001 -13"><span class='ocrx_word' id='word_1_71' title='bbox 1401 2009 1437 2047; x_wconf 88' lang='lat'><strong>7.</strong></span> <span class='ocrx_word' id='word_1_72' title='bbox 1466 1998 1607 2037; x_wconf 79' lang='lat' dir='ltr'><em>Saucius</em></span> <span class='ocrx_word' id='word_1_73' title='bbox 1624 2008 1690 2035; x_wconf 83' lang='lat' dir='ltr'><strong>aut</strong></span> <span class='ocrx_word' id='word_1_74' title='bbox 1698 1997 1810 2048; x_wconf 78' lang='lat' dir='ltr'><strong>fimus</strong></span> <span class='ocrx_word' id='word_1_75' title='bbox 1828 2010 2013 2049; x_wconf 83' lang='lat' dir='ltr'><strong>nunquam</strong></span> <span class='ocrx_word' id='word_1_76' title='bbox 2034 2007 2097 2036; x_wconf 79' lang='lat' dir='ltr'><strong>tua</strong></span> <span class='ocrx_word' id='word_1_77' title='bbox 2119 1996 2218 2049; x_wconf 78' lang='lat' dir='ltr'><strong>signa</strong></span> <span class='ocrx_word' id='word_1_78' title='bbox 2237 1998 2402 2050; x_wconf 83' lang='lat' dir='ltr'><strong>reliqui.]</strong></span> 
     </span>
    </p>
   </div>
   <div class='ocr_carea' id='block_1_12' title="bbox 244 2049 2403 2103">
    <p class='ocr_par' dir='ltr' id='par_1_12' title="bbox 244 2049 2403 2103">
     <span class='ocr_line' id='line_1_18' title="bbox 244 2049 2403 2103; baseline -0.003 -8"><span class='ocrx_word' id='word_1_79' title='bbox 244 2064 399 2095; x_wconf 79' lang='lat' dir='ltr'><strong>veteres.</strong></span> <span class='ocrx_word' id='word_1_80' title='bbox 427 2062 467 2093; x_wconf 88' lang='lat' dir='ltr'><strong>ut</strong></span> <span class='ocrx_word' id='word_1_81' title='bbox 499 2053 542 2090; x_wconf 71' lang='grc' dir='ltr'><strong>τὶ</strong></span> <span class='ocrx_word' id='word_1_82' title='bbox 572 2051 649 2090; x_wconf 81' lang='lat' dir='ltr'><strong>dixi</strong></span> <span class='ocrx_word' id='word_1_83' title='bbox 677 2051 972 2103; x_wconf 84' lang='lat' dir='ltr'><strong>subintelligatur.</strong></span> <span class='ocrx_word' id='word_1_84' title='bbox 1005 2053 1110 2103; x_wconf 90' lang='lat' dir='ltr'><strong>quod</strong></span> <span class='ocrx_word' id='word_1_85' title='bbox 1139 2054 1298 2102; x_wconf 86' lang='lat' dir='ltr'><strong>elegans.</strong></span> <span class='ocrx_word' id='word_1_86' title='bbox 1352 2055 1418 2088; x_wconf 83' lang='lat' dir='ltr'><strong>An</strong></span> <span class='ocrx_word' id='word_1_87' title='bbox 1432 2052 1543 2100; x_wconf 85' lang='lat' dir='ltr'><em>sanus</em></span> <span class='ocrx_word' id='word_1_88' title='bbox 1564 2049 1691 2088; x_wconf 87' lang='lat' dir='ltr'><strong>iidem.</strong></span> <span class='ocrx_word' id='word_1_89' title='bbox 1718 2051 1818 2087; x_wconf 67' lang='lat' dir='ltr'><strong>redte</strong></span> <span class='ocrx_word' id='word_1_90' title='bbox 1839 2078 1849 2094; x_wconf 89' lang='lat'><em>‚</em></span> <span class='ocrx_word' id='word_1_91' title='bbox 1886 2060 1926 2088; x_wconf 86' lang='lat' dir='ltr'><strong>ut</strong></span> <span class='ocrx_word' id='word_1_92' title='bbox 1951 2051 2029 2099; x_wconf 84' lang='lat' dir='ltr'><strong>jam</strong></span> <span class='ocrx_word' id='word_1_93' title='bbox 2050 2052 2183 2088; x_wconf 88' lang='lat' dir='ltr'><strong>monui</strong></span> <span class='ocrx_word' id='word_1_94' title='bbox 2202 2050 2261 2088; x_wconf 89' lang='lat' dir='ltr'><strong>lib.</strong></span> <span class='ocrx_word' id='word_1_95' title='bbox 2285 2062 2331 2087; x_wconf 82' lang='lat'><strong>11.</strong></span> <span class='ocrx_word' id='word_1_96' title='bbox 2347 2050 2403 2092; x_wconf 65' lang='lat' dir='ltr'><strong>ybs.</strong></span> 
     </span>
    </p>
   </div>
   <div class='ocr_carea' id='block_1_13' title="bbox 249 2107 1299 2442">
    <p class='ocr_par' dir='ltr' id='par_1_13' title="bbox 250 2107 399 2146">
     <span class='ocr_line' id='line_1_19' title="bbox 250 2107 399 2146; baseline -0.013 0"><span class='ocrx_word' id='word_1_97' title='bbox 250 2107 399 2146; x_wconf 64' lang='lat' dir='ltr'><strong>Hzms.</strong></span> 
     </span>
    </p>

    <p class='ocr_par' dir='ltr' id='par_1_14' title="bbox 250 2154 1299 2255">
     <span class='ocr_line' id='line_1_20' title="bbox 304 2154 1299 2206; baseline -0.003 -10"><span class='ocrx_word' id='word_1_98' title='bbox 304 2170 333 2196; x_wconf 86' lang='lat'><strong>1.</strong></span> <span class='ocrx_word' id='word_1_99' title='bbox 361 2157 587 2194; x_wconf 82' lang='lat' dir='ltr'><strong>Geminorum</strong></span> <span class='ocrx_word' id='word_1_100' title='bbox 607 2165 720 2194; x_wconf 86' lang='lat' dir='ltr'><strong>mater</strong></span> <span class='ocrx_word' id='word_1_101' title='bbox 742 2155 959 2206; x_wconf 63' lang='lat' dir='ltr'><strong>Amorum]</strong></span> <span class='ocrx_word' id='word_1_102' title='bbox 989 2156 1164 2196; x_wconf 86' lang='lat' dir='ltr'><strong>Annaeus</strong></span> <span class='ocrx_word' id='word_1_103' title='bbox 1185 2154 1299 2194; x_wconf 89' lang='lat' dir='ltr'><strong>Sene-</strong></span> 
     </span>
     <span class='ocr_line' id='line_1_21' title="bbox 250 2208 552 2255; baseline -0.01 -7"><span class='ocrx_word' id='word_1_104' title='bbox 250 2220 292 2248; x_wconf 88' lang='lat' dir='ltr'><strong>ca</strong></span> <span class='ocrx_word' id='word_1_105' title='bbox 316 2210 351 2246; x_wconf 87' lang='lat' dir='ltr'><strong>in</strong></span> <span class='ocrx_word' id='word_1_106' title='bbox 377 2208 552 2255; x_wconf 86' lang='lat' dir='ltr'><strong>Oedipo:</strong></span> 
     </span>
    </p>

    <p class='ocr_par' dir='ltr' id='par_1_15' title="bbox 249 2267 944 2373">
     <span class='ocr_line' id='line_1_22' title="bbox 301 2267 944 2318; baseline 0 -11"><span class='ocrx_word' id='word_1_107' title='bbox 301 2270 466 2307; x_wconf 81' lang='lat' dir='ltr'><strong>Concutit</strong></span> <span class='ocrx_word' id='word_1_108' title='bbox 488 2269 608 2305; x_wconf 82' lang='lat' dir='ltr'><strong>taedas</strong></span> <span class='ocrx_word' id='word_1_109' title='bbox 623 2267 778 2316; x_wconf 80' lang='lat' dir='ltr'><strong>geminus</strong></span> <span class='ocrx_word' id='word_1_110' title='bbox 800 2268 944 2318; x_wconf 82' lang='lat' dir='ltr'><em>Cupido.</em></span> 
     </span>
     <span class='ocr_line' id='line_1_23' title="bbox 249 2331 674 2373; baseline -0.005 -4"><span class='ocrx_word' id='word_1_111' title='bbox 249 2334 289 2373; x_wconf 69' lang='grc' dir='ltr'><strong>ὃς</strong></span> <span class='ocrx_word' id='word_1_112' title='bbox 311 2331 479 2369; x_wconf 81' lang='lat' dir='ltr'><strong>Valerius</strong></span> <span class='ocrx_word' id='word_1_113' title='bbox 503 2331 674 2369; x_wconf 78' lang='lat' dir='ltr'><strong>Flaccus:</strong></span> 
     </span>
    </p>

    <p class='ocr_par' dir='ltr' id='par_1_16' title="bbox 306 2390 1247 2442">
     <span class='ocr_line' id='line_1_24' title="bbox 306 2390 1247 2442; baseline -0.001 -14"><span class='ocrx_word' id='word_1_114' title='bbox 306 2397 396 2428; x_wconf 85' lang='lat' dir='ltr'><strong>Tum</strong></span> <span class='ocrx_word' id='word_1_115' title='bbox 419 2397 528 2429; x_wconf 82' lang='lat' dir='ltr'><strong>Venus</strong></span> <span class='ocrx_word' id='word_1_116' title='bbox 545 2391 714 2440; x_wconf 66' lang='lat' dir='ltr'><strong>altgeram</strong></span> <span class='ocrx_word' id='word_1_117' title='bbox 737 2401 850 2430; x_wconf 85' lang='lat' dir='ltr'><strong>mater</strong></span> <span class='ocrx_word' id='word_1_118' title='bbox 862 2390 911 2442; x_wconf 83' lang='lat' dir='ltr'><strong>fic</strong></span> <span class='ocrx_word' id='word_1_119' title='bbox 933 2392 1034 2435; x_wconf 72' lang='lat' dir='ltr'><strong>fatur</strong></span> <span class='ocrx_word' id='word_1_120' title='bbox 1056 2394 1247 2427; x_wconf 81' lang='lat' dir='ltr'><strong>Amorum.</strong></span> 
     </span>
    </p>
   </div>
   <div class='ocr_carea' id='block_1_14' title="bbox 254 2453 1306 2908">
    <p class='ocr_par' dir='ltr' id='par_1_17' title="bbox 254 2453 1302 2594">
     <span class='ocr_line' id='line_1_25' title="bbox 254 2453 1300 2504; baseline -0.002 -11"><span class='ocrx_word' id='word_1_121' title='bbox 254 2455 314 2493; x_wconf 83' lang='lat' dir='ltr'><strong>An</strong></span> <span class='ocrx_word' id='word_1_122' title='bbox 335 2456 401 2492; x_wconf 88' lang='lat' dir='ltr'><strong>hos</strong></span> <span class='ocrx_word' id='word_1_123' title='bbox 425 2456 630 2504; x_wconf 69' lang='lat' dir='ltr'><strong>adspccstare</strong></span> <span class='ocrx_word' id='word_1_124' title='bbox 650 2455 769 2492; x_wconf 79' lang='lat' dir='ltr'><strong>dicam</strong></span> <span class='ocrx_word' id='word_1_125' title='bbox 789 2456 916 2493; x_wconf 88' lang='lat' dir='ltr'><strong>tritum</strong></span> <span class='ocrx_word' id='word_1_126' title='bbox 937 2453 1026 2493; x_wconf 89' lang='lat' dir='ltr'><strong>illud</strong></span> <span class='ocrx_word' id='word_1_127' title='bbox 1050 2453 1242 2502; x_wconf 84' lang='lat' dir='ltr'><strong>Cupidinis</strong></span> <span class='ocrx_word' id='word_1_128' title='bbox 1261 2454 1300 2492; x_wconf 88' lang='lat'>&amp;</span> 
     </span>
     <span class='ocr_line' id='line_1_26' title="bbox 254 2505 1302 2594; baseline 0.001 -52"><span class='ocrx_word' id='word_1_129' title='bbox 254 2505 334 2594; x_wconf 48' lang='lat' dir='ltr'><strong>{Sci</strong></span> <span class='ocrx_word' id='word_1_130' title='bbox 358 2535 367 2549; x_wconf 93' lang='lat'><strong>,</strong></span> <span class='ocrx_word' id='word_1_131' title='bbox 406 2518 449 2543; x_wconf 88' lang='lat' dir='ltr'><strong>an</strong></span> <span class='ocrx_word' id='word_1_132' title='bbox 489 2506 622 2545; x_wconf 84' lang='lat' dir='ltr'><strong>aliud?</strong></span> <span class='ocrx_word' id='word_1_133' title='bbox 661 2505 796 2556; x_wconf 85' lang='lat' dir='ltr'><strong>quaeso</strong></span> <span class='ocrx_word' id='word_1_134' title='bbox 822 2505 1042 2544; x_wconf 86' lang='lat' dir='ltr'><strong>omittamus</strong></span> <span class='ocrx_word' id='word_1_135' title='bbox 1077 2506 1140 2542; x_wconf 88' lang='lat' dir='ltr'><strong>has</strong></span> <span class='ocrx_word' id='word_1_136' title='bbox 1176 2516 1302 2554; x_wconf 84' lang='lat' dir='ltr'><strong>nugas.</strong></span> 
     </span>
    </p>

    <p class='ocr_par' dir='ltr' id='par_1_18' title="bbox 259 2569 1306 2908">
     <span class='ocr_line' id='line_1_27' title="bbox 299 2569 1306 2657; baseline 0.001 -14"><span class='ocrx_word' id='word_1_137' title='bbox 299 2569 541 2657; x_wconf 23' lang='lat' dir='ltr'><strong>Ezffpffit&#39;ulit]</strong></span> <span class='ocrx_word' id='word_1_138' title='bbox 596 2607 737 2655; x_wconf 77' lang='lat' dir='ltr'><strong>sustulit</strong></span> <span class='ocrx_word' id='word_1_139' title='bbox 774 2592 849 2646; x_wconf 69' lang='lat' dir='ltr'><strong>duo</strong></span> <span class='ocrx_word' id='word_1_140' title='bbox 886 2606 980 2646; x_wconf 90' lang='lat' dir='ltr'><strong>libri.</strong></span> <span class='ocrx_word' id='word_1_141' title='bbox 1016 2605 1166 2644; x_wconf 82' lang='lat' dir='ltr'><strong>vultum</strong></span> <span class='ocrx_word' id='word_1_142' title='bbox 1195 2609 1306 2656; x_wconf 81' lang='lat' dir='ltr'><em>suum</em></span> 
     </span>
     <span class='ocr_line' id='line_1_28' title="bbox 259 2669 1304 2759; baseline 0 -15"><span class='ocrx_word' id='word_1_143' title='bbox 259 2669 474 2755; x_wconf 35' lang='lat' dir='ltr'><strong>un§.S-Certe</strong></span> <span class='ocrx_word' id='word_1_144' title='bbox 491 2709 626 2759; x_wconf 78' lang='lat' dir='ltr'><strong>majora</strong></span> <span class='ocrx_word' id='word_1_145' title='bbox 659 2707 839 2757; x_wconf 62' lang='lat' dir='ltr'><strong>canebam]</strong></span> <span class='ocrx_word' id='word_1_146' title='bbox 911 2706 971 2745; x_wconf 90' lang='lat' dir='ltr'><strong>Sic</strong></span> <span class='ocrx_word' id='word_1_147' title='bbox 994 2705 1086 2744; x_wconf 86' lang='lat' dir='ltr'><strong>liber</strong></span> <span class='ocrx_word' id='word_1_148' title='bbox 1104 2706 1237 2744; x_wconf 83' lang='lat' dir='ltr'><strong>Maffei</strong></span> <span class='ocrx_word' id='word_1_149' title='bbox 1266 2708 1304 2744; x_wconf 75' lang='grc' dir='ltr'><strong>δε</strong></span> 
     </span>
     <span class='ocr_line' id='line_1_29' title="bbox 261 2756 1306 2807; baseline -0.002 -13"><span class='ocrx_word' id='word_1_150' title='bbox 261 2757 452 2797; x_wconf 71' lang='lat' dir='ltr'><strong>Stati-anus.</strong></span> <span class='ocrx_word' id='word_1_151' title='bbox 479 2761 607 2807; x_wconf 81' lang='lat' dir='ltr'><strong>placet.</strong></span> <span class='ocrx_word' id='word_1_152' title='bbox 635 2761 803 2797; x_wconf 77' lang='lat' dir='ltr'><strong>CloFAN.</strong></span> <span class='ocrx_word' id='word_1_153' title='bbox 833 2756 1041 2794; x_wconf 84' lang='lat' dir='ltr'><strong>Certemodo</strong></span> <span class='ocrx_word' id='word_1_154' title='bbox 1052 2756 1142 2803; x_wconf 88' lang='lat' dir='ltr'><strong>festa</strong></span> <span class='ocrx_word' id='word_1_155' title='bbox 1162 2757 1306 2793; x_wconf 81' lang='lat' dir='ltr'><strong>canebas</strong></span> 
     </span>
     <span class='ocr_line' id='line_1_30' title="bbox 262 2807 1306 2858; baseline 0 -14"><span class='ocrx_word' id='word_1_156' title='bbox 262 2809 420 2856; x_wconf 87' lang='lat' dir='ltr'><strong>plurimi.</strong></span> <span class='ocrx_word' id='word_1_157' title='bbox 442 2821 525 2846; x_wconf 79' lang='lat' dir='ltr'><strong>certe</strong></span> <span class='ocrx_word' id='word_1_158' title='bbox 545 2811 642 2848; x_wconf 86' lang='lat' dir='ltr'><strong>modo</strong></span> <span class='ocrx_word' id='word_1_159' title='bbox 659 2810 752 2858; x_wconf 85' lang='lat' dir='ltr'><strong>festa</strong></span> <span class='ocrx_word' id='word_1_160' title='bbox 773 2809 923 2847; x_wconf 71' lang='lat' dir='ltr'><strong>tenebas·</strong></span> <span class='ocrx_word' id='word_1_161' title='bbox 938 2807 1045 2846; x_wconf 89' lang='lat' dir='ltr'><strong>Bern.</strong></span> <span class='ocrx_word' id='word_1_162' title='bbox 1066 2807 1127 2845; x_wconf 91' lang='lat' dir='ltr'><strong>sed</strong></span> <span class='ocrx_word' id='word_1_163' title='bbox 1146 2817 1222 2845; x_wconf 84' lang='lat' dir='ltr'><strong>erat</strong></span> <span class='ocrx_word' id='word_1_164' title='bbox 1249 2820 1306 2844; x_wconf 87' lang='lat' dir='ltr'><strong>ca—</strong></span> 
     </span>
     <span class='ocr_line' id='line_1_31' title="bbox 262 2858 1285 2908; baseline 0.005 -15"><span class='ocrx_word' id='word_1_165' title='bbox 262 2858 364 2895; x_wconf 83' lang='lat' dir='ltr'><strong>nebas</strong></span> <span class='ocrx_word' id='word_1_166' title='bbox 385 2859 615 2908; x_wconf 84' lang='lat' dir='ltr'><strong>adscriptum.</strong></span> <span class='ocrx_word' id='word_1_167' title='bbox 1283 2878 1285 2881; x_wconf 95' lang='lat'>·</span> 
     </span>
    </p>
   </div>
   <div class='ocr_carea' id='block_1_15' title="bbox 316 2908 1308 2961">
    <p class='ocr_par' dir='ltr' id='par_1_19' title="bbox 316 2908 1308 2961">
     <span class='ocr_line' id='line_1_32' title="bbox 316 2908 1308 2961; baseline 0.002 -16"><span class='ocrx_word' id='word_1_168' title='bbox 316 2922 348 2957; x_wconf 81' lang='grc' dir='ltr'><strong>ς.</strong></span> <span class='ocrx_word' id='word_1_169' title='bbox 376 2910 443 2946; x_wconf 79' lang='lat' dir='ltr'><strong>scis</strong></span> <span class='ocrx_word' id='word_1_170' title='bbox 457 2938 466 2954; x_wconf 94' lang='lat'>,</span> <span class='ocrx_word' id='word_1_171' title='bbox 481 2917 553 2947; x_wconf 78' lang='lat' dir='ltr'><strong>Dea</strong></span> <span class='ocrx_word' id='word_1_172' title='bbox 569 2940 577 2955; x_wconf 92' lang='lat'>,</span> <span class='ocrx_word' id='word_1_173' title='bbox 591 2910 779 2961; x_wconf 76' lang='lat' dir='ltr'><strong>respondi.]</strong></span> <span class='ocrx_word' id='word_1_174' title='bbox 810 2911 865 2949; x_wconf 84' lang='lat' dir='ltr'><strong>Ita</strong></span> <span class='ocrx_word' id='word_1_175' title='bbox 878 2908 1174 2958; x_wconf 84' lang='lat' dir='ltr'><strong>distinguendum</strong></span> <span class='ocrx_word' id='word_1_176' title='bbox 1189 2916 1281 2957; x_wconf 89' lang='lat' dir='ltr'><strong>puto</strong></span> <span class='ocrx_word' id='word_1_177' title='bbox 1295 2935 1308 2954; x_wconf 88' lang='lat'>,</span> 
     </span>
    </p>
   </div>
   <div class='ocr_carea' id='block_1_16' title="bbox 266 2960 1310 3011">
    <p class='ocr_par' dir='ltr' id='par_1_20' title="bbox 266 2960 1310 3011">
     <span class='ocr_line' id='line_1_33' title="bbox 266 2960 1310 3011; baseline 0.001 -15"><span class='ocrx_word' id='word_1_178' title='bbox 266 2960 416 3008; x_wconf 80' lang='lat' dir='ltr'><strong>respondi</strong></span> <span class='ocrx_word' id='word_1_179' title='bbox 440 2988 449 3004; x_wconf 92' lang='lat'><strong><em>‚</em></strong></span> <span class='ocrx_word' id='word_1_180' title='bbox 487 2961 526 2996; x_wconf 86' lang='lat' dir='ltr'><strong>de</strong></span> <span class='ocrx_word' id='word_1_181' title='bbox 547 2963 712 2999; x_wconf 71' lang='lat' dir='ltr'><strong>vulnere:</strong></span> <span class='ocrx_word' id='word_1_182' title='bbox 743 2960 828 3011; x_wconf 83' lang='lat' dir='ltr'><strong>rifit.</strong></span> <span class='ocrx_word' id='word_1_183' title='bbox 870 2972 907 3000; x_wconf 89' lang='lat' dir='ltr'><strong>ut</strong></span> <span class='ocrx_word' id='word_1_184' title='bbox 939 2962 978 2997; x_wconf 87' lang='lat' dir='ltr'><strong>de</strong></span> <span class='ocrx_word' id='word_1_185' title='bbox 1003 2960 1149 2996; x_wconf 82' lang='lat' dir='ltr'><strong>vulnere</strong></span> <span class='ocrx_word' id='word_1_186' title='bbox 1175 2961 1310 2998; x_wconf 85' lang='lat' dir='ltr'><strong>refera-</strong></span> 
     </span>
    </p>
   </div>
   <div class='ocr_carea' id='block_1_17' title="bbox 265 3010 1307 3109">
    <p class='ocr_par' dir='ltr' id='par_1_21' title="bbox 265 3010 1307 3109">
     <span class='ocr_line' id='line_1_34' title="bbox 265 3010 1307 3060; baseline 0 -12"><span class='ocrx_word' id='word_1_187' title='bbox 265 3019 324 3048; x_wconf 86' lang='lat' dir='ltr'><strong>tur</strong></span> <span class='ocrx_word' id='word_1_188' title='bbox 343 3010 387 3047; x_wconf 87' lang='lat' dir='ltr'><strong>ad</strong></span> <span class='ocrx_word' id='word_1_189' title='bbox 403 3011 494 3057; x_wconf 83' lang='lat' dir='ltr'><strong>scis,</strong></span> <span class='ocrx_word' id='word_1_190' title='bbox 516 3011 579 3046; x_wconf 86' lang='lat' dir='ltr'><strong>dea</strong></span> <span class='ocrx_word' id='word_1_191' title='bbox 594 3040 603 3055; x_wconf 94' lang='lat'>‚</span> <span class='ocrx_word' id='word_1_192' title='bbox 629 3026 705 3049; x_wconf 87' lang='lat' dir='ltr'><strong>non</strong></span> <span class='ocrx_word' id='word_1_193' title='bbox 727 3013 772 3049; x_wconf 80' lang='lat' dir='ltr'><strong>ad</strong></span> <span class='ocrx_word' id='word_1_194' title='bbox 793 3012 877 3060; x_wconf 80' lang='lat' dir='ltr'><strong>rifit.</strong></span> <span class='ocrx_word' id='word_1_195' title='bbox 915 3012 1067 3048; x_wconf 69' lang='lat' dir='ltr'><strong>DouzA.</strong></span> <span class='ocrx_word' id='word_1_196' title='bbox 1110 3011 1307 3048; x_wconf 81' lang='lat' dir='ltr'><strong>Venustius</strong></span> 
     </span>
     <span class='ocr_line' id='line_1_35' title="bbox 266 3060 1307 3109; baseline 0.001 -12"><span class='ocrx_word' id='word_1_197' title='bbox 266 3060 435 3104; x_wconf 88' lang='lat' dir='ltr'><strong>videtur,</strong></span> <span class='ocrx_word' id='word_1_198' title='bbox 463 3060 488 3097; x_wconf 87' lang='lat' dir='ltr'>fi</span> <span class='ocrx_word' id='word_1_199' title='bbox 507 3061 602 3109; x_wconf 80' lang='lat' dir='ltr'><strong>legas</strong></span> <span class='ocrx_word' id='word_1_200' title='bbox 625 3089 634 3104; x_wconf 91' lang='lat'>,</span> <span class='ocrx_word' id='word_1_201' title='bbox 664 3063 760 3109; x_wconf 84' lang='lat' dir='ltr'><strong>scin,</strong></span> <span class='ocrx_word' id='word_1_202' title='bbox 790 3067 865 3097; x_wconf 86' lang='lat' dir='ltr'><strong>Dea</strong></span> <span class='ocrx_word' id='word_1_203' title='bbox 885 3071 899 3098; x_wconf 76' lang='lat'><strong>,²</strong></span> <span class='ocrx_word' id='word_1_204' title='bbox 936 3072 974 3098; x_wconf 86' lang='lat' dir='ltr'><strong>ut</strong></span> <span class='ocrx_word' id='word_1_205' title='bbox 1001 3063 1072 3105; x_wconf 73' lang='lat' dir='ltr'><strong>iarn</strong></span> <span class='ocrx_word' id='word_1_206' title='bbox 1099 3063 1230 3098; x_wconf 87' lang='lat' dir='ltr'><strong>monui</strong></span> <span class='ocrx_word' id='word_1_207' title='bbox 1261 3061 1307 3099; x_wconf 91' lang='lat' dir='ltr'><strong>ad</strong></span> 
     </span>
    </p>
   </div>
   <div class='ocr_carea' id='block_1_18' title="bbox 267 3111 1333 3160">
    <p class='ocr_par' dir='ltr' id='par_1_22' title="bbox 267 3111 1333 3160">
     <span class='ocr_line' id='line_1_36' title="bbox 267 3111 1333 3160; baseline -0.002 -11"><span class='ocrx_word' id='word_1_208' title='bbox 267 3111 377 3160; x_wconf 89' lang='lat' dir='ltr'><strong>Epist.</strong></span> <span class='ocrx_word' id='word_1_209' title='bbox 397 3124 467 3149; x_wconf 84' lang='lat' dir='ltr'><strong>xu.</strong></span> <span class='ocrx_word' id='word_1_210' title='bbox 491 3113 550 3148; x_wconf 82' lang='lat'><strong>61.</strong></span> <span class='ocrx_word' id='word_1_211' title='bbox 577 3123 661 3147; x_wconf 84' lang='lat' dir='ltr'><strong>nam</strong></span> <span class='ocrx_word' id='word_1_212' title='bbox 686 3124 722 3148; x_wconf 79' lang='lat' dir='ltr'><strong>in</strong></span> <span class='ocrx_word' id='word_1_213' title='bbox 744 3112 943 3158; x_wconf 87' lang='lat' dir='ltr'><strong>Gottorph.</strong></span> <span class='ocrx_word' id='word_1_214' title='bbox 973 3112 1099 3148; x_wconf 86' lang='lat' dir='ltr'><strong>ultima</strong></span> <span class='ocrx_word' id='word_1_215' title='bbox 1121 3113 1221 3149; x_wconf 88' lang='lat' dir='ltr'><strong>litera</strong></span> <span class='ocrx_word' id='word_1_216' title='bbox 1245 3112 1308 3147; x_wconf 71' lang='grc' dir='ltr'><strong>τοῦ</strong></span> <span class='ocrx_word' id='word_1_217' title='bbox 1328 3125 1333 3127; x_wconf 52' lang='grc'><em>’</em></span> 
     </span>
    </p>
   </div>
   <div class='ocr_carea' id='block_1_19' title="bbox 257 3160 1309 3364">
    <p class='ocr_par' dir='ltr' id='par_1_23' title="bbox 257 3160 1306 3262">
     <span class='ocr_line' id='line_1_37' title="bbox 257 3160 1306 3212; baseline 0 -14"><span class='ocrx_word' id='word_1_218' title='bbox 257 3163 327 3212; x_wconf 82' lang='lat' dir='ltr'><strong>scis</strong></span> <span class='ocrx_word' id='word_1_219' title='bbox 346 3171 420 3200; x_wconf 86' lang='lat' dir='ltr'><strong>erat</strong></span> <span class='ocrx_word' id='word_1_220' title='bbox 435 3162 540 3199; x_wconf 85' lang='lat' dir='ltr'><strong>erasa.</strong></span> <span class='ocrx_word' id='word_1_221' title='bbox 570 3160 673 3198; x_wconf 75' lang='lat' dir='ltr'><strong>Vols.</strong></span> <span class='ocrx_word' id='word_1_222' title='bbox 688 3165 723 3197; x_wconf 69' lang='grc' dir='ltr'><strong>ὅ(</strong></span> <span class='ocrx_word' id='word_1_223' title='bbox 738 3162 916 3199; x_wconf 69' lang='lat' dir='ltr'><strong>Arontiel.</strong></span> <span class='ocrx_word' id='word_1_224' title='bbox 932 3162 994 3199; x_wconf 76' lang='lat' dir='ltr'><strong>Sic.</strong></span> <span class='ocrx_word' id='word_1_225' title='bbox 1008 3162 1139 3200; x_wconf 80' lang='lat' dir='ltr'><strong>deinde</strong></span> <span class='ocrx_word' id='word_1_226' title='bbox 1152 3190 1162 3207; x_wconf 94' lang='lat'>,</span> <span class='ocrx_word' id='word_1_227' title='bbox 1175 3161 1306 3206; x_wconf 75' lang='lat' dir='ltr'><strong>aether,</strong></span> 
     </span>
     <span class='ocr_line' id='line_1_38' title="bbox 266 3212 803 3262; baseline -0.002 -12"><span class='ocrx_word' id='word_1_228' title='bbox 266 3225 334 3262; x_wconf 89' lang='lat' dir='ltr'><strong>pro</strong></span> <span class='ocrx_word' id='word_1_229' title='bbox 346 3216 406 3249; x_wconf 80' lang='lat' dir='ltr'><strong>a‘e&#39;r</strong></span> <span class='ocrx_word' id='word_1_230' title='bbox 419 3242 430 3258; x_wconf 91' lang='lat'>‚</span> <span class='ocrx_word' id='word_1_231' title='bbox 454 3212 636 3249; x_wconf 85' lang='lat' dir='ltr'><strong>meliores.</strong></span> <span class='ocrx_word' id='word_1_232' title='bbox 660 3212 803 3249; x_wconf 60' lang='lat' dir='ltr'><strong>Heius.</strong></span> 
     </span>
    </p>

    <p class='ocr_par' dir='ltr' id='par_1_24' title="bbox 267 3262 1309 3364">
     <span class='ocr_line' id='line_1_39' title="bbox 318 3262 1309 3314; baseline 0.001 -14"><span class='ocrx_word' id='word_1_233' title='bbox 318 3275 352 3308; x_wconf 91' lang='lat'><strong>7.</strong></span> <span class='ocrx_word' id='word_1_234' title='bbox 379 3262 550 3313; x_wconf 58' lang='lat' dir='ltr'><strong>Saucius]</strong></span> <span class='ocrx_word' id='word_1_235' title='bbox 578 3264 726 3311; x_wconf 71' lang='lat' dir='ltr'><strong>Propn‘e</strong></span> <span class='ocrx_word' id='word_1_236' title='bbox 738 3264 895 3302; x_wconf 87' lang='lat' dir='ltr'><strong>Ennius:</strong></span> <span class='ocrx_word' id='word_1_237' title='bbox 926 3264 1059 3302; x_wconf 78' lang='lat' dir='ltr'><strong>Animo</strong></span> <span class='ocrx_word' id='word_1_238' title='bbox 1075 3276 1175 3314; x_wconf 81' lang='lat' dir='ltr'><strong>aegra</strong></span> <span class='ocrx_word' id='word_1_239' title='bbox 1187 3291 1198 3310; x_wconf 90' lang='lat'>,</span> <span class='ocrx_word' id='word_1_240' title='bbox 1212 3276 1309 3301; x_wconf 78' lang='lat' dir='ltr'><strong>amo·</strong></span> 
     </span>
     <span class='ocr_line' id='line_1_40' title="bbox 267 3314 762 3364; baseline 0.006 -14"><span class='ocrx_word' id='word_1_241' title='bbox 267 3328 301 3351; x_wconf 68' lang='lat' dir='ltr'><strong>re</strong></span> <span class='ocrx_word' id='word_1_242' title='bbox 310 3314 418 3364; x_wconf 67' lang='lat' dir='ltr'><strong>fiaeevo</strong></span> <span class='ocrx_word' id='word_1_243' title='bbox 433 3315 564 3364; x_wconf 75' lang='lat' dir='ltr'><strong>fizucia.</strong></span> <span class='ocrx_word' id='word_1_244' title='bbox 584 3314 762 3354; x_wconf 69' lang='lat' dir='ltr'><strong>NEAPOL.</strong></span> 
     </span>
    </p>
   </div>
   <div class='ocr_carea' id='block_1_20' title="bbox 1354 2101 2402 2190">
    <p class='ocr_par' dir='ltr' id='par_1_25' title="bbox 1354 2101 2402 2190">
     <span class='ocr_line' id='line_1_41' title="bbox 1354 2101 2402 2190; baseline 0.001 -52"><span class='ocrx_word' id='word_1_245' title='bbox 1354 2113 1439 2190; x_wconf 43' lang='lat'><strong>334.</strong></span> <span class='ocrx_word' id='word_1_246' title='bbox 1465 2110 1546 2140; x_wconf 86' lang='lat' dir='ltr'><strong>tum</strong></span> <span class='ocrx_word' id='word_1_247' title='bbox 1565 2101 1726 2152; x_wconf 76' lang='lat' dir='ltr'><strong>nunquid</strong></span> <span class='ocrx_word' id='word_1_248' title='bbox 1743 2102 1914 2139; x_wconf 86' lang='lat' dir='ltr'><strong>meliores</strong></span> <span class='ocrx_word' id='word_1_249' title='bbox 1926 2113 2080 2151; x_wconf 86' lang='lat' dir='ltr'><strong>quoque</strong></span> <span class='ocrx_word' id='word_1_250' title='bbox 2097 2129 2107 2146; x_wconf 93' lang='lat'>‚</span> <span class='ocrx_word' id='word_1_251' title='bbox 2123 2113 2188 2150; x_wconf 90' lang='lat' dir='ltr'><strong>pro</strong></span> <span class='ocrx_word' id='word_1_252' title='bbox 2206 2113 2402 2149; x_wconf 66' lang='lat' dir='ltr'><strong>nunquam„</strong></span> 
     </span>
     <span class='ocr_line' id='line_1_42' title="bbox 1399 2165 1505 2190; baseline 0.009 -1"><span class='ocrx_word' id='word_1_253' title='bbox 1399 2165 1505 2190; x_wconf 74' lang='grc' dir='ltr'>ειΝε.</span> 
     </span>
    </p>
   </div>
   <div class='ocr_carea' id='block_1_21' title="bbox 1406 2201 2402 2252">
    <p class='ocr_par' dir='ltr' id='par_1_26' title="bbox 1406 2201 2402 2252">
     <span class='ocr_line' id='line_1_43' title="bbox 1406 2201 2402 2252; baseline -0.002 -11"><span class='ocrx_word' id='word_1_254' title='bbox 1406 2203 1443 2241; x_wconf 87' lang='lat'><strong>8.</strong></span> <span class='ocrx_word' id='word_1_255' title='bbox 1470 2209 1521 2240; x_wconf 80' lang='lat' dir='ltr'><strong>Tu</strong></span> <span class='ocrx_word' id='word_1_256' title='bbox 1544 2202 1633 2240; x_wconf 81' lang='lat' dir='ltr'><strong>mihi</strong></span> <span class='ocrx_word' id='word_1_257' title='bbox 1645 2204 1777 2251; x_wconf 75' lang='lat' dir='ltr'><strong>semper</strong></span> <span class='ocrx_word' id='word_1_258' title='bbox 1800 2202 1922 2252; x_wconf 57' lang='lat' dir='ltr'><strong>onan]</strong></span> <span class='ocrx_word' id='word_1_259' title='bbox 1965 2202 2075 2240; x_wconf 86' lang='lat' dir='ltr'><strong>Liber</strong></span> <span class='ocrx_word' id='word_1_260' title='bbox 2094 2210 2220 2245; x_wconf 88' lang='lat' dir='ltr'><strong>vetus,</strong></span> <span class='ocrx_word' id='word_1_261' title='bbox 2248 2211 2289 2237; x_wconf 83' lang='lat' dir='ltr'><strong>tu</strong></span> <span class='ocrx_word' id='word_1_262' title='bbox 2312 2201 2402 2239; x_wconf 77' lang='lat' dir='ltr'><strong>mihi</strong></span> 
     </span>
    </p>
   </div>
   <div class='ocr_carea' id='block_1_22' title="bbox 1346 2252 2404 2311">
    <p class='ocr_par' dir='ltr' id='par_1_27' title="bbox 1346 2252 2404 2311">
     <span class='ocr_line' id='line_1_44' title="bbox 1346 2252 2404 2311; baseline 0 -21"><span class='ocrx_word' id='word_1_263' title='bbox 1346 2255 1479 2311; x_wconf 63' lang='lat' dir='ltr'><strong>semper</strong></span> <span class='ocrx_word' id='word_1_264' title='bbox 1507 2263 1598 2303; x_wconf 85' lang='lat' dir='ltr'><strong>opus.</strong></span> <span class='ocrx_word' id='word_1_265' title='bbox 1628 2254 1732 2301; x_wconf 84' lang='lat' dir='ltr'><strong>quod</strong></span> <span class='ocrx_word' id='word_1_266' title='bbox 1753 2265 1897 2292; x_wconf 83' lang='lat' dir='ltr'><strong>verum.</strong></span> <span class='ocrx_word' id='word_1_267' title='bbox 1927 2253 2103 2290; x_wconf 75' lang='lat' dir='ltr'><strong>NEAPOL.</strong></span> <span class='ocrx_word' id='word_1_268' title='bbox 2141 2252 2269 2301; x_wconf 88' lang='lat' dir='ltr'><strong>Scripti</strong></span> <span class='ocrx_word' id='word_1_269' title='bbox 2292 2253 2404 2300; x_wconf 89' lang='lat' dir='ltr'><strong>pluri-</strong></span> 
     </span>
    </p>
   </div>
   <div class='ocr_carea' id='block_1_23' title="bbox 1356 2303 2405 2555">
    <p class='ocr_par' dir='ltr' id='par_1_28' title="bbox 1356 2303 2404 2445">
     <span class='ocr_line' id='line_1_45' title="bbox 1356 2303 2404 2352; baseline -0.002 -9"><span class='ocrx_word' id='word_1_270' title='bbox 1356 2317 1408 2343; x_wconf 82' lang='lat' dir='ltr'><strong>mi</strong></span> <span class='ocrx_word' id='word_1_271' title='bbox 1423 2334 1433 2349; x_wconf 88' lang='lat'>,</span> <span class='ocrx_word' id='word_1_272' title='bbox 1460 2318 1556 2341; x_wconf 84' lang='lat' dir='ltr'><strong>onus.</strong></span> <span class='ocrx_word' id='word_1_273' title='bbox 1596 2304 1723 2352; x_wconf 82' lang='lat' dir='ltr'><strong>Lege,</strong></span> <span class='ocrx_word' id='word_1_274' title='bbox 1750 2303 1875 2347; x_wconf 86' lang='lat' dir='ltr'><strong>honos,</strong></span> <span class='ocrx_word' id='word_1_275' title='bbox 1899 2315 1984 2340; x_wconf 84' lang='lat' dir='ltr'><strong>cum</strong></span> <span class='ocrx_word' id='word_1_276' title='bbox 2007 2315 2082 2340; x_wconf 88' lang='lat' dir='ltr'><strong>uno</strong></span> <span class='ocrx_word' id='word_1_277' title='bbox 2103 2303 2226 2341; x_wconf 83' lang='lat' dir='ltr'><strong>Vatic.</strong></span> <span class='ocrx_word' id='word_1_278' title='bbox 2248 2314 2291 2339; x_wconf 88' lang='lat' dir='ltr'><strong>ex</strong></span> <span class='ocrx_word' id='word_1_279' title='bbox 2312 2305 2404 2342; x_wconf 85' lang='lat' dir='ltr'><strong>anti-</strong></span> 
     </span>
     <span class='ocr_line' id='line_1_46' title="bbox 1356 2353 2404 2406; baseline -0.002 -12"><span class='ocrx_word' id='word_1_280' title='bbox 1356 2355 1555 2406; x_wconf 88' lang='lat' dir='ltr'><strong>quioribus.</strong></span> <span class='ocrx_word' id='word_1_281' title='bbox 1585 2355 1731 2393; x_wconf 64' lang='lat' dir='ltr'><strong>Heius.</strong></span> <span class='ocrx_word' id='word_1_282' title='bbox 1760 2354 1803 2391; x_wconf 90' lang='lat' dir='ltr'><strong>In</strong></span> <span class='ocrx_word' id='word_1_283' title='bbox 1817 2353 1988 2392; x_wconf 82' lang='lat' dir='ltr'><strong>Beruenfi</strong></span> <span class='ocrx_word' id='word_1_284' title='bbox 2008 2364 2082 2391; x_wconf 85' lang='lat' dir='ltr'><strong>erat</strong></span> <span class='ocrx_word' id='word_1_285' title='bbox 2095 2353 2202 2391; x_wconf 84' lang='lat' dir='ltr'><strong>honus</strong></span> <span class='ocrx_word' id='word_1_286' title='bbox 2217 2362 2279 2399; x_wconf 89' lang='lat' dir='ltr'><strong>,ut</strong></span> <span class='ocrx_word' id='word_1_287' title='bbox 2300 2354 2404 2403; x_wconf 82' lang='lat' dir='ltr'><strong>saepe</strong></span> 
     </span>
     <span class='ocr_line' id='line_1_47' title="bbox 1357 2404 1642 2445; baseline -0.011 0"><span class='ocrx_word' id='word_1_288' title='bbox 1357 2407 1490 2445; x_wconf 89' lang='lat' dir='ltr'><strong>librarii</strong></span> <span class='ocrx_word' id='word_1_289' title='bbox 1513 2404 1642 2443; x_wconf 75' lang='lat' dir='ltr'><strong>solent.</strong></span> 
     </span>
    </p>

    <p class='ocr_par' dir='ltr' id='par_1_29' title="bbox 1357 2453 2405 2555">
     <span class='ocr_line' id='line_1_48' title="bbox 1408 2453 2405 2506; baseline -0.002 -11"><span class='ocrx_word' id='word_1_290' title='bbox 1408 2470 1443 2506; x_wconf 92' lang='lat'><strong>9.</strong></span> <span class='ocrx_word' id='word_1_291' title='bbox 1471 2457 1575 2505; x_wconf 65' lang='lat' dir='ltr'><strong>Qod</strong></span> <span class='ocrx_word' id='word_1_292' title='bbox 1596 2453 1748 2504; x_wconf 56' lang='lat' dir='ltr'><strong>decuit]</strong></span> <span class='ocrx_word' id='word_1_293' title='bbox 1765 2455 1875 2493; x_wconf 86' lang='lat' dir='ltr'><strong>Liber</strong></span> <span class='ocrx_word' id='word_1_294' title='bbox 1885 2464 1989 2493; x_wconf 82' lang='lat' dir='ltr'><strong>vetus</strong></span> <span class='ocrx_word' id='word_1_295' title='bbox 2004 2456 2041 2492; x_wconf 68' lang='grc' dir='ltr'><strong>δε</strong></span> <span class='ocrx_word' id='word_1_296' title='bbox 2062 2455 2121 2492; x_wconf 88' lang='lat' dir='ltr'><strong>alii</strong></span> <span class='ocrx_word' id='word_1_297' title='bbox 2147 2456 2312 2504; x_wconf 77' lang='lat' dir='ltr'><strong>optimae</strong></span> <span class='ocrx_word' id='word_1_298' title='bbox 2335 2467 2405 2493; x_wconf 93' lang='lat' dir='ltr'><strong>no-</strong></span> 
     </span>
     <span class='ocr_line' id='line_1_49' title="bbox 1357 2506 2404 2555; baseline -0.002 -9"><span class='ocrx_word' id='word_1_299' title='bbox 1357 2517 1418 2547; x_wconf 87' lang='lat' dir='ltr'><strong>tae</strong></span> <span class='ocrx_word' id='word_1_300' title='bbox 1432 2537 1441 2552; x_wconf 85' lang='lat'>,</span> <span class='ocrx_word' id='word_1_301' title='bbox 1467 2510 1569 2555; x_wconf 66' lang='lat' dir='ltr'><strong>Qae</strong></span> <span class='ocrx_word' id='word_1_302' title='bbox 1587 2507 1712 2544; x_wconf 82' lang='lat' dir='ltr'><strong>decuit.</strong></span> <span class='ocrx_word' id='word_1_303' title='bbox 1726 2506 1908 2547; x_wconf 58' lang='lat' dir='ltr'><strong>Numi..</strong></span> <span class='ocrx_word' id='word_1_304' title='bbox 1932 2509 2015 2554; x_wconf 51' lang='lat' dir='ltr'><strong>Qua</strong></span> <span class='ocrx_word' id='word_1_305' title='bbox 2038 2506 2158 2543; x_wconf 80' lang='lat' dir='ltr'><strong>Ursini</strong></span> <span class='ocrx_word' id='word_1_306' title='bbox 2183 2507 2222 2543; x_wconf 86' lang='lat'><strong>&amp;</strong></span> <span class='ocrx_word' id='word_1_307' title='bbox 2235 2506 2404 2544; x_wconf 86' lang='lat' dir='ltr'><strong>Ambros.</strong></span> 
     </span>
    </p>
   </div>
   <div class='ocr_carea' id='block_1_24' title="bbox 1361 2557 2401 2654">
    <p class='ocr_par' dir='ltr' id='par_1_30' title="bbox 1361 2557 2401 2654">
     <span class='ocr_line' id='line_1_50' title="bbox 1361 2557 2401 2607; baseline -0.005 -10"><span class='ocrx_word' id='word_1_308' title='bbox 1361 2572 1471 2597; x_wconf 88' lang='lat' dir='ltr'><strong>unus.</strong></span> <span class='ocrx_word' id='word_1_309' title='bbox 1491 2571 1599 2607; x_wconf 83' lang='lat' dir='ltr'><em>quam</em></span> <span class='ocrx_word' id='word_1_310' title='bbox 1621 2558 1720 2606; x_wconf 86' lang='lat' dir='ltr'><strong>prior</strong></span> <span class='ocrx_word' id='word_1_311' title='bbox 1739 2557 1909 2595; x_wconf 73' lang='lat' dir='ltr'><strong>Ambros.</strong></span> <span class='ocrx_word' id='word_1_312' title='bbox 1924 2569 1963 2594; x_wconf 85' lang='lat' dir='ltr'><strong>ut</strong></span> <span class='ocrx_word' id='word_1_313' title='bbox 1977 2557 2173 2595; x_wconf 83' lang='lat' dir='ltr'><strong>Helinaest.</strong></span> <span class='ocrx_word' id='word_1_314' title='bbox 2187 2557 2401 2606; x_wconf 85' lang='lat' dir='ltr'><strong>quodJunii,</strong></span> 
     </span>
     <span class='ocr_line' id='line_1_51' title="bbox 1363 2608 1898 2654; baseline -0.004 -6"><span class='ocrx_word' id='word_1_315' title='bbox 1363 2611 1497 2654; x_wconf 82' lang='lat' dir='ltr'><strong>Laeti,</strong></span> <span class='ocrx_word' id='word_1_316' title='bbox 1520 2609 1661 2646; x_wconf 85' lang='lat' dir='ltr'><strong>Hamb.</strong></span> <span class='ocrx_word' id='word_1_317' title='bbox 1685 2609 1724 2645; x_wconf 69' lang='grc' dir='ltr'><strong>ὃς</strong></span> <span class='ocrx_word' id='word_1_318' title='bbox 1746 2608 1815 2646; x_wconf 88' lang='lat' dir='ltr'><strong>sex·</strong></span> <span class='ocrx_word' id='word_1_319' title='bbox 1828 2609 1898 2646; x_wconf 85' lang='lat' dir='ltr'><strong>alii.</strong></span> 
     </span>
    </p>
   </div>
   <div class='ocr_carea' id='block_1_25' title="bbox 1361 2670 2407 2824">
    <p class='ocr_par' dir='ltr' id='par_1_31' title="bbox 1361 2670 2407 2824">
     <span class='ocr_line' id='line_1_52' title="bbox 1414 2670 2405 2723; baseline -0.003 -12"><span class='ocrx_word' id='word_1_320' title='bbox 1414 2687 1450 2723; x_wconf 93' lang='lat'><strong>9.</strong></span> <span class='ocrx_word' id='word_1_321' title='bbox 1476 2674 1554 2710; x_wconf 85' lang='lat' dir='ltr'><strong>Sine</strong></span> <span class='ocrx_word' id='word_1_322' title='bbox 1573 2673 1718 2709; x_wconf 81' lang='lat' dir='ltr'><strong>crimine</strong></span> <span class='ocrx_word' id='word_1_323' title='bbox 1739 2670 1922 2722; x_wconf 77' lang='lat' dir='ltr'><strong>lusimus.]</strong></span> <span class='ocrx_word' id='word_1_324' title='bbox 1967 2673 2053 2709; x_wconf 87' lang='lat' dir='ltr'><strong>Vita</strong></span> <span class='ocrx_word' id='word_1_325' title='bbox 2073 2671 2184 2717; x_wconf 86' lang='lat' dir='ltr'><strong>proba</strong></span> <span class='ocrx_word' id='word_1_326' title='bbox 2201 2670 2289 2714; x_wconf 84' lang='lat' dir='ltr'><strong>fuit,</strong></span> <span class='ocrx_word' id='word_1_327' title='bbox 2317 2670 2405 2708; x_wconf 88' lang='lat' dir='ltr'><strong>licet</strong></span> 
     </span>
     <span class='ocr_line' id='line_1_53' title="bbox 1361 2720 2407 2765; baseline -0.005 -2"><span class='ocrx_word' id='word_1_328' title='bbox 1361 2725 1535 2763; x_wconf 73' lang='lat' dir='ltr'><strong>lascivum</strong></span> <span class='ocrx_word' id='word_1_329' title='bbox 1568 2735 1728 2761; x_wconf 86' lang='lat' dir='ltr'><strong>carmen.</strong></span> <span class='ocrx_word' id='word_1_330' title='bbox 1753 2724 1829 2762; x_wconf 86' lang='lat' dir='ltr'><strong>hoc</strong></span> <span class='ocrx_word' id='word_1_331' title='bbox 1861 2732 1970 2762; x_wconf 88' lang='lat' dir='ltr'><strong>vocat</strong></span> <span class='ocrx_word' id='word_1_332' title='bbox 2002 2721 2178 2759; x_wconf 86' lang='lat' dir='ltr'><strong>Martialis</strong></span> <span class='ocrx_word' id='word_1_333' title='bbox 2199 2748 2210 2765; x_wconf 90' lang='lat'>,</span> <span class='ocrx_word' id='word_1_334' title='bbox 2247 2720 2407 2759; x_wconf 78' lang='lat' dir='ltr'><strong>innocuos</strong></span> 
     </span>
     <span class='ocr_line' id='line_1_54' title="bbox 1361 2775 1670 2824; baseline -0.003 -12"><span class='ocrx_word' id='word_1_335' title='bbox 1361 2775 1466 2824; x_wconf 80' lang='lat' dir='ltr'><strong>lusus.</strong></span> <span class='ocrx_word' id='word_1_336' title='bbox 1496 2775 1670 2812; x_wconf 72' lang='lat' dir='ltr'><strong>NEApoL.</strong></span> 
     </span>
    </p>
   </div>
   <div class='ocr_carea' id='block_1_26' title="bbox 1362 2830 2410 3406">
    <p class='ocr_par' dir='ltr' id='par_1_32' title="bbox 1363 2830 2406 2933">
     <span class='ocr_line' id='line_1_55' title="bbox 1421 2830 2406 2882; baseline 0.003 -12"><span class='ocrx_word' id='word_1_337' title='bbox 1421 2845 1478 2871; x_wconf 81' lang='lat'><strong>11.</strong></span> <span class='ocrx_word' id='word_1_338' title='bbox 1508 2832 1669 2882; x_wconf 54' lang='lat' dir='ltr'><strong>Priscis]</strong></span> <span class='ocrx_word' id='word_1_339' title='bbox 1707 2834 1799 2871; x_wconf 78' lang='lat' dir='ltr'><strong>Veris</strong></span> <span class='ocrx_word' id='word_1_340' title='bbox 1817 2835 1954 2872; x_wconf 85' lang='lat' dir='ltr'><strong>Mazar.</strong></span> <span class='ocrx_word' id='word_1_341' title='bbox 1975 2830 1994 2868; x_wconf 70' lang='lat' dir='ltr'><strong>a</strong></span> <span class='ocrx_word' id='word_1_342' title='bbox 2021 2842 2135 2869; x_wconf 88' lang='lat' dir='ltr'><strong>manu</strong></span> <span class='ocrx_word' id='word_1_343' title='bbox 2162 2832 2290 2881; x_wconf 83' lang='lat' dir='ltr'><strong>prima.</strong></span> <span class='ocrx_word' id='word_1_344' title='bbox 2314 2845 2406 2872; x_wconf 87' lang='lat' dir='ltr'><strong>mox</strong></span> 
     </span>
     <span class='ocr_line' id='line_1_56' title="bbox 1363 2884 1669 2933; baseline 0.003 -13"><span class='ocrx_word' id='word_1_345' title='bbox 1363 2896 1491 2925; x_wconf 71' lang='lat' dir='ltr'><em>canam</em></span> <span class='ocrx_word' id='word_1_346' title='bbox 1512 2884 1669 2933; x_wconf 86' lang='lat' dir='ltr'><strong>plurimi.</strong></span> 
     </span>
    </p>

    <p class='ocr_par' dir='ltr' id='par_1_33' title="bbox 1362 2941 2407 3041">
     <span class='ocr_line' id='line_1_57' title="bbox 1421 2941 2407 2994; baseline 0.001 -13"><span class='ocrx_word' id='word_1_347' title='bbox 1421 2956 1478 2992; x_wconf 86' lang='lat'><strong>13.</strong></span> <span class='ocrx_word' id='word_1_348' title='bbox 1506 2942 1702 2991; x_wconf 63' lang='lat' dir='ltr'><strong>Mensem]</strong></span> <span class='ocrx_word' id='word_1_349' title='bbox 1758 2941 1875 2990; x_wconf 86' lang='lat' dir='ltr'><strong>Mense</strong></span> <span class='ocrx_word' id='word_1_350' title='bbox 1909 2942 1996 2979; x_wconf 83' lang='lat' dir='ltr'><strong>alter</strong></span> <span class='ocrx_word' id='word_1_351' title='bbox 2030 2942 2182 2981; x_wconf 86' lang='lat' dir='ltr'><strong>Petavii.</strong></span> <span class='ocrx_word' id='word_1_352' title='bbox 2211 2956 2324 2989; x_wconf 88' lang='lat' dir='ltr'><strong>mox,</strong></span> <span class='ocrx_word' id='word_1_353' title='bbox 2352 2943 2407 2994; x_wconf 86' lang='lat' dir='ltr'><strong>effe</strong></span> 
     </span>
     <span class='ocr_line' id='line_1_58' title="bbox 1362 2993 2084 3041; baseline -0.003 -9"><span class='ocrx_word' id='word_1_354' title='bbox 1362 3007 1465 3035; x_wconf 80' lang='lat' dir='ltr'><em>tuum</em></span> <span class='ocrx_word' id='word_1_355' title='bbox 1492 2994 1632 3031; x_wconf 55' lang='lat' dir='ltr'><strong>Matar.</strong></span> <span class='ocrx_word' id='word_1_356' title='bbox 1655 2993 1743 3029; x_wconf 83' lang='lat' dir='ltr'><strong>alter</strong></span> <span class='ocrx_word' id='word_1_357' title='bbox 1763 2993 1800 3030; x_wconf 77' lang='grc' dir='ltr'><strong>ὃ(</strong></span> <span class='ocrx_word' id='word_1_358' title='bbox 1824 2993 1989 3041; x_wconf 87' lang='lat' dir='ltr'><strong>quinque</strong></span> <span class='ocrx_word' id='word_1_359' title='bbox 2014 2994 2084 3031; x_wconf 85' lang='lat' dir='ltr'><strong>aiii.</strong></span> 
     </span>
    </p>

    <p class='ocr_par' dir='ltr' id='par_1_34' title="bbox 1363 3053 2408 3361">
     <span class='ocr_line' id='line_1_59' title="bbox 1418 3053 2406 3106; baseline -0.001 -13"><span class='ocrx_word' id='word_1_360' title='bbox 1418 3070 1473 3106; x_wconf 82' lang='lat'><strong>15.</strong></span> <span class='ocrx_word' id='word_1_361' title='bbox 1502 3063 1602 3092; x_wconf 77' lang='lat' dir='ltr'><strong>Mota</strong></span> <span class='ocrx_word' id='word_1_362' title='bbox 1621 3055 1793 3101; x_wconf 70' lang='lat' dir='ltr'><strong>Cythered</strong></span> <span class='ocrx_word' id='word_1_363' title='bbox 1824 3055 1866 3102; x_wconf 87' lang='lat' dir='ltr'><strong>est</strong></span> <span class='ocrx_word' id='word_1_364' title='bbox 1894 3054 2055 3103; x_wconf 65' lang='lat' dir='ltr'><strong>leviten]</strong></span> <span class='ocrx_word' id='word_1_365' title='bbox 2101 3055 2240 3092; x_wconf 88' lang='lat' dir='ltr'><strong>Melior</strong></span> <span class='ocrx_word' id='word_1_366' title='bbox 2260 3053 2406 3093; x_wconf 80' lang='lat' dir='ltr'><strong>fortaffe</strong></span> 
     </span>
     <span class='ocr_line' id='line_1_60' title="bbox 1363 3104 2408 3156; baseline -0.002 -10"><span class='ocrx_word' id='word_1_367' title='bbox 1363 3108 1413 3146; x_wconf 91' lang='lat' dir='ltr'><strong>est</strong></span> <span class='ocrx_word' id='word_1_368' title='bbox 1432 3108 1529 3156; x_wconf 82' lang='lat' dir='ltr'><strong>prior</strong></span> <span class='ocrx_word' id='word_1_369' title='bbox 1548 3105 1658 3143; x_wconf 61' lang='lat' dir='ltr'><strong>lectio</strong></span> <span class='ocrx_word' id='word_1_370' title='bbox 1672 3135 1682 3150; x_wconf 95' lang='lat'>,</span> <span class='ocrx_word' id='word_1_371' title='bbox 1712 3113 1813 3143; x_wconf 86' lang='lat' dir='ltr'><strong>Mota</strong></span> <span class='ocrx_word' id='word_1_372' title='bbox 1834 3106 2027 3155; x_wconf 72' lang='lat' dir='ltr'><strong>cytheraea</strong></span> <span class='ocrx_word' id='word_1_373' title='bbox 2057 3104 2181 3142; x_wconf 82' lang='lat' dir='ltr'><strong>leviter</strong></span> <span class='ocrx_word' id='word_1_374' title='bbox 2192 3118 2263 3145; x_wconf 64' lang='lat' dir='ltr'><strong>wc.</strong></span> <span class='ocrx_word' id='word_1_375' title='bbox 2286 3115 2324 3143; x_wconf 88' lang='lat' dir='ltr'><strong>ut</strong></span> <span class='ocrx_word' id='word_1_376' title='bbox 2343 3106 2408 3150; x_wconf 80' lang='lat' dir='ltr'><strong>sit,</strong></span> 
     </span>
     <span class='ocr_line' id='line_1_61' title="bbox 1364 3155 2407 3207; baseline -0.001 -13"><span class='ocrx_word' id='word_1_377' title='bbox 1364 3169 1478 3207; x_wconf 70' lang='lat' dir='ltr'><strong>myrto</strong></span> <span class='ocrx_word' id='word_1_378' title='bbox 1502 3157 1707 3204; x_wconf 69' lang='lat' dir='ltr'><strong>Cytheram.</strong></span> <span class='ocrx_word' id='word_1_379' title='bbox 1729 3158 1862 3194; x_wconf 50' lang='lat' dir='ltr'><strong>Naue.</strong></span> <span class='ocrx_word' id='word_1_380' title='bbox 1885 3155 2098 3204; x_wconf 67' lang='lat' dir='ltr'><strong>Cytheriacd</strong></span> <span class='ocrx_word' id='word_1_381' title='bbox 2118 3166 2277 3205; x_wconf 84' lang='lat' dir='ltr'><strong>quatuor</strong></span> <span class='ocrx_word' id='word_1_382' title='bbox 2307 3166 2407 3194; x_wconf 83' lang='lat' dir='ltr'><strong>vete·</strong></span> 
     </span>
     <span class='ocr_line' id='line_1_62' title="bbox 1365 3206 2408 3256; baseline -0.003 -9"><span class='ocrx_word' id='word_1_383' title='bbox 1365 3221 1419 3247; x_wconf 80' lang='lat' dir='ltr'><strong>res</strong></span> <span class='ocrx_word' id='word_1_384' title='bbox 1439 3220 1522 3246; x_wconf 85' lang='lat' dir='ltr'><strong>cum</strong></span> <span class='ocrx_word' id='word_1_385' title='bbox 1535 3208 1828 3245; x_wconf 77' lang='lat' dir='ltr'><strong>Zulichemiano.</strong></span> <span class='ocrx_word' id='word_1_386' title='bbox 1865 3206 1913 3243; x_wconf 87' lang='lat' dir='ltr'><strong>fic</strong></span> <span class='ocrx_word' id='word_1_387' title='bbox 1934 3206 2160 3254; x_wconf 68' lang='lat' dir='ltr'><strong>Cytheriacae</strong></span> <span class='ocrx_word' id='word_1_388' title='bbox 2176 3219 2287 3256; x_wconf 85' lang='lat' dir='ltr'><strong>aquae</strong></span> <span class='ocrx_word' id='word_1_389' title='bbox 2302 3206 2408 3255; x_wconf 82' lang='lat' dir='ltr'><strong>Epist.</strong></span> 
     </span>
     <span class='ocr_line' id='line_1_63' title="bbox 1365 3256 2408 3305; baseline -0.003 -8"><span class='ocrx_word' id='word_1_390' title='bbox 1365 3273 1436 3297; x_wconf 82' lang='lat' dir='ltr'><strong>vn.</strong></span> <span class='ocrx_word' id='word_1_391' title='bbox 1457 3260 1517 3296; x_wconf 90' lang='lat'><strong>60.</strong></span> <span class='ocrx_word' id='word_1_392' title='bbox 1545 3258 1691 3295; x_wconf 66' lang='lat' dir='ltr'><strong>Hms.</strong></span> <span class='ocrx_word' id='word_1_393' title='bbox 1731 3258 1829 3296; x_wconf 83' lang='lat' dir='ltr'><strong>Cum</strong></span> <span class='ocrx_word' id='word_1_394' title='bbox 1863 3256 2051 3305; x_wconf 82' lang='lat' dir='ltr'><strong>Naugerio</strong></span> <span class='ocrx_word' id='word_1_395' title='bbox 2074 3258 2226 3296; x_wconf 84' lang='lat' dir='ltr'><strong>faciebat</strong></span> <span class='ocrx_word' id='word_1_396' title='bbox 2250 3258 2408 3302; x_wconf 76' lang='lat' dir='ltr'><strong>Douza,</strong></span> 
     </span>
     <span class='ocr_line' id='line_1_64' title="bbox 1365 3307 2214 3361; baseline -0.002 -12"><span class='ocrx_word' id='word_1_397' title='bbox 1365 3311 1428 3361; x_wconf 87' lang='lat' dir='ltr'><strong>qui</strong></span> <span class='ocrx_word' id='word_1_398' title='bbox 1452 3308 1623 3360; x_wconf 74' lang='lat' dir='ltr'><strong>legebat,</strong></span> <span class='ocrx_word' id='word_1_399' title='bbox 1651 3308 1824 3357; x_wconf 64' lang='lat' dir='ltr'><strong>Cytherea</strong></span> <span class='ocrx_word' id='word_1_400' title='bbox 1849 3307 2019 3345; x_wconf 81' lang='lat' dir='ltr'><strong>Citharea</strong></span> <span class='ocrx_word' id='word_1_401' title='bbox 2046 3307 2214 3350; x_wconf 84' lang='lat' dir='ltr'><strong>Bernens.</strong></span> 
     </span>
    </p>

    <p class='ocr_par' dir='ltr' id='par_1_35' title="bbox 2270 3362 2410 3406">
     <span class='ocr_line' id='line_1_65' title="bbox 2270 3362 2410 3406; baseline -0.021 -10"><span class='ocrx_word' id='word_1_402' title='bbox 2270 3370 2325 3406; x_wconf 77' lang='grc' dir='ltr'><strong>ις.</strong></span> <span class='ocrx_word' id='word_1_403' title='bbox 2350 3362 2410 3394; x_wconf 80' lang='lat' dir='ltr'><strong>Le-</strong></span> 
     </span>
    </p>
   </div>
  </div>
 </body>
</html>
