2495 3675
264 203 372 257 226

741 195 804 253 P.
879 191 1292 253 OVIDII
1361 190 1895 257 NASONIS

569 313 787 370 Summa
811 312 925 366 dies
950 311 981 366 ὲ
1007 311 1245 384 quinque
1270 309 1418 365 tubas
1447 308 1662 366 lustrare
1687 328 1909 369 canoras

429 386 532 457 850

644 387 953 448 Admonet,
993 386 1046 438 &
1075 386 1201 438 forti
1226 384 1517 439 sacrificare
1545 383 1710 439 Deae.

571 459 732 515 Nunc
758 474 911 532 potes
937 457 1002 510 ad
1029 456 1208 512 Solem
1233 457 1433 512 sublato
1459 457 1641 512 dicere
1668 460 1850 527 vultu;

644 534 758 588 Hic
785 533 911 584 here
941 529 1198 585 Phrixeae
1221 531 1414 585 vellera
1442 529 1622 602 pressit
1650 532 1779 589 oviS.

576 604 875 663 Seminibus
903 601 1048 656 tostis
1072 603 1354 658 sceleratae
1377 604 1563 659 fraude
1593 622 1857 661 novercae

645 677 930 733 Sustulerat
957 674 1148 740 nullaS,
1187 691 1243 729 ut
1267 675 1428 740 solet,
1467 677 1629 731 herba
1653 695 1848 733 comas.

429 753 528 823 855
572 751 812 808 Mittitur
836 749 903 802 ad
933 748 1201 819 tripodam,
1240 751 1387 819 certa
1411 750 1504 822 qui
1534 749 1675 804 sorte
1702 765 1970 822 reportet,

648 824 826 895 Quam
851 821 1007 876 sterili
1033 835 1204 876 terrae
1235 821 1525 893 Delphicus
1548 821 1674 877 edat
1699 840 1877 896 opem.

567 898 682 954 I-lic
709 913 926 968 quoque
951 908 1265 966 corruthS,
1303 911 1402 965 pro
1439 895 1660 958 semine,
1703 901 1912 955 nuntiat
1937 899 2128 957 Helles

643 969 713 1024 Et
733 968 941 1040 juvenis
970 967 1171 1040 Phryxi
1194 967 1380 1021 funera
1405 968 1546 1022 forte
1571 969 1697 1040 peti.

572 1042 757 1116 thue
783 1041 1114 1095 recusantem
1139 1041 1310 1103 αἰνᾶς,
1347 1041 1402 1093 &
1427 1054 1669 1113 tempuS‚
1711 1041 1765 1096 &
1792 1043 1888 1100 Ino

428 1118 531 1173 860

640 1115 1036 1185 Compulerunt
1062 1131 1245 1184 regem
1267 1112 1396 1184 julla
1421 1113 1649 1168 nefanda
1677 1116 1815 1186 pati;

568 1186 642 1245 Et
670 1189 850 1249 soror,
889 1187 939 1239 δε
972 1186 1217 1259 Phryxus
1242 1186 1399 1240 velati
1424 1201 1666 1260 tempora
1691 1189 1849 1244 ramis

645 1262 793 1317 Stant
815 1258 966 1314 simul
993 1272 1116 1313 ante
1142 1274 1279 1312 aras:
1318 1258 1600 1332 jundlaque
1624 1259 1728 1316 fata
1755 1276 1994 1334 gemunt.

283 1477 482 1524 ςρέψαντες
508 1476 624 1514 δοῦναι
652 1471 761 1520 δόξαν
781 1473 830 1519 τῷ
855 1473 941 1520 Θεῷ.
968 1472 1113 1510 ΗειΝς.
1168 1478 1329 1521 Repertus

282 1532 321 1568 ὃ(
335 1539 480 1579 receptus
491 1528 614 1576 passim
635 1524 729 1572 apud
744 1523 920 1561 Nostrum
940 1523 1138 1571 permutari
1159 1524 1329 1560 videmus

281 1581 327 1619 ad
350 1594 385 1619 v.
410 1581 505 1617 Met.
538 1591 621 1626 572.
656 1574 715 1612 sed
742 1573 840 1611 aliud
860 1574 961 1611 ulcus
981 1576 1033 1612 his
1057 1574 1172 1611 verbis
1194 1572 1329 1611 subesse

280 1631 439 1680 suspicor
452 1658 461 1673 ‚
488 1632 588 1675 furta
607 1627 705 1667 enim
730 1624 874 1674 pendere
883 1634 1009 1674 poenas
1028 1636 1234 1675 numquam
1245 1625 1332 1674 legi,

279 1683 450 1729 sedfures
477 1681 593 1729 saepe,
628 1681 678 1717 ita
699 1689 762 1713 111.
786 1675 966 1713 Trist.x1.
990 1687 1049 1725 35.

332 1744 521 1783 Pendimus
539 1756 580 1780 ex
595 1740 729 1791 profugi
751 1738 865 1788 (satia
883 1749 947 1775 tua
964 1742 1123 1790 pellam)
1146 1751 1282 1790 poenas.

283 1806 323 1844 &
346 1808 470 1856 passim
496 1820 505 1844 :
543 1817 655 1855 quare
687 1816 772 1842 cum
805 1805 842 1841 in
880 1805 1135 1841 Mazariniano
1166 1802 1187 1840 a
1218 1815 1330 1842 manu

280 1858 398 1905 prima
419 1858 459 1895 sit
475 1885 485 1900 ‚
511 1858 641 1906 poenis,
658 1854 743 1893 illud
756 1854 1008 1902 recipiendum
1023 1863 1115 1902 puto
1129 1882 1138 1897 ,
1155 1855 1193 1891 ὅ(
1211 1854 1331 1892 subin-

281 1908 523 1956 telligendum
547 1910 662 1950 fures,
691 1906 750 1943 vel
782 1917 1027 1955 quoscunque
1047 1932 1058 1950 ,
1097 1906 1162 1955 qui
1186 1906 1326 1944 furtum

281 1959 474 2004 fecerunt,
501 1959 670 1997 sollemni
691 1956 824 2005 ellipfi,

333 2027 424 2067 An,
443 2022 533 2073 quod
562 2020 664 2057 habet
695 2020 798 2068 legem
813 2048 824 2065 ,
850 2018 968 2069 capitis
987 2031 1075 2070 quae
1094 2017 1238 2068 pendere
1252 2026 1328 2069 poe-

456 2074 509 2110 nis
537 2073 617 2118 (vel
628 2073 765 2120 poena)

387 2127 443 2159 Ex
466 2123 525 2160 illo
537 2122 658 2170 jubeat
672 2126 777 2167 furta
797 2130 928 2170 reperta
949 2121 1028 2159 loco.

280 2171 343 2212 'lex
369 2186 464 2221 quae
492 2174 620 2221 jubeat
650 2173 746 2210 fures
778 2173 939 2221 pendere
977 2173 1037 2209 sua
1075 2172 1171 2210 furta
1206 2184 1328 2221 poena

286 2226 413 2273 capitis
427 2239 438 2268 ;
461 2237 544 2262 nam
558 2224 688 2261 dicitur
700 2232 898 2272 utrumque
910 2250 919 2266 ‚
934 2223 1187 2273 luere‚pendere
1198 2224 1330 2272 ,fhlve-

286 2289 323 2312 re
345 2284 468 2322 poenas
488 2303 498 2319 ,
541 2276 578 2312 &
608 2274 769 2310 crimina.
802 2284 842 2310 ut
871 2283 1002 2311 notum
1033 2275 1092 2311 est.
1127 2276 1207 2323 quis
1238 2287 1329 2312 vero

284 2324 344 2362 ille
373 2324 415 2363 fit
450 2325 539 2362 locus
579 2324 733 2362 nescio:
770 2336 855 2361 nam
886 2325 994 2361 verba
1022 2324 1115 2361 Festi
1146 2326 1259 2373 magis
1286 2325 1332 2364 de

284 2375 358 2414 luci
379 2376 464 2414 sacri
485 2376 688 2413 violatione
709 2402 718 2418 ,
756 2386 865 2424 quam
893 2374 937 2412 de
965 2376 1066 2412 furtis
1089 2375 1258 2412 videntur
1277 2377 1332 2413 in·

284 2426 504 2475 telligenda,
532 2427 591 2464 sed
613 2425 769 2463 Athenis
798 2424 900 2463 fuisse
925 2425 1154 2474 Cynosarges
1183 2427 1220 2463 ὅ(
1250 2427 1330 2475 Ly-

286 2489 396 2515 ceum
413 2504 424 2521 ,
453 2478 515 2515 ubi
552 2489 596 2514 ex
644 2477 787 2514 Solonis
823 2477 903 2525 lege
941 2477 1033 2514 furta
1070 2477 1162 2514 ultra
1198 2477 1328 2515 decem

284 2528 475 2566 drachmas
497 2529 612 2577 capite
630 2529 741 2565 etiam
761 2528 952 2565 luebantur
966 2556 976 2570 ,
995 2528 1106 2565 docet
1127 2528 1264 2565 Meurs.
1290 2530 1327 2566 in

284 2580 426 2617 Athen.
452 2581 562 2617 Attic.
582 2593 626 2616 11.
646 2591 679 2615 2.
700 2580 736 2616 δε
761 2590 793 2627 3.
822 2578 868 2616 fic
895 2578 991 2616 forte
1013 2590 1059 2616 ex
1090 2579 1153 2616 illo
1185 2579 1328 2627 templo

285 2629 482 2668 Minervae
503 2631 655 2679 Capitae
684 2628 710 2665 fi
743 2631 823 2678 quis
854 2630 951 2666 furto
971 2629 1109 2677 aliquid
1128 2629 1330 2677 surripuisse

286 2679 625 2727 deprehendebatur
646 2707 656 2723 ,
693 2682 809 2726 capite
827 2679 1053 2727 puniebatur.
1080 2679 1330 2717 Viderintdo·

291 2729 432 2769 Ctiores.
462 2732 618 2780 Scaliger
635 2731 670 2768 iti
691 2729 915 2777 Festolegit,
936 2727 1117 2777 capitalem
1137 2729 1268 2771 locum,
1290 2730 1327 2766 ὃς

288 2780 368 2816 vult
390 2783 424 2818 in
437 2795 570 2830 genere
583 2792 737 2820 omnem
759 2780 884 2817 locum
899 2806 910 2823 ,
930 2781 965 2816 in
987 2791 1063 2827 quo
1091 2790 1210 2827 poena
1231 2781 1329 2826 capi-

288 2831 334 2867 tis
356 2832 590 2870 violatoribus
604 2843 679 2870 erat
702 2831 920 2873 constituta,
943 2829 1014 2867 dici
1036 2829 1227 2878 capitalem.
1259 2842 1328 2867 no-

290 2881 442 2918 tandum
466 2895 554 2920 vero
574 2883 621 2920 est
643 2883 826 2920 Barthiurn
842 2882 898 2918 lib.
914 2892 990 2918 xt1.
1005 2880 1103 2918 Adv.
1118 2880 1151 2917 8.
1181 2880 1215 2917 in
1237 2880 1329 2918 duo-

291 2930 356 2967 bus
378 2932 456 2968 MS.
477 2933 669 2981 repperisse
683 2932 837 2982 capitalis
850 2932 946 2968 lucus
960 2960 969 2975 ‚
991 2932 1049 2968 ubi
1061 2929 1096 2980 si
1111 2931 1197 2979 quid
1216 2931 1330 2969 viola-

291 2990 370 3017 tum
390 2982 432 3027 est
445 3010 454 3025 ‚
474 2986 579 3030 capite
589 2984 783 3031 vigilatoris
801 2983 970 3031 expiatur.
997 2993 1107 3031 quain
1128 2981 1329 3020 lectionem

291 3041 417 3069 veram
439 3031 508 3069 elle
529 3044 630 3080 puto.
656 3045 741 3069 narn
765 3034 800 3069 in
823 3034 994 3070 omnibus
1014 3033 1123 3070 credo
1147 3033 1237 3070 locis
1255 3034 1330 3070 san-

291 3082 356 3119 &is
369 3083 564 3119 violatores
577 3084 694 3131 capite
708 3083 960 3129 puniebantur.
982 3083 1039 3120 sed
1054 3085 1126 3119 hoc
1140 3083 1328 3130 fiii-gulare,

291 3134 329 3171 in
351 3133 492 3181 :apitali
527 3133 600 3168 luco
628 3142 667 3169 ut
694 3132 859 3179 vigilator
880 3133 1141 3179 negligentiam
1162 3134 1259 3171 suain
1275 3135 1330 3173 lu-

293 3192 372 3221 eret
393 3185 520 3231 capite.
541 3184 577 3219 ὃ(
602 3181 743 3220 fortasse
761 3183 819 3219 ille
840 3182 927 3230 vigil
945 3183 1031 3220 latet
1053 3185 1087 3219 in
1111 3184 1174 3220 illis
1190 3212 1198 3227 ‚
1219 3199 1260 3221 ex
1287 3186 1327 3221 il-

292 3233 424 3282 lo;pro
440 3234 570 3282 quibus
582 3235 617 3270 in
633 3234 793 3279 plurimis
806 3233 992 3271 codicibus
1013 3244 1109 3277 erat,
1129 3235 1250 3272 Exilia.
1272 3235 1330 3274 sed

291 3285 462 3334 relinquo
483 3286 573 3321 haec
593 3284 813 3321 felicioribus
834 3284 1109 3321 divinatoribus.
1139 3285 1268 3323 ssURM.

343 3334 429 3383 847.
454 3334 618 3385 Dahis]
665 3334 799 3373 Trahas
819 3334 906 3374 editi
929 3337 967 3374 ὃς
987 3335 1104 3385 scripti
1125 3337 1289 3386 quidam.

2317 1343 2434 1399 Aci-

1436 1470 1520 1519 849.
1547 1477 1692 1510 Summa
1711 1474 1782 1514 dies
1799 1476 1817 1514 ἒ
1835 1473 2026 1528 quinqua]
2062 1476 2110 1515 Et
2139 1479 2287 1527 quintus
2308 1482 2431 1530 Quin-

1385 1532 1583 1572 quatruum
1605 1524 1681 1562 dies
1695 1554 1704 1568 .
1733 1529 1796 1576 qui
1816 1541 1850 1565 x.
1871 1526 2052 1566 Kalendas
2073 1528 2240 1577 Apriles,
2267 1531 2431 1573 scribitur

1384 1574 1439 1611 his
1464 1575 1560 1612 notis
1588 1575 1624 1613 in
1652 1576 1874 1617 Kalendario
1905 1579 2022 1616 veteri
2047 1607 2057 1624 ‚
2095 1592 2275 1620 Tvizxtvs.
2305 1596 2366 1621 NP.
2391 1585 2432 1623 &

1386 1625 1618 1681 altercmense
1649 1628 1757 1678 Majo
1772 1658 1782 1674 ‚
1807 1631 1872 1680 qui
1895 1641 1929 1666 x.
1952 1629 2282 1678 KalendasJunias.
2332 1635 2432 1683 Ergo

1388 1675 1654 1715 Tubilustriurn
1697 1679 1748 1719 bis
1781 1682 1818 1718 in
1853 1692 1951 1718 anno
1981 1681 2157 1720 Romano
2188 1683 2434 1724 celebratum:

1389 1727 1584 1765 Minervae
1613 1728 1724 1767 semel
1754 1732 1878 1769 mense
1904 1731 2045 1768 Martio
2068 1761 2078 1777 ,
2117 1733 2290 1771 Vulcano
2322 1734 2444 1775 semel.

1390 1777 1513 1815 mense
1538 1780 1656 1828 Majo.
1687 1781 1851 1820 Observa
1872 1782 2104 1820 reconditum
2129 1795 2272 1822 morem
2287 1797 2332 1822 ex
2353 1786 2434 1824 No·

1387 1829 1457 1867 stro
1474 1857 1483 1873 ,
1510 1830 1628 1868 forsan
1649 1832 1684 1869 in
1706 1833 1780 1870 alio
1801 1845 1878 1871 non
1899 1833 2010 1882 leges.
2036 1836 2075 1871 ὃς
2099 1834 2227 1873 videfis
2247 1836 2308 1874 sub
2321 1836 2434 1877 finem

1385 1880 1465 1918 libri
1489 1881 1607 1931 quinti
1629 1894 1698 1920 nos
1721 1884 1767 1922 ad
1786 1884 1898 1922 illud:

1435 1949 1604 1985 Proxima
1627 1949 1773 1986 Vulcani
1791 1950 1854 1987 lux
1873 1951 1918 1999 est
1931 1979 1941 1995 ‚
1967 1965 2075 2000 quam
2102 1952 2238 2000 Lustria
2261 1955 2406 1998 dicum.-

1385 2050 1423 2088 N
1491 2001 1701 2047 Lustramur
1718 2011 1824 2051 purae
1837 2029 1847 2047 ,
1865 2016 1952 2052 quas
1961 2005 2054 2051 facit
2076 2004 2155 2050 ille,
2172 2005 2288 2046 tubae.

1427 2062 1563 2090 envoi..

1437 2118 1521 2167 849.
1549 2119 1684 2157 Tabam
1703 2119 1848 2166 lustrare
1867 2121 2075 2172 canoram.]
2107 2125 2209 2161 Cave
2228 2123 2345 2172 legas,
2373 2135 2432 2164 tu-

1385 2168 1433 2206 bd
1452 2172 1600 2215 canord;
1631 2180 1670 2208 ut
1689 2172 1767 2208 vult
1781 2184 1927 2210 momar
1947 2174 2006 2210 ille
2028 2175 2189 2217 Marsus,
2220 2174 2302 2213 mesi
2320 2177 2444 2226 prisca.

1383 2220 1531 2269 lingua,
1567 2223 1813 2259 incomitiem.
1864 2223 1903 2259 ln
1927 2223 2037 2261 tribus
2056 2224 2300 2272 editionibus,
2329 2228 2432 2268 tubas

1388 2284 1554 2315 canoras,
1582 2284 1659 2309 non
1680 2273 1819 2320 rejicio.
1847 2273 2024 2310 Nfinnor..

1439 2322 1524 2371 850.
1553 2324 1648 2359 Forti
1663 2322 1860 2369 sacrificare
1879 2329 1982 2360 Deae.
1999 2323 2015 2374 ]
2055 2331 2125 2363 Deo
2148 2328 2270 2366 Urfiti.
2288 2329 2430 2371 Mazar.

1388 2373 1426 2410 δε
1448 2371 1467 2410 a
1490 2385 1602 2412 manu
1629 2373 1746 2422 prima
1776 2373 1918 2412 Zulich.
1942 2384 1982 2412 ut
2005 2381 2117 2414 Deum
2137 2390 2204 2426 pro
2225 2379 2307 2417 Dea
2329 2381 2430 2420 dixe-

1385 2425 1431 2461 rit
1453 2425 1681 2462 Graecorum
1706 2437 1821 2462 rnore.
1849 2437 1892 2462 an
1908 2427 2039 2471 fortem
2059 2434 2174 2466 Deum
2195 2431 2354 2469 Martem
2375 2433 2430 2471 iri·

1385 2475 1489 2518 nuit;
1519 2476 1578 2512 cui
1608 2475 1703 2513 sacra
1735 2476 1802 2513 fint
1830 2476 2039 2515 Tibilustria
2069 2480 2160 2517 haec
2180 2482 2312 2520 mensis
2333 2484 2432 2521 Mar·
2483 2495 2487 2497 ·

1383 2527 1449 2569 tii,
1477 2526 1798 2574 quemadmodum
1821 2527 1928 2565 altera
1949 2528 2007 2566 illa
2027 2531 2158 2568 mensis
2180 2532 2275 2581 Maji
2295 2534 2430 2571 Vulca-

1384 2575 1464 2613 no?
1493 2578 1637 2615 HliiNs.

1437 2627 1520 2676 851.
1548 2634 1651 2665 Nunc
1667 2638 1759 2678 potes
1779 2629 1827 2665 ad
1844 2628 1989 2679 Solem]
2028 2631 2172 2668 Eodem
2192 2632 2314 2679 primo
2335 2633 2440 2673 festor

1385 2678 1687 2726 Quinquatruum
1705 2707 1714 2722 ,
1743 2679 1778 2717 id
1799 2680 1848 2717 est
1866 2692 1944 2717 xiv.
1975 2682 2162 2718 Kalendas.
2193 2682 2316 2718 Nem.

1438 2727 1520 2775 852.
1550 2729 1615 2764 Hic
1634 2729 1749 2778 hera]
1808 2732 1896 2767 Hoc
1926 2731 1973 2768 est
2006 2744 2070 2768 xv.
2099 2731 2277 2770 Kalendas
2301 2733 2362 2772 Sol
2390 2735 2439 2774 in.

1383 2777 1524 2815 Ariete.
1565 2785 1648 2815 Here
1664 2780 1711 2816 est
1731 2781 1827 2826 χθές.
1856 2781 2031 2817 ΝΕΑΡοι.

1440 2828 1525 2878 853.
1554 2831 1743 2867 Seminibus
1766 2831 1894 2879 tostis.]
1958 2831 2055 2869 Vide
2087 2831 2282 2881 Hyginum
2305 2835 2365 2874 lib.
2382 2849 2427 2875 11.

1385 2879 1493 2917 Poe't.
1514 2881 1816 2919 Astronomicon.
1847 2882 1970 2918 Nizw.

1439 2931 1522 2979 855.
1552 2932 1716 2967 Mittitur
1736 2932 1784 2967 ad
1804 2931 2002 2981 Tripodas.]
2032 2933 2136 2981 Quid
2159 2935 2266 2984 tripus
2279 2946 2424 2976 notum:

1387 2981 1460 3018 hoc
1489 2982 1586 3019 idem
1616 2981 1741 3018 dixere
1774 2984 1914 3030 antiqui
1941 2984 2139 3030 tripodium.
2175 2986 2323 3024 Gloffae
2349 3001 2426 3025 rna-

1387 3031 1587 3079 nuscriptae
1610 3044 1618 3068 :
1658 3032 1815 3080 Tripodia
1839 3060 1848 3076 ,
1877 3033 2046 3083 tripedia‚
2074 3035 2111 3070 id
2130 3036 2193 3083 est,
2216 3038 2425 3085 scabellum,

1386 3082 1476 3132 quod
1495 3093 1562 3118 tres
1579 3082 1677 3130 pedes
1697 3082 1822 3125 habet3
1852 3084 1909 3119 vel
1930 3090 2044 3134 mensa
2066 3113 2075 3128 ,
2111 3087 2150 3122 in
2161 3089 2272 3135 sacris
2295 3089 2427 3137 Apolli-

1388 3133 1439 3169 nis
1454 3161 1464 3177 ,
1492 3133 1550 3168 vel
1570 3146 1735 3169 nummus
1757 3137 1978 3182 consecratus.
2025 3136 2218 3186 Quidquid
2242 3141 2350 3188 igitur
2366 3139 2427 3177 tri·

1386 3184 1449 3221 bus
1470 3183 1589 3220 fulcris
1609 3183 1842 3222 sustinebatur
1870 3184 1917 3222 fic
1936 3186 2005 3223 dici
2027 3189 2146 3234 potuit
2169 3202 2178 3224 ε
2213 3190 2298 3227 inde
2325 3190 2425 3227 Sicu·

1385 3235 1409 3272 li
1434 3243 1569 3272 vocant
1585 3235 1731 3282 tripodi,
1759 3236 1887 3283 quibus
1908 3235 2001 3274 ollae
2025 3239 2069 3274 ad
2093 3239 2220 3277 focum
2253 3241 2425 3290 superim-

1385 3294 1583 3335 ponuntur.
1613 3285 1787 3322 NEAPOL.

1438 3336 1522 3386 857.
1551 3334 1616 3373 Hic
1646 3350 1777 3386 quoque
1807 3346 1980 3387 corruptus
2018 3351 2094 3376 cum
2126 3340 2293 3391 semina]
2346 3340 2425 3376 Lo·

2340 3401 2424 3429 cum
