2495 3675
214 198 317 251 732

703 181 764 237 P.
840 173 1256 237 OVIDII
1327 166 1862 228 NASONIS

518 268 854 338 DiffimuleS,
894 285 1208 341 metuasque
1232 266 1381 327 licet,
1426 261 1725 326 Gramine,
1761 261 1947 329 fateri3

607 345 662 402 Si
685 347 819 402 bene
845 360 898 400 te
922 345 1082 405 novi,
1120 339 1263 393 triste
1290 336 1440 392 fuiffe
1467 337 1650 409 liquet.

394 434 423 486 5
531 417 657 475 Non
679 420 823 476 cadit
849 422 905 473 in
932 431 1108 471 mores
1132 411 1313 467 feritas
1340 409 1631 464 inamabilis
1656 407 1814 472 istos;

608 492 726 548 Nec
756 492 929 546 minus
956 490 983 541 a
1013 484 1194 540 studiis
1219 483 1434 538 diffidet
1464 483 1546 537 illa
1572 482 1691 536 tuis,

539 565 763 620 Artibus
789 559 1028 632 ingenuis
1045 597 1061 622 ‚
1102 574 1325 629 quarum
1355 556 1452 610 tibi
1478 555 1707 610 maxima
1732 570 1860 610 cura
1885 554 1990 618 est,

612 636 834 692 Petam-a
857 632 1202 693 mollescunt,
1241 629 1593 702 asperitasque
1619 628 1771 698 fugit.

540 711 656 766 Nec
679 707 965 780 quisquam
989 705 1210 760 meliore
1237 703 1345 758 fide
1370 701 1744 774 comple&itur
1768 700 1904 764 illas,

403 801 468 838 10

615 783 739 854 Qua
763 779 881 835 finit
908 776 1184 840 officium,
1224 775 1550 847 militiaeque
1576 774 1738 829 labor.

542 855 709 910 Certe
738 869 869 926 eg0,
907 868 1032 906 cum
1060 850 1292 922 primum
1321 850 1472 920 potui
1495 848 1687 902 sentire
1713 845 1846 918 quid
1881 844 2068 913 effem,

620 929 782 998 (Nam
809 925 911 979 fuit
934 923 1166 978 attonito
1191 939 1340 976 mens
1364 921 1494 975 mihi
1518 922 1658 975 nulla
1682 920 1812 988 diu)

549 1000 683 1056 Hoc
707 1014 928 1072 quoque
955 996 1224 1069 Fortunae
1250 994 1403 1058 senfi,
1442 993 1592 1067 quod
1617 994 1815 1046 amicus
1839 991 2061 1048 abess'es:

623 1073 734 1144 Qui
760 1070 890 1125 mihi
918 1068 1234 1142 praefidium
1259 1067 1461 1139 grande
1486 1065 1696 1119 futurus
1720 1081 1850 1119 eras,

408 1165 469 1215 15

546 1147 764 1203 Tecum
789 1158 918 1198 tunc
941 1142 1159 1197 aberant
1184 1158 1372 1212 aegrae
1396 1139 1575 1193 solatia
1600 1138 1822 1200 mentis,

624 1218 935 1289 Magnaque
958 1232 1075 1288 pars
1100 1214 1305 1270 animae
1328 1210 1640 1283 consiliique
1667 1210 1791 1265 mei.

318 1497 351 1527 ι.
376 1483 511 1536 Ecquid
532 1482 612 1534 ιιι]
662 1483 851 1535 Numquid
872 1492 912 1520 ut
941 1492 1035 1520 unus
1063 1477 1222 1519 Heinfii.
1249 1481 1314 1516 Ec-

264 1537 351 1590 quid
369 1536 427 1575 uhi
447 1536 598 1573 Moreti.
619 1535 704 1572 vide
723 1536 768 1573 ad
791 1534 901 1585 Epist.
922 1545 984 1572 xv.
1007 1545 1038 1571 1.

318 1600 355 1638 3.
385 1594 591 1637 Metumque
612 1585 721 1637 licen]
750 1592 892 1625 Metuas
915 1583 994 1622 licet
1012 1597 1028 1621 o
1050 1583 1216 1622 Graecine
1238 1581 1313 1619 Ms.

264 1639 450 1679 Bersman.

317 1702 355 1740 4.
383 1689 489 1737 Triste
501 1688 600 1737 fuiffe
622 1688 770 1739 liquet]
815 1690 907 1728 Duo
928 1687 1034 1733 libri,
1063 1698 1117 1724 cor
1139 1683 1206 1724 tibi
1222 1683 1316 1734 triste

258 1742 363 1790 fuit,
392 1740 581 1778 Ovidiana
602 1741 839 1788 repetitione.

323 1800 360 1838 6.
388 1805 461 1836 Nec
479 1801 597 1838 minus
615 1800 641 1837 22
653 1800 777 1848 studiis
792 1800 923 1849 diffidet
940 1801 1005 1840 'illa
1024 1799 1138 1849 tuis.]
1171 1799 1223 1839 Ita
1237 1799 1318 1851 qui-

270 1849 358 1888 dem
377 1850 522 1888 Merula
547 1863 590 1888 ac
619 1853 753 1889 caeteri
775 1852 925 1901 legunt,
952 1860 994 1889 ut
1018 1862 1230 1900 pronomen
1251 1851 1318 1898 Ista

272 1899 319 1938 ad
340 1900 521 1939 feritatem
543 1902 732 1940 referatur.
760 1902 831 1940 Sed
850 1903 940 1952 quid
962 1902 1118 1951 filegas,
1145 1907 1321 1939 Necmens

273 1950 301 1988 ιὶ
311 1951 437 1999 studiis
456 1951 588 2001 diffidet
609 1952 672 2000 ista
692 1953 790 1992 tuis?
817 1962 858 1991 ut
887 1953 930 1991 fit
949 1953 1085 1991 sensus:
1115 1953 1198 1990 Nec
1216 1965 1321 1991 mens

275 2001 339 2040 ista
356 2011 418 2040 tua
438 2003 506 2040 alia
534 2003 583 2040 est
602 2031 612 2046 ‚
650 2015 761 2053 quarn
791 2004 872 2042 sunt
898 2003 1013 2042 studia
1039 2013 1124 2049 tua,
1152 2004 1227 2041 hoc
1245 2004 1319 2048 est,

274 2053 438 2091 humana
460 2064 502 2091 ac
520 2053 684 2092 liberalis.
712 2063 752 2093 ut
776 2054 928 2104 sequens
958 2054 1136 2092 distichon
1157 2054 1198 2092 fit
1219 2055 1321 2093 velut

277 2102 487 2150 αἰτιολογία
518 2104 700 2153 quaedam
732 2104 777 2142 ad
811 2104 1098 2154 praecedentia:
1124 2104 1321 2150 videlicet,

277 2154 382 2204 quod
398 2155 531 2193 artibus
559 2156 726 2204 ingenuis
756 2156 968 2194 mollescant
996 2155 1146 2203 peetora
1169 2183 1179 2199 ‚
1207 2156 1246 2193 ὃς
1264 2156 1322 2194 fu-

279 2205 353 2254 giat
373 2205 494 2244 omnis
515 2207 680 2254 asperitas
694 2235 705 2253 ,
734 2208 807 2245 &c.
845 2206 916 2244 Sed
937 2215 1063 2244 tamen
1086 2207 1123 2244 &
1150 2206 1250 2254 prior
1269 2206 1322 2244 le-

283 2256 359 2295 <iiio
386 2256 486 2294 reae
524 2258 634 2295 habet
655 2286 665 2302 ,
701 2256 728 2296 st
757 2257 926 2296 adverbia
965 2263 1037 2294 Nec
1067 2257 1182 2294 minus
1205 2286 1215 2302 ‚
1253 2269 1321 2305 pro

283 2307 531 2346 conneaendi
553 2308 727 2357 particula
758 2308 992 2357 accipiantur.
1019 2307 1057 2345 ὅ(
1079 2320 1145 2357 pro
1169 2308 1256 2353 Ista,
1283 2309 1327 2345 il-

287 2357 341 2403 la,
352 2367 391 2396 ut
403 2359 513 2395 etiam
530 2359 665 2397 Aldina
678 2360 792 2397 editio
804 2360 927 2404 habet,
937 2359 1329 2408 reponatuercnn.

285 2415 358 2446 Nec
379 2409 497 2446 minus
516 2409 540 2446 ὰ
555 2410 681 2456 studiis
701 2409 831 2459 diffidet
853 2410 915 2457 ista
938 2410 1010 2447 tuis
1025 2409 1144 2459 scripti
1164 2410 1330 2448 constan-

285 2468 352 2499 ter.
386 2460 517 2498 censeo
537 2461 777 2499 nihilominus
795 2461 1053 2510 reponendum
1066 2487 1078 2505 ‚

340 2524 412 2555 Nec
430 2531 524 2556 mens
546 2518 571 2555 ὰ
587 2519 711 2568 studiis
732 2519 863 2570 diffidet
879 2521 943 2559 illa
961 2522 1045 2569 ficis.

287 2586 475 2635 sequentia
494 2586 715 2625 confirmant
730 2588 826 2625 hanc
847 2587 1100 2636 conjecturam
1115 2615 1127 2633 ‚
1154 2599 1264 2639 quarn
1295 2588 1334 2624 &

291 2636 412 2684 postea
432 2639 468 2675 in
491 2638 620 2676 codice
639 2639 908 2676 Twisdeniano
921 2639 1058 2687 probae
1078 2647 1190 2677 notae
1201 2650 1269 2688 pro
1282 2637 1337 2675 di-

292 2687 390 2725 versa
410 2688 569 2727 leciione
590 2690 716 2727 inveni
735 2698 914 2728 notatam.
942 2690 1090 2729 Herm.

297 2758 382 2834 HJ.
407 2750 576 2835 1ζμίωείηιιι
613 2764 696 2788 cura
724 2750 805 2802 eJL]
872 2751 978 2802 Copia
1014 2765 1143 2802 magna
1175 2751 1219 2799 est
1247 2764 1338 2796 unus

343 2809 400 2835 ein
419 2812 456 2836 ιι,

354 2859 410 2886 10.
438 2852 557 2897 §Quam
581 2851 666 2900 finit
696 2853 881 2903 officium]
937 2853 1096 2893 Fortasse
1114 2855 1339 2904 legendum.

301 2903 395 2953 Qum
407 2900 505 2947 finit.
535 2903 723 2941 NAUGER.
755 2904 794 2941 In
813 2905 886 2941 alio
908 2905 1038 2943 codice
1063 2906 1216 2953 legitur,
1246 2913 1339 2945 Cum

294 2948 404 2997 finit,
433 2962 525 2998 quae
555 2953 664 2991 leffio
693 2956 804 2991 etiam
838 2957 951 3003 magis
978 2957 1109 3003 placet.
1147 2957 1340 2996 MERULA.

303 3001 426 3047 {Quam
457 3002 567 3056 vulgo
600 3005 673 3040 fere
705 3005 846 3053 legitur.
896 3008 947 3043 At
978 3009 1077 3043 enirn
1108 3007 1252 3046 videtur
1272 3020 1338 3057 pro

304 3052 450 3097 Quam,
484 3051 710 3092 scribendum
724 3055 793 3092 else
817 3055 905 3104 Q&
929 3084 939 3099 ,
982 3066 1021 3094 ut
1043 3056 1083 3094 fit
1103 3056 1241 3096 dietum
1272 3071 1339 3106 pro

303 3109 484 3148 quatenus
506 3129 515 3145 ,
550 3101 623 3140 sive
656 3115 836 3153 quantum
859 3133 871 3150 ,
915 3106 989 3143 hoc
1026 3106 1154 3146 sensu:
1204 3110 1340 3159 Neque

304 3152 499 3200 quisquam
523 3153 677 3190 meliore
698 3155 768 3192 fide
790 3156 948 3204 sequitur
966 3157 1076 3193 studia
1099 3158 1339 3205 humaniora,

303 3211 417 3250 quam
437 3210 497 3246 tu,
525 3212 703 3249 quatenus
722 3206 758 3241 id
785 3207 936 3253 quidem
958 3217 1021 3253 per
1041 3207 1206 3246 offitium
1229 3215 1266 3247 ὃ(
1291 3212 1342 3248 la-

303 3251 409 3290 bores
440 3253 610 3290 militares
640 3254 698 3291 abs
732 3263 767 3291 te
795 3255 871 3293 fieri
900 3258 1027 3304 potest.
1082 3258 1159 3294 ixifi
1190 3262 1268 3308 quis
1300 3265 1338 3299 ὅ(

305 3303 449 3352 Qum,
478 3303 614 3343 eodem
632 3304 749 3344 modo
761 3317 827 3354 pro
846 3315 1024 3356 quantum
1039 3335 1049 3353 ,
1077 3307 1236 3357 pofitum
1259 3322 1338 3350 rna-

2334 1346 2433 1401 At.

1368 1478 1421 1517 lit.
1446 1477 1625 1516 Mrcrrr..
1670 1475 1818 1515 Merula
1849 1476 1890 1515 ὅ(
1919 1476 2125 1526 Naugerius
2144 1477 2292 1529 legunt,
2319 1487 2413 1522 Cum

1363 1528 1461 1579 finit.
1482 1529 1541 1567 sed
1561 1527 1761 1585 legendum
1783 1526 1853 1572 est,
1882 1527 2087 1578 Qafinit‚
2114 1529 2151 1568 id
2174 1532 2251 1577 est,
2276 1544 2416 1583 quous-

1369 1593 1443 1670 {ilie
1466 1588 1674 1638 permittit,
1702 1587 1884 1630 quatenus
1905 1580 2091 1620 concedit.
2153 1581 2208 1622 Ita
2234 1583 2418 1635 sequente

1417 1643 1518 1681 egra,

1421 1699 1573 1749 Qaque
1589 1710 1642 1747 ego
1660 1696 1819 1749 permisi,
1847 1712 1984 1750 quaque
2003 1699 2048 1747 est
2068 1714 2118 1737 res
2135 1702 2242 1751 paffit.

1371 1759 1538 1800 Famuc.
1565 1766 1658 1799 Cum
1669 1760 1759 1812 finit
1776 1764 1947 1813 Excerpt.
1970 1764 2088 1801 Voffii
2112 1766 2151 1804 δε
2176 1765 2308 1806 decem
2327 1767 2421 1808 libri.'

1373 1811 1508 1851 Barthii
1530 1822 1661 1850 omnes
1682 1814 1942 1859 membranae,
1969 1828 2048 1852 cum
2060 1813 2151 1864 finit
2168 1815 2279 1864 officii.

1394 1914 1400 1920 ἠ
1431 1874 1487 1901 11.
1512 1868 1603 1901 Cum
1629 1863 1824 1916 primum]
1871 1867 2148 1916 Qamprimum
2167 1871 2258 1918 Arg.
2283 1869 2324 1908 &
2343 1870 2424 1916 Vnt-f

1374 1922 1485 1953 tican.

1430 1990 1490 2029 13.
1517 1986 1620 2018 Hanc
1645 1995 1776 2032 quoque
1794 1985 1984 2029 fhrtunam
2013 1983 2141 2036 senff]
2195 1991 2268 2025 Hoc
2292 1999 2424 2040 quoque

1377 2030 1515 2068 Sarrav.
1538 2032 1693 2080 Argent.
1715 2033 1855 2071 Twisd.
1877 2035 1915 2072 ὅτ
1935 2034 2025 2072 οθεο
2043 2035 2114 2074 alii.
2141 2036 2324 2078 Barberin.
2351 2047 2425 2078 Hoc

1376 2094 1510 2132 quoque
1545 2084 1703 2128 fortuna.
1747 2087 1918 2133 proxime
1948 2097 2090 2125 verum.
2159 2087 2285 2127 Scribe
2306 2118 2317 2136 ,
2353 2097 2426 2128 Hoc

1379 2145 1512 2183 quoque
1535 2134 1705 2180 fhrtunae
1717 2133 1816 2184 sensi.
1844 2136 1958 2184 idque
1975 2138 2014 2174 in
2043 2138 2166 2184 primo
2187 2139 2362 2178 Mediceo
2380 2141 2422 2178 &

1380 2195 1458 2220 uno
1481 2183 1668 2222 Thuaneo
1696 2186 1819 2233 postea
1841 2187 1980 2224 inveni.
2016 2187 2163 2227 Hfims.
2215 2195 2288 2225 Hoc
2305 2190 2427 2239 posset

1381 2233 1541 2271 ablativo
1571 2234 1651 2272 casu
1681 2235 1786 2273 sumi.
1820 2236 1908 2273 senfi
1940 2238 2129 2275 fortunam
2159 2239 2197 2276 in
2232 2239 2307 2278 hoc
2327 2253 2426 2291 quo-

1381 2295 1454 2333 que
1468 2312 1479 2328 ‚
1505 2284 1607 2334 quod
1627 2292 1667 2322 tu
1687 2285 1833 2324 abefl‘es.
1860 2286 1933 2324 vid.
1954 2286 1997 2323 ad
2020 2300 2053 2325 11
2073 2288 2186 2329 Trist.
2202 2292 2288 2337 306.
2421 2282 2427 2287 ⁶

1436 2335 1492 2373 16.
1519 2333 1755 2386 Confiliique.]
1785 2336 2042 2386 Consiliumque
2062 2338 2138 2377 duo
2158 2339 2264 2385 libri,
2288 2341 2338 2381 ita
2361 2344 2429 2384 ali-2

1383 2386 1419 2424 bi
1442 2385 1551 2424 etiarn
1574 2386 1751 2435 loquitur.
1783 2387 1855 2425 vid.
1887 2388 1956 2435 Ep.
1978 2400 2075 2427 xv11.
2097 2389 2183 2428 268.
2202 2390 2261 2429 sed
2281 2404 2327 2432 an
2346 2406 2427 2435 non

1389 2436 1566 2486 praestat,
1593 2439 1854 2488 confugiumque
1874 2451 1977 2476 meae.

1442 2499 1497 2533 17.
1525 2493 1589 2524 Fer
1603 2497 1692 2537 opem
1701 2498 1815 2538 precor
1832 2490 1967 2528 eminus
1979 2492 2122 2543 unam]
2134 2493 2264 2531 Malim
2279 2523 2290 2539 ,
2306 2503 2433 2540 unum)

1389 2538 1492 2588 quod
1510 2550 1624 2577 unum
1646 2538 1811 2586 superest.
1845 2540 2030 2588 Superiori
2060 2544 2162 2581 versu
2184 2545 2314 2584 remus
2336 2561 2430 2589 unus

1390 2590 1611 2633 Vaticanus,
1641 2596 1841 2639 Magnaque
1858 2600 1940 2639 pars
1960 2594 2125 2638 animae,
2161 2607 2273 2645 quam
2305 2599 2435 2647 anime}

1391 2640 1495 2690 quod
1517 2640 1565 2678 est
1588 2641 1624 2677 in
1648 2641 1813 2688 vulgaris.
1839 2642 1929 2679 infra
1949 2643 2051 2693 Eleg.
2070 2657 2124 2682 xx.

1444 2701 1569 2749 Accipe
1581 2709 1662 2748 pars
1682 2700 1824 2737 animae
1850 2714 1979 2751 magna
1992 2723 2011 2749 ,-
2031 2710 2151 2743 Severe
2163 2734 2174 2751 ,
2202 2722 2309 2749 meae.

1395 2767 1503 2804 Pont.
1520 2777 1585 2802 11¹.
1616 2765 1716 2814 bleg.
1736 2778 1789 2804 xv.
1812 2774 1851 2804 ut
1872 2767 2099 2807 scribendum
2119 2771 2157 2807 δε
2177 2772 2271 2817 illic,

1447 2838 1650 2884 Magnaque
1662 2840 1745 2880 pars
1766 2831 1907 2870 animae
1925 2845 2059 2870 mecum
2081 2835 2217 2879 vixistis
2240 2838 2361 2878 amin]

1395 2885 1555 2922 Metam.
1577 2894 1654 2920 vm

1625 2932 1642 2968 ὁ
1669 2947 1722 2971 me
1741 2933 1831 2971 mihi
1855 2934 1986 2980 carior,
2013 2935 2153 2986 inquit,

1447 2992 1534 3024 Pars
1549 2984 1690 3022 animae
1715 2983 1845 3032 consiste
1863 2999 1968 3023 meae.

1394 3045 1454 3084 lib.
1475 3059 1537 3084 111.
1566 3047 1668 3096 Eleg.
1689 3061 1718 3086 r.

1447 3098 1579 3133 Ultima
1598 3108 1680 3147 pars
1697 3098 1837 3136 animae
1855 3099 1941 3137 dum
1963 3097 2053 3135 mihi
2070 3097 2171 3142 restat
2189 3101 2281 3139 ades.

1397 3148 1553 3185 Rutilius
1581 3150 1617 3185 in
1648 3150 1840 3188 Itinerario
1871 3150 1917 3187 de
1951 3149 2052 3186 Rufo
2075 3150 2248 3190 Vcnereo
2268 3154 2434 3204 quaestu-f

1396 3210 1471 3236 ram
1494 3198 1653 3245 adepto:

1501 3264 1668 3300 Provec‘la
1686 3262 1730 3306 esl
1748 3262 1890 3298 animae
1903 3265 2011 3311 portio
2030 3277 2158 3312 magna
2181 3279 2295 3304 meae:

1448 3313 1638 3351 r'ielorinus
1655 3313 1748 3350 em'm
1770 3313 1900 3361 nostrae
1912 3323 1994 3363 pars
2011 3318 2173 3354 maxima
2191 3317 2329 3356 mentis,

2360 3370 2435 3402 Ser-
