2495 3675
682 155 1322 214 TRISTIUM
1391 155 1584 214 L1BJ

1656 156 1719 212 IL‘
2136 160 2240 232 53}

372 252 593 325 Quique
621 252 704 308 alii
731 254 871 310 lusus
898 257 1114 325 (neque
1139 251 1282 306 enim
1308 268 1451 306 nunc
1476 251 1758 323 persequar
1782 253 2007 322 ornnes)

440 325 679 380 Perdere
704 345 817 381 rem
854 342 1057 387 caram,
1097 338 1340 395 tempora
1367 325 1571 387 nostra,
1608 324 1794 379 solent.

221 397 324 469 '485
365 395 514 452 Ecce
540 399 682 453 canit
707 400 902 454 formas
931 397 1058 451 alius
1079 396 1353 471 jaeiusque
1380 397 1622 468 pilarum.

437 469 552 524 Hic
577 484 745 525 artem
768 470 928 525 nandi
956 469 1211 540 praecipit
1229 514 1245 532 ,‚
1281 470 1368 524 ille
1396 469 1588 524 trochi.

202 548 221 555 κ

364 544 676 614 Compofita
703 543 777 596 est
801 542 911 596 aliis
935 541 1153 594 fucandi
1180 560 1305 596 cura
1331 543 1551 597 coloris:

435 617 548 701 Hic
573 616 739 686 epulis
765 614 908 686 leges
933 612 1271 687 hospitioque
1298 615 1467 669 dedit.

2124 732 2218 787 Al·²

71 876 224 922 manus,
250 877 311 916 vel
329 876 510 927 pyrgum}
537 885 579 916 ut
597 877 685 916 inde
702 877 876 916 infaustus
893 877 1013 926 jaecus
1030 876 1117 925 pross
1170 876 1208 915 δε
1231 876 1357 926 Satyra
1381 889 1430 915 11.

69 927 206 965 veniat.
257 928 317 966 sed
347 928 528 966 inhibeo:
567 928 723 965 vocando
750 937 827 967 erat
863 929 902 966 in
942 926 1115 966 Moreti?

69 974 201 1074 13Ἐῆὲὶ
228 1031 307 1078 93⁴0
327 1030 487 1079 deceat.]
516 1031 596 1079 Qo
612 1038 728 1079 peccat
750 1030 894 1079 Gryph.
917 1029 989 1068 Ed.

116 1089 202 1125 477.
229 1081 394 1130 Limite.]
424 1081 581 1119 Tramite
598 1081 674 1120 duo
689 1080 769 1120 libri
788 1082 828 1120 &
848 1080 1115 1120 Ms.Bersman.

65 1127 140 1174 yid.
159 1128 205 1167 ad
226 1131 310 1169 Val.
330 1131 425 1169 Flac.
445 1143 502 1170 1v.
522 1132 606 1177 614.

116 1180 203 1227 478.
230 1186 323 1219 Cum
335 1183 467 1220 medius
474 1182 608 1231 gemino
620 1182 771 1221 calculus
780 1183 867 1232 hoste
883 1183 1001 1233 perit.]
1031 1184 1109 1222 Nea

65 1241 139 1279 que
155 1231 255 1270 hunc
273 1232 399 1272 locum
420 1233 502 1272 satis
532 1234 737 1272 commode
770 1234 927 1284 explicat
949 1234 1115 1282 Merula(

63 1279 250 1320 Falluntur
268 1284 367 1322 enim
386 1285 450 1333 qui
471 1283 631 1323 eundern
649 1285 780 1323 ludum
799 1284 871 1323 effe
881 1293 1011 1334 putant
1022 1287 1110 1323 euin

63 1330 112 1369 de
131 1344 209 1381 quo
227 1334 287 1372 hic
307 1335 459 1379 dicitur,
487 1336 526 1373 δε
556 1337 620 1384 qui
648 1335 768 1373 nostra
789 1343 908 1374 aetate
926 1335 1086 1373 scachiae
1100 1363 1110 1380 ‚

63 1381 104 1420 δε
123 1391 291 1423 veterum
313 1387 546 1429 imitatione,
577 1385 857 1424 latrunculorum
877 1394 1044 1424 vocatur.
1072 1385 1110 1424 id

0 1461 1 1493 ἶ
63 1434 168 1482 quod
188 1446 233 1473 ex
254 1436 335 1484 ipsis
352 1436 468 1474 verbis
498 1439 634 1484 poe'tae
663 1437 875 1486 intelligitur
897 1465 908 1482 ,
943 1448 1029 1474 cum
1050 1437 1106 1474 in-

61 1484 167 1532 quit,
195 1490 289 1523 Cum
299 1487 432 1524 medius
443 1487 578 1535 gemino
589 1486 740 1525 calculus
750 1487 836 1534 hoste
848 1486 951 1538 perit.
977 1487 1016 1524 &
1029 1497 1106 1525 rur·

60 1534 166 1623 gumA,
195 1542 267 1574 Nec
286 1546 362 1575 tuto
372 1539 511 1588 fugiens
527 1537 751 1577 incomitatus
767 1547 836 1577 eat.
872 1537 969 1576 Item
987 1537 1050 1576 lib.
1071 1548 1105 1588 3.

89 1597 109 1623 e
166 1594 242 1624 rte:

163 1642 257 1674 Unus
277 1652 355 1676 cum
372 1639 506 1689 gemino
527 1639 678 1678 calculus
697 1639 784 1686 hoste
796 1639 900 1689 perit.

111 1687 329 1740 Bellatorque
341 1693 404 1738 suo
418 1693 558 1739 prensus
577 1705 654 1728 cum
676 1701 805 1739 corpore
825 1690 924 1728 bellet

160 1740 348 1785 AEmulus,
374 1740 546 1790 inceptum
563 1743 662 1791 saepe
679 1750 836 1779 recurrat
855 1745 947 1790 opus.

57 1802 159 1840 Nam
170 1815 292 1854 neque
311 1804 450 1843 comite
469 1816 562 1852 opus
583 1804 720 1853 ubique
737 1802 874 1841 habent
888 1804 1030 1842 nostrae
1045 1804 1106 1842 ael

57 1854 140 1892 tatis
156 1854 366 1900 latrunculi,
393 1855 467 1893 five
485 1855 639 1893 milites:
666 1865 791 1903 neque
811 1853 929 1892 statim
952 1856 1102 1904 capiun-

54 1908 115 1960 tur
128 1932 138 1947 ,
166 1905 305 1943 etiamfi
325 1907 389 1955 qui
409 1905 538 1955 finguli
559 1907 653 1944 inter
663 1905 832 1955 geminos
849 1904 1010 1944 diversae
1021 1918 1102 1955 par-

53 1960 99 1992 tis
116 1954 443 2004 deprehendantur.
495 1956 543 1995 Et
561 1955 665 2006 quod
693 1956 754 1993 hic
775 1955 821 1992 de
844 1967 930 2006 rege
951 1959 989 1995 &
1008 1957 1102 2006 regi-

52 2014 127 2050 na,
152 2007 217 2055 qui
246 2006 356 2045 nostri
382 2007 559 2055 temporis
584 2007 665 2045 sunt
687 2034 699 2050 ,
734 2006 882 2044 Merula
905 2009 1102 2053 meminit,

53 2053 102 2092 de
121 2067 168 2093 eo
186 2057 304 2096 nullus
314 2066 481 2096 veterum
493 2058 727 2095 mentionem
744 2057 843 2094 facit.
870 2059 996 2106 Quare
1008 2058 1102 2096 islu-

54 2103 145 2150 dus,
172 2106 217 2144 de
236 2110 397 2156 quohoc
415 2109 502 2146 loco
514 2107 674 2146 Ovidius
693 2107 767 2156 agit
785 2134 796 2151 ‚
823 2115 923 2146 totus
940 2109 1028 2146 alius
1049 2116 1103 2147 ate

52 2165 128 2205 que
147 2156 306 2196 diversus
333 2159 377 2196 ab
408 2170 457 2196 eo
484 2159 555 2203 est,
583 2170 696 2208 quem
724 2158 843 2196 nostra
870 2167 991 2197 aetate
1017 2165 1099 2196 Sca-

53 2204 170 2244 chiam
181 2217 318 2246 vocant
330 2234 342 2254 ,
362 2210 578 2258 Graeceque
592 2209 743 2246 πλινθίον
754 2236 765 2252 ,
793 2209 928 2248 Latine
940 2238 954 2255 ,
968 2218 1009 2248 ut
1030 2222 1097 2258 pu-

53 2257 314 2303 t0‚laterculus
335 2259 546 2309 appellatur.
557 2260 659 2308 cujus
681 2259 865 2298 rationem
885 2261 1017 2298 Pollux
1036 2261 1097 2299 lib.

53 2316 92 2354 9.
116 2308 280 2348 describit
299 2311 354 2348 his
375 2310 515 2354 verbis,
541 2312 584 2350 ‘H
608 2309 627 2362 2³
653 2308 709 2349 aa*
727 2315 851 2350 maadi
870 2310 990 2362 ψνῖφων
1018 2328 1096 2350 ποω-

54 2360 132 2412 3ὶοὶ,
161 2363 305 2404 πλινθίον
326 2368 373 2406 ἒςὶ
394 2395 405 2415 ,
436 2364 550 2416 χῶροις
577 2365 614 2405 οἷν
642 2370 829 2419 Ύζοιμμαῑς
857 2366 930 2416 ’ἔχον
957 2365 1097 2418 algena·

54 2418 164 2468 μένοις·
196 2421 255 2456 καὶ
277 2419 315 2457 τέ
341 2422 399 2469 μὲν
419 2419 568 2459 πλινθίον
587 2420 679 2461 πᾶλις
711 2421 858 2472 κωλεῗῖ),
888 2423 918 2460 ἵ
936 2422 955 2470 5
978 2420 1097 2471 ψῆφων

53 2472 158 2514 finds-n
179 2471 270 2510 κύω·
300 2475 494 2526 οἳιῃςημένων
516 2473 536 2523 5
567 2474 607 2515 εἷς
634 2472 689 2512 δύο
707 2476 738 2513 “⁵2²
755 2474 893 2524 ψήφων,
919 2475 1016 2514 κει-τοὶ
1033 2476 1094 2518 τοίς

53 2528 179 2578 χρόαις,
208 2528 225 2568 ἦ
244 2528 342 2575 τέχνη
361 2530 417 2570 τῆς
436 2526 570 2569 παιδιᾶς
589 2531 635 2567 erc
665 2526 838 2576 καθόληψις
853 2532 883 2569 “ir‘’
904 2527 956 2568 30¹0
975 2530 1093 2578 ψήφων

53 2581 220 2632 ὂμοχςᾶων
242 2581 308 2619 τίοι)
327 2583 489 2633 ἓτεροχρὲν
508 2583 652 2631 ἀναιρεῖν.
694 2583 808 2621 Vides
836 2585 932 2622 hanc
962 2585 1092 2623 descri-

38 2636 220 2689 'ptionem
241 2635 419 2681 Polluers,
448 2649 532 2674 cum
552 2636 708 2674 verfibuS
731 2637 861 2676 Ovidii
882 2650 947 2686 per
964 2641 1091 2677 omnia

51 2685 129 2723 fere
160 2688 360 2724 convenire
382 2714 393 2731 ,
430 2687 499 2724 nili
528 2687 630 2736 quod
661 2687 819 2725 Ovidius
851 2689 928 2737 ejus
947 2717 958 2734 ‚
996 2702 1091 2739 quae

53 2735 159 2778 πόλις
177 2735 329 2782 dicitur,
340 2738 573 2775 mentionem
587 2737 724 2774 nullam
746 2739 888 2778 facin&
901 2752 994 2789 quos
1002 2742 1089 2778 Pol-

50 2784 114 2825 lux
133 2797 238 2824 canes
256 2797 389 2831 vocat,
417 2788 489 2835 ipse
518 2788 675 2826 latrones
704 2799 746 2825 ac
768 2790 899 2827 milites
921 2792 1087 2840 appellat.

52 2835 226 2875 Mlcrtr..
254 2838 349 2885 Hoste
369 2838 464 2875 cadit
489 2839 634 2885 Junian.

103 2897 188 2934 479.
215 2893 259 2924 Ut
276 2901 374 2937 mage
392 2889 480 2926 velle
495 2889 623 2938 sequi]
656 2889 779 2928 Locus
792 2890 1000 2929 mendosus.
1023 2892 1088 2930 Li-

34 2957 38 2961 ·
54 2935 107 2993 bri
126 2937 293 2976 meliores
306 2968 316 2984 ‚
345 2945 388 2975 Ut
400 2953 495 2988 mage
507 2939 594 2977 velle
598 2941 741 2989 sequens
752 2968 762 2986 ‚
777 2942 836 2979 vel
855 2941 959 2981 male.
971 2943 1089 2981 Com-

55 2985 198 3032 blanus,
226 3002 338 3038 maga.
369 2990 513 3028 Hiems.

101 3037 184 3085 480.
210 3044 279 3076 Nec
296 3040 402 3089 tuto.]
435 3049 594 3086 Nerato,
611 3041 915 3091 reatusquidam.
944 3044 1089 3083 Heius.

102 3087 185 3144 481.
216 3095 334 3126 Parva
352 3091 442 3137 sedet
461 3090 605 3141 ternis.]
643 3093 706 3129 Sed
727 3094 872 3131 internis
887 3095 994 3140 prim.
1016 3096 1089 3133 Pal.

53 3136 92 3173 ὅτ
111 3148 213 3195 prun.
237 3141 405 3180 vatican.
437 3143 487 3181 nil
514 3153 629 3182 muta.
667 3143 714 3182 fic
743 3145 840 3194 apud
867 3146 1084 3193 Juvenalem

52 3184 125 3233 Sat.
145 3200 275 3238 prima:

134 3286 141 3294 η
185 3287 192 3294 ·
220 3251 363 3263 *-
382 3243 539 3291 sportula
553 3244 667 3296 prt'mtl¹

99 3291 233 3327 Ltmme
245 3298 358 3340 parva
373 3294 478 3343 sedet.

1489 940 1605 990 ingens
1626 952 1730 977 caena
1743 938 1850 987 sedet.

1168 1007 1269 1046 fic&
1289 1005 1348 1043 alii
1367 1005 1553 1053 scriptores
1575 1016 1620 1041 ex
1644 1002 1853 1041 melioribus
1871 994 2218 1047 amantioqui.N0-j

1168 1059 1237 1098 ster
1257 1057 1390 1095 Amor.
1413 1069 1440 1093 1.
1467 1056 1569 1104 Eleg.
1591 1067 1625 1103 3.

1476 1128 1535 1152 nec
1554 1115 1591 1151 in
1615 1115 1693 1151 lecto
1709 1113 1820 1163 pallia
1843 1111 1954 1160 nostra
1969 1111 2101 1160 sedent.

1165 1191 1315 1230 Hfims.
1343 1183 1387 1221 In
1404 1180 1580 1219 Editione
1602 1178 1743 1217 Heinfii
1766 1184 1890 1215 tamen
1910 1177 2061 1226 legitur;
2090 1182 2214 1212 Parva

1162 1242 1222 1291 fid
1243 1248 1288 1279 (9³
1304 1233 1435 1277 ternis,
1462 1231 1585 1270 nescio
1616 1242 1661 1268 an
1685 1240 1877 1276 operarum
1908 1228 2000 1264 vitio
2017 1254 2027 1270 ,
2050 1238 2096 1263 an
2121 1237 2216 1263 con·

1167 1292 1247 1330 filio
1267 1285 1416 1325 editoris
1437 1294 1446 1321 ε
1474 1282 1642 1330 intelligit
1665 1291 1756 1317 vero
1776 1278 1841 1315 hic
1871 1279 2061 1320 triodium,
2088 1285 2127 1314 ut
2158 1276 2218 1312 vi-

1168 1343 1287 1382 dimus
1314 1336 1360 1375 ad
1388 1335 1469 1372 Art.
1499 1345 1565 1370 111.
1595 1332 1678 1381 365.
1707 1340 1833 1376 parma
1847 1328 1941 1377 sedet
1971 1328 2084 1365 editio
2112 1326 2213 1364 Aldi.

1166 1391 1310 1432 vitiose.
1337 1396 1456 1437 parva
1485 1383 1546 1432 sed
1575 1393 1615 1419 ut
1644 1381 1750 1429 prim.
1780 1379 1847 1417 Ed.
1877 1381 1914 1417 &
1939 1389 2030 1416 unus
2050 1378 2212 1425 scriptus.

1154 1444 1216 1494 sed
1226 1438 1372 1480 interius
1390 1437 1497 1485 prim.
1509 1433 1582 1472 Pal.
1593 1432 1688 1481 sedet
1705 1431 1938 1468 teneris.alius
1953 1457 1962 1474 ,
1979 1437 2096 1478 parva
2109 1427 2205 1476 sedet

1162 1494 1264 1534 zerbis
1294 1486 1494 1527 Herculan.
1534 1483 1738 1532 continuaffe
1768 1481 1849 1518 duos
1879 1482 1990 1529 etiam
2021 1490 2112 1518 unus
2143 1489 2213 1526 c02

1161 1547 1246 1585 dex.
1267 1543 1400 1581 Eunu.

1209 1602 1295 1652 483.
1323 1600 1464 1650 Qique
1481 1597 1580 1649 alii]
1609 1597 1716 1637 Alius
1737 1598 1813 1636 Ms.
1832 1596 1966 1635 Bersm.
1988 1595 2122 1636 deinde
2127 1600 2210 1647 pro-j

1154 1654 1275 1705 sequor
1294 1652 1467 1690 Vatican.

1210 1717 1295 1764 485.
1321 1721 1485 1759 Formas,
1506 1715 1689 1764 jablusque
1706 1712 1859 1757 pilarum
1881 1708 1984 1759 eya]
2022 1709 2083 1747 De
2104 1709 2210 1757 pilis,”

1159 1766 1199 1804 &
1217 1778 1343 1805 earum
1374 1766 1476 1803 vario
1505 1764 1581 1803 lusu
1595 1791 1606 1808 ,
1633 1763 1821 1801 Pollucem
1851 1761 1936 1798 vide
1950 1787 1961 1804 ‚
1988 1771 2033 1797 ex
2051 1771 2128 1808 quo
2146 1761 2209 1796 hic

1157 1818 1305 1856 Merula
1323 1815 1505 1863 quaedam
1528 1813 1706 1862 accepisse
1727 1812 1895 1855 videtur,
1922 1809 1981 1848 sed
2001 1821 2128 1858 parum
2152 1821 2211 1847 re-

1159 1868 1217 1907 ete
1238 1866 1424 1918 digeffiffe.
1453 1867 1553 1903 Nam
1576 1877 1670 1914 quae
1686 1864 1746 1902 hic
1770 1863 1938 1912 sphaerae
1956 1887 1968 1906 ,
1995 1860 2070 1898 live
2088 1860 2207 1908 pilae,

1158 1920 1261 1968 cujus
1286 1918 1391 1957 ludus
1417 1915 1567 1964 Φαινὶδκ
1597 1917 1738 1953 Graece
1766 1914 1899 1951 dicitur
1918 1939 1929 1956 ,
1964 1910 2102 1949 ascribit
2124 1938 2134 1955 ‚
2163 1923 2208 1949 ea

1156 1970 1289 2009 Pollux
1301 1970 1335 2007 ei
1346 1969 1470 2018 generi
1483 1996 1494 2014 ,
1515 1967 1618 2015 quod
1637 1965 1825 2010 ἐπίσκυρον
1844 1965 1883 2001 &
1905 1961 2073 2008 ἐφηβικόν
2092 1973 2208 1999 voca-2

1158 2029 1266 2065 runt,
1292 2019 1487 2059 attribuere
1508 2018 1623 2066 magis
1641 2016 1796 2054 videtur.
1822 2013 1976 2052 videlib.
1989 2026 2025 2062 9.
2053 2014 2207 2051 Micrr..

1160 2072 1309 2120 Opinor
1323 2098 1333 2115 ,
1356 2069 1449 2107 canit
1469 2069 1633 2105 thermas.
1660 2068 1697 2104 in
1707 2066 1858 2104 thermis
1879 2065 1980 2102 enirn
2004 2064 2095 2102 lus10
2116 2064 2206 2111 pila-

1158 2123 1204 2160 ris
1236 2122 1363 2159 locum
1390 2119 1510 2157 habet.
1537 2117 1729 2155 videantur
1756 2127 1851 2166 quae
1873 2115 1918 2153 ad
1946 2115 2122 2152 Martialis
2153 2114 2204 2150 E-

1158 2170 1484 2222 pigr.x1.v111.lib.
1501 2181 1535 2206 x.
1555 2176 1788 2206 annotamus.
1815 2167 1959 2204 Herus.
1986 2166 2108 2203 Etcur
2120 2176 2207 2202 mu·

1152 2232 1273 2261 temus
1294 2230 1420 2261 contra
1452 2220 1601 2268 scriptos
1622 2246 1632 2264 ,
1670 2227 1750 2256 tum
1779 2219 1900 2256 variae
1920 2214 2033 2254 essent
2058 2216 2203 2253 formae

1153 2274 1305 2322 pilarum
1320 2301 1330 2318 ,
1359 2282 1444 2310 narn
1457 2270 1651 2320 Trigonales
1665 2297 1675 2313 ‚
1692 2268 1795 2306 Folles
1808 2296 1818 2312 ,
1838 2268 2031 2316 Paganicae
2042 2294 2051 2310 ,
2065 2273 2202 2314 Harpa·

1145 2324 1220 2372 stae
1241 2326 1335 2362 inter
1365 2323 1400 2361 se
1423 2323 1544 2359 forma
1564 2320 1749 2358 distabant.
1768 2319 1842 2358 vid.
1864 2320 2046 2357 Marnxv.
2062 2316 2200 2364 Ep.45.

1154 2376 1192 2413 ὅ(
1209 2375 1309 2425 seqq.
1335 2387 1403 2411 ecce
1423 2373 1516 2410 docet
1527 2373 1648 2419 forma
1667 2382 1771 2409 unus.

1209 2440 1294 2487 486.
1321 2440 1386 2477 Hic
1406 2448 1518 2475 artem
1539 2435 1689 2484 nanda]
1745 2436 1843 2474 Cum
1875 2437 1968 2473 inter
1996 2432 2200 2472 honestiffi³

1151 2502 1230 2529 mas
1256 2492 1293 2529 ὅ(
1316 2490 1512 2528 utiliffimas
1533 2498 1625 2526 artes
1648 2487 1787 2524 natatio
1804 2486 1900 2534 apud
1920 2487 2111 2522 Romanos
2131 2484 2199 2521 ha·-

1150 2541 1322 2586 bebatur,
1350 2540 1569 2588 mirarijure
1597 2539 1677 2587 quis
1702 2537 1832 2584 poffit,
1861 2547 1923 2573 cur
1954 2535 1986 2572 ei
2009 2534 2072 2573 hic·
2095 2533 2197 2572 Naso

1148 2591 1274 2630 locum
1294 2592 1376 2634 dat,
1403 2592 1496 2628 inter
1520 2597 1611 2627 artes
1634 2616 1644 2632 ,
1683 2587 1709 2625 fi
1733 2599 1808 2624 non
1847 2586 1984 2623 illicitas
2014 2588 2050 2622 ‹sc
2073 2592 2198 2633 turpes

1149 2654 1306 2687 omnes,
1329 2644 1452 2680 saltem
1481 2639 1624 2678 inutiles
1654 2638 1692 2675 ὃς
1711 2648 1838 2686 parum
1864 2637 1988 2684 dignas
2015 2637 2196 2673 Romano

1148 2694 1252 2736 vir03
1283 2705 1368 2731 cum
1391 2691 1481 2729 nihil
1506 2690 1633 2728 ludicri
1656 2697 1716 2725 aut
1737 2688 1828 2724 levis
1848 2689 1960 2724 etiam
1982 2687 2028 2724 illi
2045 2685 2136 2724 infit.
2151 2687 2192 2723 in

1148 2742 1418 2793 Hamburgensi
1439 2750 1534 2785 erat,
1549 2744 1676 2776 Artem
1696 2738 1751 2774 hic
1772 2738 1947 2780 venandi,
1961 2737 2090 2784 majori
2109 2736 2191 2783 spe·

1146 2795 1226 2837 cie.
1265 2807 1349 2832 cum
1389 2793 1496 2831 multi
1525 2791 1619 2840 apud
1650 2791 1841 2826 Romanos
1871 2795 2047 2825 venatum
2076 2787 2195 2825 credi·

1143 2844 1263 2882 derint
1282 2844 1449 2893 ingenuis
1475 2840 1685 2879 hominibus
1706 2839 1896 2887 indignum
1910 2866 1920 2883 ,
1952 2840 1989 2876 &
2008 2840 2102 2876 inter
2120 2837 2193 2875 ser-

1143 2895 1226 2932 vilia
1246 2895 1366 2931 officia
1389 2893 1588 2931 retulerint.
1609 2890 1681 2927 vid.
1705 2890 1785 2926 Sall.
1808 2889 1915 2926 Catil.
1934 2900 2010 2936 cap.
2045 2900 2099 2926 xv.
2127 2900 2194 2925 cu-

1137 2945 1197 2994 jus
1218 2945 1416 2982 sentcntiae
1437 2952 1560 2980 tamen
1586 2941 1684 2978 Naso
1714 2952 1791 2978 non
1814 2938 1916 2978 fuisse
1938 2940 2105 2984 videtur,
2124 2940 2189 2988 qui

1144 2998 1236 3034 inter
1257 2994 1518 3033 honestissimas
1529 2991 1792 3039 occupationes
1808 3019 1817 3034 ‚
1843 2991 1971 3040 quibus
1992 3002 2097 3028 amor
2109 2990 2193 3037 pos-

1145 3046 1195 3084 set
1215 3046 1314 3083 vinci
1335 3046 1372 3082 δε
1394 3043 1545 3091 expelli,
1569 3052 1744 3080 venatum
1769 3041 2032 3086 commendat,
2059 3041 2103 3078 de
2119 3041 2194 3077 Re-

1146 3096 1245 3134 med.
1268 3098 1400 3133 Amor.
1428 3107 1511 3142 199.
1539 3095 1576 3130 &
1608 3094 1785 3129 Horatius
1815 3094 1925 3130 etiam
1953 3092 2012 3128 lib.
2036 3103 2081 3129 11.
2115 3092 2192 3128 Sat.

1143 3160 1187 3184 11.
1216 3159 1253 3194 9.
1286 3146 1323 3183 8<
1345 3159 1370 3184 1.
1383 3145 1449 3194 Ep.
1465 3157 1579 3181 xviii.
1602 3144 1661 3188 48.
1688 3144 1751 3192 qui
1775 3145 1811 3180 &
1835 3143 1927 3180 inter
1946 3142 2072 3178 beatae
2092 3143 2190 3178 vitae

1143 3196 1347 3234 commoda
1369 3206 1543 3233 venatum
1569 3196 1680 3242 ponit
1703 3194 1819 3241 epod.
1845 3206 1887 3230 11.
1909 3204 1966 3241 31.
1994 3203 2103 3239 quare
2118 3191 2191 3227 Sal-

1140 3247 1233 3286 lustii
1262 3247 1371 3285 verba
1405 3257 1572 3294 caperem
1591 3273 1601 3290 ,
1629 3245 1676 3282 de
1698 3246 1738 3282 iis
1753 3272 1763 3289 ‚
1788 3245 1852 3292 qui
1873 3244 2036 3280 servilem
2056 3245 2090 3278 in
2113 3250 2195 3275 mo*-

1143 3298 1231 3337 dum
1255 3308 1409 3338 omnem
1430 3305 1590 3335 aetatem
1619 3307 1724 3346 agere
1746 3294 1864 3334 solent
1887 3292 2036 3344 venatui
2055 3288 2202 3328 intenti,

1316 3348 1413 3397 ,ΥΠ
1445 3357 1464 3395 3
2161 3338 2203 3375 ὃς
