2495 3675
240 167 344 224 080
522 212 525 216 .
736 154 1899 237 ROVID-IINASONXIS

542 255 653 330 lpse
678 255 873 328 loquor
899 272 1112 310 mecum
1134 294 1150 318 ,
1188 254 1513 322 desuetaque
1540 249 1702 304 verba
1729 253 1956 308 retracto
1975 278 1998 318 3-

619 328 691 384 Et
721 329 876 383 studii
898 342 1089 399 repeto
1114 327 1255 396 signa
1282 324 1476 378 finistra
1502 324 1624 378 mei.

406 409 471 473 65
548 402 635 458 Sic
659 403 893 458 animum
919 415 1238 470 tempusque
1266 396 1448 451 traho:
1491 413 1685 468 meque
1709 396 1816 468 ipse
1841 397 2050 452 reduco

626 477 678 529 A
702 473 1094 542 contemplatu,
1131 470 1558 542 submoveoque‚
1599 469 1736 523 mali.

555 547 892 602 Carminibus
915 559 1117 613 quaero
1142 541 1451 596 miserarum
1476 542 1668 596 oblivia
1700 561 1898 598 rerum.

633 619 873 674 Praemia
896 613 932 668 fi
958 613 1133 670 studio
1159 614 1460 687 consequor
1486 615 1606 679 ista,
1642 615 1715 670 sat
1744 615 1834 671 est.

323 767 383 803 62.
413 770 483 801 Vox
522 771 597 797 mea
634 750 800 807 muta.]·
841 749 955 789 Liber
991 749 1168 789 Vatican.
1211 749 1322 799 miffa.
1430 750 1493 789 66.
1519 755 1742 800 Semoveoque
1773 751 1900 802 mali.]
1954 752 2208 804 submoveoque
2239 756 2417 796 meliores.

272 817 443 856 Cxonu.
472 818 555 849 Mea
574 807 688 845 mixta
702 801 815 841 Servii
835 801 969 840 codex.
1378 802 1485 839 multi
1508 803 1618 840 etiam
1636 829 1647 847 ‚
1683 802 1916 853 dimoveoque.
1944 805 2091 845 Heius.
2130 812 2168 843 A
2195 807 2418 854 contemplato

326 868 388 917 64,
416 865 519 913 signa
533 854 708 910 βάψω]
731 853 863 896 Forte.
878 852 988 909 sacra
999 849 1153 902 finistra.
1173 852 1324 891 Heius.
1371 854 1641 909 summoveoque
1671 854 1745 893 Ms.
1771 854 1907 894 Bersm.
1927 868 1950 892 a
1981 857 2212 907 contemplatu
2240 857 2332 895 malo
2350 859 2421 896 Po·
2450 874 2452 877 ’

276 920 381 969 signa
401 912 558 960 ministra
578 919 663 947 tres.
689 903 798 942 verba
814 901 955 952 fimstra
975 914 1083 941 unus·
1378 903 1431 941 lit.
1452 904 1490 940 &
1511 903 1650 953 septem
1672 905 1744 944 alu.

327 971 387 1015 65,
416 971 540 1014 Meque
559 960 623 1010 ipse
642 954 803 1005 reduco.]
834 954 938 1012 Idem
960 953 1050 992 liber
1063 981 1073 998 ,
1088 966 1142 990 me
1155 951 1265 1004 sicque
1274 967 1327 991 re·
1431 954 1492 1011 687
1519 956 1554 992 si
1572 955 1794 1008 consequan]
1824 958 2016 1010 Consequor
2027 959 2134 1009 prim.
2147 959 2267 1000 Vatic.
2282 960 2319 999 &
2331 971 2423 999 unus

277 1020 374 1056 duco.
402 1017 572 1054 Ctofttu.
598 1015 804 1057 Metumque
823 1005 943 1045 multi.
970 1004 1186 1055 maestusque
1205 1004 1326 1044 reduco
1380 1005 1522 1045 Medic.
1543 1005 1690 1047 Hizms.

279 1069 416 1108 Medic.

949 1245 1503 1317 ELEGIA
1596 1248 1767 1316 V111.

575 1401 811 1539 4ὩΟΠ
838 1399 975 1454 adeo
1000 1397 1203 1461 cecidi,
1239 1400 1479 1472 quamvis
1504 1398 1764 1471 dejefius‚
1791 1413 1848 1455 ut
1875 1400 2010 1456 infra

577 1449 631 1543 L
794 1474 882 1528 Te
907 1489 1124 1545 quoque
1150 1470 1268 1525 sim:
1310 1472 1526 1527 inferius
1551 1491 1662 1544 quo
1688 1473 1813 1528 nihil
1841 1474 1943 1529 esie
1973 1473 2165 1544 potest..

578 1553 734 1625 Quae
763 1547 857 1602 tibi
884 1564 965 1600 res
992 1546 1198 1599 animos
1220 1545 1274 1598 in
1302 1563 1387 1599 me
1414 1545 1566 1609 facit,
1604 1546 1880 1617 improbe?
1922 1565 2086 1602 curve

651 1621 867 1678 Casibus
889 1618 1098 1674 insultas
1113 1657 1128 1682 ‚
1166 1635 1302 1690 quos
1325 1631 1479 1690 potes
1504 1618 1610 1690 ipse
1632 1620 1773 1690 pati?

2317 1744 2438 1801 Nec

350 1902 383 1929 ι.
410 1888 588 1940 {Quamvis
607 1885 793 1937 abjet'ius.]
823 1885 988 1924 Verbum
1003 1883 1166 1933 abjicere,
1193 1883 1278 1921 licet
1301 1883 1340 1921 ὅτ
1397 1884 1495 1929 παρὰ
1509 1883 1693 1921 Θάλασσαν
1712 1883 1821 1923 ἰοῦσιν
1834 1883 1891 1927 ε’ςι
1905 1885 2090 1929 Ὠρωπὸν,
2121 1884 2183 1921 καὶ
2194 1886 2234 1922 αἱ
2257 1887 2324 1931 μὲν
2345 1884 2441 1927 οἷκῆἑ

292 1943 405 1981 sciam
423 1943 515 1979 sumi
537 1952 602 1987 pro
616 1943 786 1983 vincere,
817 1938 854 1974 ὅ(
877 1937 1100 1985 prosternere
1117 1963 1126 1979 ‚
1153 1935 1265 1983 magis
1287 1943 1339 1971 ta·
1395 1947 1469 1978 σεις
1489 1933 1552 1970 ἐπὶ
1576 1936 1740 1980 θαλάσσῃ
1760 1938 1832 1978 τοῖς
1853 1936 2037 1980 ἀνθρώποις
2053 1934 2123 1972 εἰσί
2137 1964 2146 1980 ,
2164 1938 2280 1980 resupina
2301 1936 2340 1972 δὲ
2362 1936 2440 1973 ἀπ)

296 2005 385 2031 men
398 1992 573 2030 vilitatem
591 1992 899 2037 &contemptum
919 1987 1119 2037 quemdam
1143 1994 1270 2030 notat,
1284 1985 1338 2022 O·
1399 1987 1579 2028 Θαλάσσης
1606 1986 1675 2022 ἅνω
1696 1988 1879 2030 Νεμέσεώς
1900 1987 1977 2028 ἐςιν
1996 1986 2107 2031 ἱερὸν,
2148 1986 2166 2027 ἣ
2196 1988 2271 2024 θεῶν
2295 1989 2443 2031 uetare-a

299 2043 418 2080 vidius
434 2042 566 2080 verose
577 2052 781 2089 numquam
794 2039 913 2076 vilem*
929 2039 1033 2075 dixit.
1052 2036 1157 2074 multi
1180 2038 1342 2081 codices,
1401 2037 1582 2081 ἀνθρώποις
1611 2039 1769 2082 ὑβριςειῖς
1788 2037 1864 2081 ἐςιυ
1886 2036 2160 2083 ἀπαραίτητος,
2188 2050 2258 2078 σε.
2296 2038 2443 2076 Oceani

296 2094 484 2143 projeHus,
514 2103 589 2141 quo
614 2091 715 2139 sa'epe
735 2090 865 2128 Noster
883 2090 1018 2132 utitur,
1046 2099 1114 2136 pro
1133 2089 1169 2124 in
1192 2087 1343 2125 exilium
1400 2087 1511 2125 filiam
1536 2089 1573 2125 ὅ(
1597 2089 1728 2126 Noctis
1751 2090 1913 2133 faciunt,
1942 2090 1981 2127 δε
2001 2088 2022 2126 a
2043 2090 2270 2133 νεμεσᾶσθκι,
2298 2090 2374 2127 hoc
2394 2088 2445 2126 est

302 2143 422 2182 misso.
456 2142 527 2180 vid.
547 2141 621 2190 sup.
641 2142 743 2189 Eleg.
762 2153 789 2178 1.
818 2151 875 2188 13.
905 2140 943 2176 ὅ(
965 2139 1058 2176 alibi.
1077 2138 1135 2175 sed
1159 2139 1273 2186 magis
1292 2147 1344 2175 ta-
1401 2139 1629 2188 indignando
1651 2139 1784 2177 dietam
1810 2140 1941 2176 volunt
1962 2167 1974 2184 ‚
2009 2139 2112 2188 quod
2141 2139 2376 2177 insolentibus
2401 2139 2443 2176 &

300 2206 391 2233 men
410 2193 530 2231 adhuc
553 2192 739 2230 Leidenfis
761 2192 799 2229 ὃς
820 2190 979 2228 duorum
991 2189 1145 2226 aliorum
1166 2187 1342 2225 librorum
1401 2189 1556 2237 superbis
1574 2189 1783 2237 indignetur
1806 2217 1817 2233 ,
1855 2192 1890 2226 ὅ(
1922 2191 1999 2237 spes
2030 2190 2290 2226 immoderatas
2320 2187 2446 2236 prohi-

299 2245 414 2284 lectio
442 2244 581 2292 placet,
610 2243 779 2292 dejocus,
807 2240 908 2289 quod
931 2241 1001 2277 τοῖς
1022 2238 1138 2275 cadere
1153 2267 1162 2283 ‚
1190 2240 1228 2276 &
1250 2238 1348 2280 infra
1402 2239 1485 2276 beat
1507 2250 1549 2275 ac
1572 2248 1710 2286 puniat.
1764 2240 1874 2276 Hanc
1896 2241 2049 2276 eandem
2075 2240 2112 2276 ὅ(
2142 2238 2352 2283 Adrasteam
2376 2249 2449 2276 vo·

303 2297 360 2344 effe
392 2296 521 2332 melius
554 2294 743 2332 convenit.
779 2290 992 2339 dejiciuntur
1019 2290 1118 2326 enim
1143 2301 1237 2338 quae
1257 2289 1349 2326 stan·
1404 2298 1509 2333 cant,
1537 2288 1580 2326 ab
1602 2289 1754 2327 Adrasto
1776 2301 1885 2337 rege,
1914 2291 1977 2337 qui
2003 2291 2138 2336 primus
2157 2290 2243 2327 huic
2264 2288 2448 2337 templum

305 2348 357 2384 tia
378 2346 414 2383 vi
437 2346 473 2382 in
496 2354 628 2382 terram
651 2344 802 2387 dantur,
817 2350 856 2379 ut
876 2342 913 2378 in
931 2340 1026 2378 bello
1047 2338 1166 2377 hostes
1188 2339 1274 2377 victi
1289 2367 1298 2382 ‚
1313 2340 1350 2377 &
1407 2339 1656 2384 constituerit,
1685 2349 1722 2377 ut
1747 2342 1872 2378 Strabo
1895 2352 1938 2376 ex
1962 2341 2189 2378 Antimacho
2201 2343 2311 2388 poeta
2323 2340 2451 2385 refert.

303 2397 345 2435 in
367 2404 503 2433 venatu
522 2396 632 2432 ferae.
650 2394 725 2433 vid.
744 2393 788 2430 ad
811 2390 946 2430 Phaed.
964 2403 1010 2428 11.
1029 2403 1058 2428 1.
1093 2390 1141 2427 ita
1160 2389 1260 2438 quafi
1279 2391 1350 2427 ful·
1403 2391 1497 2429 libro
1514 2391 1787 2429 decimotertio.
1839 2389 1908 2427 Vel
1938 2391 1980 2428 ab
2001 2404 2026 2425 oe
2051 2391 2230 2439 privativa
2251 2389 2424 2438 particula
2437 2416 2450 2434 ,

309 2448 411 2485 mine
435 2446 533 2484 Naso
554 2444 716 2494 dejeetus
738 2442 941 2486 ceciderat,
956 2451 995 2478 ut
1016 2452 1106 2478 mox
1130 2440 1163 2478 se
1176 2440 1350 2487 jacentem
1405 2442 1444 2479 &
1470 2441 1626 2487 δρασμοῦ
1644 2470 1655 2486 ,
1702 2441 1804 2491 quod
1832 2442 2022 2479 neminem
2055 2451 2257 2479 nocentem
2287 2439 2451 2489 effugere

308 2506 435 2536 vocat.
473 2509 552 2534 non
586 2497 673 2533 ideo
702 2504 828 2532 tamen
855 2502 930 2530 tam
953 2492 1064 2529 vilem
1093 2491 1128 2528 se
1159 2491 1347 2536 credebat,
1405 2491 1605 2529 vindiciam
1621 2493 1796 2540 patiatur.
1822 2492 1932 2529 etiam
1954 2491 1979 2530 fi
2001 2492 2151 2541 quando
2170 2491 2276 2530 serius
2288 2491 2452 2539 aliquem

308 2557 347 2586 ut
367 2548 454 2586 huic
473 2547 506 2584 se
528 2557 742 2595 comparare
761 2544 883 2583 vellet.
909 2551 950 2581 ut
965 2550 1089 2580 autem
1112 2541 1266 2586 Noster,
1287 2555 1352 2592 quo
1407 2542 1623 2591 assequatur.
1648 2543 1746 2580 Vide
1769 2542 2008 2581 Proverbium
2034 2542 2169 2580 Erasmi
2191 2541 2451 2586 Roterodami,

310 2598 401 2635 nihil
420 2597 588 2644 inferius,
617 2598 665 2635 ita
687 2597 813 2634 Senec.
839 2605 869 2631 1.
906 2593 951 2631 de
975 2593 1159 2631 Clement.
1193 2606 1224 2640 ς.
1261 2593 1354 2630 decet
1410 2594 1581 2641 Adrastea
1605 2592 1766 2639 Nemesis.
1793 2594 1970 2631 Mrcrti.
1999 2593 2098 2630 Vide
2117 2604 2211 2643 quae
2222 2593 2296 2631 dixi
2314 2591 2374 2631 lib.
2386 2603 2451 2633 ιιι,

313 2662 441 2696 magna
464 2649 610 2686 nimitas
643 2646 827 2696 quemlibet
847 2643 1032 2684 mortalem
1054 2671 1065 2689 ,
1100 2644 1207 2681 etiam
1226 2643 1327 2680 illum
1341 2671 1352 2689 ,
1407 2645 1703 2692 Metamorphos.
1724 2644 1771 2681 Et
1792 2644 2036 2683 Claudianus:

313 2697 409 2745 infra
430 2713 527 2748 quem
551 2698 644 2737 nihil
661 2697 715 2743 est.
743 2697 899 2735 Terent.
916 2696 1012 2733 Eun.
1033 2707 1097 2733 111.
1117 2706 1154 2732 2.
1184 2700 1268 2731 Tmo
1287 2705 1327 2730 eu
1342 2722 1352 2739 ,

315 2762 416 2835 {uem
442 2764 495 2798 ego
530 2749 586 2799 effi
625 2749 723 2798 infra
750 2746 887 2796 infimos
926 2758 1040 2784 omnes
1076 2754 1157 2795 puto
1192 2745 1355 2783 homines.

349 2812 446 2836 uam.

368 2861 404 2897 3.
433 2849 566 2899 facin]
597 2852 704 2888 Dedit
724 2851 813 2890 duo.

372 2914 403 2945 ς.
436 2901 697 2951 placidumve]
765 2900 1016 2951 Placidumque
1054 2899 1203 2956 plurimi
1235 2898 1353 2947 scripti

1461 2708 1524 2744 Sed
1545 2714 1619 2745 Dea
1634 2737 1644 2754 ,
1671 2722 1758 2758 quae
1779 2709 1898 2745 nimiis
1913 2708 2017 2755 obstat
2041 2705 2256 2756 Rhamnufia
2274 2707 2394 2746 votis..

1414 2758 1583 2797 Ctorau.
1612 2768 1646 2796 A
1669 2760 1779 2807 dignis
1803 2760 1912 2808 prim.
1930 2760 2002 2797 Pal.
2022 2761 2113 2808 prim
2137 2758 2258 2796 Vatic.
2280 2758 2455 2807 opt.Me·‘

1413 2809 1482 2846 dic.
1505 2812 1638 2859 aliique
1672 2811 1868 2848 nonnulli:
1905 2810 1979 2848 duo
2004 2838 2013 2854 ,
2040 2810 2088 2845 ad
2109 2808 2243 2857 dignas.
2275 2821 2316 2845 ac
2333 2809 2458 2858 dignas

1412 2860 1592 2899 Arondel.
1613 2861 1653 2898 In
1678 2862 1862 2898 nonnuliis
1884 2861 1992 2898 etiam
2010 2888 2019 2904 ‚
2049 2860 2180 2908 Exigit.
2212 2861 2337 2908 Lege,
2366 2859 2454 2897 Exi·

374 2943 378 2947 .
427 2951 430 2955 .
456 2952 461 2956 ,
608 2953 612 2957 ,
782 2952 788 2957 ,
1058 2953 1062 2956 ,
1409 2912 1460 2959 git
1486 2913 1534 2948 ah
1556 2913 1688 2959 dignas.
1716 2912 1877 2961 sequenti
1903 2911 2006 2949 versu
2030 2923 2095 2959 pro
2117 2910 2208 2960 quod
2220 2912 2325 2958 prim.
2347 2910 2456 2948 Polit.

319 2950 357 2987 ὅ(
376 2950 485 2993 editu
515 2950 680 3007 humthm
699 2951 942 3001 plassdumque
964 2952 1090 2989 Sffi‘Vll·
1409 2962 1480 3009 qui.
1501 2963 1633 3010 reliqui
1654 2963 1784 3011 majori
1799 2974 1841 2999 ex
1864 2972 1963 3009 parte
1977 2990 1986 3006 ‚
2001 2962 2095 3011 quid.
2116 2962 2262 2998 ΗειΝς.
2291 2961 2454 2998 Monen-

370 2999 403 3040 3-
434 3002 555 3056 Nostra
581 3002 702 3050 ‘imbus
727 3003 869 3057 P⁹ff“”⁴⁴²
888 3002 910 3057 i*
962 3002 1066 3038 MflIO
1083 3029 1091 3043 ‚
1123 2999 1244 3049 P‘ffim
1266 3011 1352 3039 cum
1409 3014 1498 3049 dum
1531 3013 1760 3049 membranas
1788 3013 1922 3050 nostras
1945 3014 1982 3050 ὅ(
2014 3012 2098 3048 edit.
2128 3011 2276 3049 Vicent.
2300 3010 2454 3057 habere,

317 3050 606 3097 GOltOYPhffiUO·
633 3051 708 3088 dUO
727 3052 785 3089 ³1¹1
799 3079 809 3096 ‚
833 3053 968 3100 P0ff0m·
995 3052 1137 3090 Hffl-NS·
1410 3075 1481 3098 cur.
1509 3064 1602 3100 hanc
1625 3065 1734 3100 etiam
1752 3092 1761 3108 ,
1789 3076 1849 3101 cur
1868 3077 1943 3100 mea
1955 3063 2066 3110 faHa.
2087 3061 2175 3097 istuc
2187 3061 2234 3096 ah
2249 3089 2258 3104 ‚
2285 3061 2354 3098 hac
2373 3060 2454 3110 qui·

369 3120 404 3159 9.
435 3110 553 3156 Exiget
584 3121 621 3147 at
655 3113 776 3159 dignas
802 3112 917 3148 ultrix
945 3112 1160 3159 Rhamnusia
1185 3113 1352 3163 poenas.]
1411 3113 1547 3150 demin
1569 3126 1606 3150 re
1627 3126 1701 3151 non
1723 3115 1944 3161 satisplacet.
1972 3121 2051 3149 tuin
2077 3112 2259 3159 abruptius
2279 3111 2378 3162 sequi
2401 3111 2456 3148 vi-

316 3159 569 3207 Rhamnustam
607 3171 743 3198 vocant
782 3166 916 3209 poetae
950 3163 1124 3200 Nemesin
1147 3192 1158 3208 ‚
1207 3164 1226 3201 a
1258 3178 1354 3213 pago
1411 3163 1515 3200 detur
1535 3166 1571 3200 in
1592 3164 1757 3201 editione
1783 3163 1949 3205 Heinfii,
1977 3159 2128 3210 impofito
2154 3161 2265 3198 calcas
2284 3161 2452 3212 quidm.

316 3211 557 3248 Rhamnunte
577 3237 587 3252 ‚
623 3211 683 3248 ubi
714 3212 894 3259 templum
926 3211 1018 3249 illius
1047 3213 1129 3250 fuit.
1190 3215 1250 3251 De
1282 3218 1356 3253 hoc
1410 3214 1532 3252 nescio
1553 3226 1597 3250 an
1622 3215 1750 3251 melius
1771 3214 1816 3251 sic
1839 3215 1958 3260 legere
1984 3212 2180 3258 ponimus,

315 3260 506 3299 Pausanias
528 3261 705 3300 inAtticis
725 3262 777 3298 his
800 3263 914 3300 verbis
934 3261 1126 3307 meminit,
1153 3266 1356 3309 Μκραὸῶνος
1459 3265 1578 3313 Exigit
1597 3275 1635 3300 at
1655 3265 1775 3312 dignas
1792 3264 1902 3299 ultrtx
1926 3262 2138 3310 Rhamnusia
2153 3274 2300 3311 poenas,

308 3309 351 3349 δὲ
367 3311 509 3360 ἀπέχει
532 3310 676 3356 §ce-§iove
703 3312 846 3358 μήλιςαι
867 3311 1044 3360 ἑξήκοντοι
1070 3310 1236 3361 Ῥαμνοῦς
1248 3343 1261 3361 ,
1290 3319 1360 3359 τὴν.
1513 3313 1665 3366 lmpofito
1684 3314 1786 3353 calces
1806 3327 1867 3363 qus
1889 3326 1965 3352 mea
1977 3314 2064 3361 fata
2078 3312 2172 3364 pede.

2367 3361 2450 3400 Au·
