2495 3675
239 136 371 248 ὄπ’
743 173 806 230 P.
881 165 1297 230 oV1D11

1370 164 1901 228 NASONIS

531 275 616 334 Nil
643 289 793 333 extra
819 288 996 330 tutum
1023 272 1125 335 est,
1163 267 1397 325 tumulus
1423 265 1734 322 defenditur
1760 273 1917 340 aegrfe

607 349 902 406 Moenibus
928 345 1163 417 exiguis,
1205 341 1532 412 ingenioque
1560 340 1679 394 loci.

536 424 679 478 Cum
708 422 925 477 minime
954 417 1169 475 credas;
1211 428 1269 468 ut
1295 431 1445 477 aveS,
1485 410 1812 468 denfiffimus
1835 413 1994 469 hostis

398 505 483 552 20'

614 495 880 556 Advolat,
919 491 974 543 &
998 487 1247 561 praedam
1273 486 1364 541 vix
1387 486 1524 541 bene
1549 486 1684 541 visus
1711 490 1835 569 agit.

542 569 708 640 Saepe
733 568 866 621 intra
893 579 1076 626 muros,
1096 558 1277 615 elaufis
1303 559 1570 614 venientia
1592 573 1760 631 porus

612 643 714 696 Per
743 637 942 693 medias
966 635 1190 708 legimus
1216 633 1377 687 noxia
1401 632 1504 686 tela
1531 633 1653 687 vias,

542 713 633 770 Est
662 712 822 782 igitur
846 727 993 764 rarus
1011 754 1023 773 ,
1065 708 1157 780 qui
1182 724 1267 761 rus
1292 706 1472 761 colere
1496 705 1712 760 audeat:
1750 705 1899 779 isque

617 785 744 842 Hac
778 795 886 838 arat
917 782 1132 845 infelix,
1169 780 1266 834 hac
1293 792 1440 833 tenet
1469 796 1611 832 arma
1635 796 1810 834 manu.

401 880 464 931 25
543 858 651 914 Sub
676 858 822 929 galea
852 855 1024 929 pastor
1047 851 1239 926 junciis
1266 853 1384 924 pice
1410 864 1586 907 cantat
1614 851 1821 917 avenis;

619 932 833 1003 Proque
864 931 991 1001 lupo
1016 926 1239 999 pavidae
1265 926 1400 980 bella
1424 938 1676 980 verentur
1706 942 1854 979 oveS.

542 1003 591 1063 V
600 1004 654 1061 ix
687 1021 790 1076 ope
820 1001 1015 1057 castelli
1041 998 1413 1055 defendimur:
1454 1000 1510 1052 δε
1538 1011 1716 1052 tamen
1741 998 1882 1054 intus

617 1077 796 1133 Mixta
824 1076 949 1130 facit
975 1072 1149 1146 Grajis
1174 1072 1390 1128 barbara
1418 1070 1573 1126 turba
1599 1083 1822 1126 metum.

547 1151 766 1223 Quippe
794 1149 941 1204 simul
970 1147 1123 1202 nobis
1147 1146 1349 1201 habitat
1376 1144 1680 1199 discrimine
1705 1144 1851 1198 nullo

406 1245 470 1293 30

619 1224 906 1278 Barbarus:
950 1221 1004 1275 δε
1029 1220 1152 1275 tedii
1179 1220 1293 1292 plus
1316 1235 1537 1292 quoque
1559 1228 1710 1289 parte
1738 1228 1904 1272 tenet.

549 1298 702 1370 Quos
728 1310 785 1351 ut
811 1313 921 1351 non
947 1295 1159 1356 timeaS,
1197 1291 1356 1364 poffis
1384 1290 1550 1345 odisse
1575 1289 1814 1344 videndo

624 1370 852 1424 Pellibus
880 1370 935 1422 &
963 1368 1122 1438 longa
1149 1378 1395 1437 tempora
1425 1363 1560 1419 tedia
1588 1365 1760 1418 corna.

555 1442 680 1499 Hos
704 1459 951 1516 quoque,
991 1443 1083 1514 qui
1110 1439 1276 1510 geniti
1301 1438 1465 1510 Graja
1491 1436 1786 1492 creduntur
1813 1435 1877 1491 ab
1903 1436 2062 1503 urbe,

626 1518 734 1572 Pro
762 1516 933 1589 patrio
959 1515 1107 1570 cultu
1134 1511 1347 1568 Perfica
1375 1511 1561 1566 bracca
1588 1509 1736 1581 tegit.

2301 1633 2412 1691 Ex-

320 1795 377 1833 17.
413 1783 476 1821 Nil
496 1793 596 1821 extra
619 1790 735 1819 tutum
758 1777 822 1827 est,
851 1778 1010 1817 tumulus
1031 1775 1230 1826 defenditur
1251 1775 1315 1826 ipse
1368 1773 1472 1813 labae
1493 1772 1530 1811 in
1550 1784 1665 1811 rarus.
1685 1772 1781 1811 hanc
1802 1773 2054 1823 conjetsturarn
2079 1771 2203 1823 postea
2220 1773 2256 1811 in
2279 1772 2422 1811 Codice

268 1834 448 1875 Moenibus
469 1835 597 1884 exiguis
613 1861 622 1877 ,
648 1831 847 1881 ingenioque
865 1829 966 1880 loci]
995 1830 1100 1867 Idem
1113 1829 1174 1866 lib.
1195 1838 1316 1884 tumu-

268 1889 323 1925 lus
352 1886 548 1934 defenditur
578 1897 671 1933 aegre
691 1911 701 1928 ,
739 1883 811 1920 ὅτε.
847 1882 990 1930 optima
1017 1880 1100 1918 sane
1125 1880 1316 1936 sententia.

269 1950 356 1977 nam
386 1937 508 1986 postea
541 1936 698 1974 dicturus
730 1932 779 1971 est
805 1946 812 1970 :
849 1933 915 1970 Vix
943 1943 994 1983 ope
1016 1930 1143 1975 castelli
1163 1930 1315 1986 deseruit-

271 2003 363 2028 mur.
403 1987 547 2025 Eodem
580 1987 642 2024 illo
665 1984 782 2023 modo
809 1983 964 2031 Justinus
986 1983 1045 2021 lib.
1069 1994 1153 2020 xxx.
1182 1979 1316 2029 Philip-

266 2050 331 2090 pus
365 2048 448 2088 puer
486 2037 579 2086 regni
619 2036 780 2073 terminos
816 2034 981 2084 adversus
1014 2032 1187 2082 finitimos
1220 2043 1317 2079 aegre

272 2089 436 2136 defendit.
473 2089 641 2126 Crotum.
690 2085 899 2132 Defendimr
920 2097 1035 2132 aegre,
1065 2084 1172 2121 multi
1190 2095 1234 2120 ex
1254 2094 1318 2119 an-

272 2141 406 2189 tiquis;
437 2139 547 2177 reete.
573 2139 719 2176 Heius.
764 2136 884 2173 Turris
914 2134 1113 2182 defenditur
1144 2134 1232 2172 duo.
1260 2145 1326 2173 cu->

274 2191 391 2230 mulus
409 2202 514 2228 nnus.

330 2253 386 2290 18.
418 2251 614 2302 Ingenioque
645 2247 744 2295 locist,
811 2247 907 2284 Loci
938 2245 1045 2283 situm
1076 2258 1118 2284 ac
1152 2253 1320 2284 naturam

279 2302 469 2353 fignificat.
497 2302 545 2340 fic
563 2303 622 2340 lib.
642 2314 686 2338 11.
718 2301 777 2337 De
799 2299 921 2336 Ponto
942 2296 1043 2345 Eleg.
1066 2309 1093 2333 1.

329 2371 453 2416 Atque
473 2377 512 2402 ea
530 2374 560 2401 te
580 2373 697 2400 contra
720 2373 778 2398 nec
806 2359 900 2397 muri
924 2358 1009 2396 mole
1024 2386 1034 2403 ,
1062 2370 1121 2395 nec
1140 2359 1269 2406 armis,

384 2424 452 2454 Nec
467 2416 557 2464 satis
577 2413 712 2463 ingenio
732 2421 811 2449 tuta
826 2409 927 2460 fuiffis
947 2409 1020 2447 loci.

277 2472 324 2510 Et
339 2468 399 2507 lib.
420 2479 475 2505 xv.
495 2466 623 2515 Elegia
642 2477 713 2503 vri.

329 2538 410 2569 Non
433 2540 534 2580 negat
553 2534 736 2578 AEgyptos,
765 2538 853 2576 quae
880 2535 912 2562 te
930 2523 1095 2572 subeunte
1115 2532 1245 2573 recepta

383 2581 488 2630 Sensit
510 2584 545 2618 in
566 2580 699 2629 ingenio
723 2579 774 2615 nil
794 2576 860 2628 opis
881 2576 937 2626 effe
957 2574 1033 2612 loci.
1205 2625 1212 2631 ·
1293 2624 1299 2630 ⁸

284 2634 341 2671 Sic
363 2634 399 2670 8<
427 2635 475 2676 is,
504 2632 565 2681 qui
602 2631 775 2668 omnium
807 2626 1100 2677 prudentissimus
1123 2626 1158 2663 in
1177 2624 1324 2663 historia

285 2684 333 2720 est
348 2711 356 2726 ,
387 2684 499 2721 Corn.
526 2683 681 2720 Tacitus
697 2681 761 2719 lib.
779 2691 831 2717 vx.
862 2684 1094 2727 Locorumque
1112 2676 1245 2725 ingenio
1261 2677 1325 2724 sese

286 2744 403 2771 contra
424 2733 572 2772 imbelles
591 2733 674 2782 regis
692 2731 798 2782 copias
820 2728 1045 2767 tutabantur.
1071 2728 1244 2766 Cxofm.

342 2809 399 2844 19.
426 2803 516 2835 Cum
537 2796 683 2834 minime
712 2795 849 2839 credas,
878 2804 917 2830 ut
936 2792 1052 2842 avis.]
1105 2798 1149 2830 Ut
1169 2807 1251 2831 aves
1272 2805 1329 2831 re-

290 2847 381 2885 etins
401 2847 516 2896 scripti
537 2847 705 2885 nonnulli
721 2858 804 2883 curn
818 2843 934 2893 priscis
955 2844 1188 2881 editionibus.
1210 2844 1328 2881 Dein-

290 2899 335 2936 de
357 2898 498 2935 Richcl.
527 2904 616 2935 Cum
632 2897 710 2935 bene
728 2898 795 2933 vix
816 2895 944 2932 credas.
972 2895 1116 2933 HfflNs.
1145 2895 1251 2943 Qod
1264 2896 1332 2931 mi-

293 2948 386 2985 nime
417 2961 461 2987 cr.
485 2948 652 2985 Bernens.
673 2948 815 2997 Grypli.
837 2948 874 2984 &
896 2946 940 2984 al.
961 2957 1047 2995 qnae
1075 2957 1181 2984 unus.
1217 2957 1307 2983 mox
1322 2974 1333 2991 ,

292 2999 389 3048 visus
412 2998 512 3035 habet
532 3008 702 3047 quatuor.

345 3070 405 3097 22.
437 3058 552 3095 Noxia
573 3059 683 3106 tela]
716 3057 854 3094 Martia
882 3057 1089 3096 Voffianus.
1118 3059 1189 3095 tela
1210 3059 1336 3098 nociva

295 3111 496 3159 Gottorph.
525 3121 591 3157 pro
623 3109 759 3146 diversa
780 3109 953 3147 lectione.
1006 3108 1104 3147 Vide
1127 3110 1244 3149 Notas
1262 3111 1336 3150 Re—

295 3161 396 3200 med.
422 3162 555 3198 Amor.
576 3160 705 3207 11145.
734 3160 878 3196 Hiems.
907 3158 953 3195 Et
975 3170 1001 3195 1.
1024 3160 1102 3197 Art.
1118 3160 1201 3207 568.

347 3236 408 3274 23.
437 3224 491 3272 Est
519 3223 627 3271 igitur
661 3236 761 3261 rarus
787 3251 797 3269 ,
843 3222 904 3272 qui
935 3224 1015 3271 jam
1044 3224 1144 3262 colere
1176 3223 1336 3276 audeat]

296 3276 401 3324 Quid
422 3276 554 3313 audeat
575 3274 725 3312 colere?
756 3275 874 3311 Scribe
889 3301 898 3317 ‚
928 3287 985 3309 rus
1006 3275 1065 3323 qui
1088 3275 1188 3315 colere
1199 3277 1339 3314 audeat.

288 3339 382 3377 quae
405 3339 480 3367 vox
505 3324 690 3365 exciderat
710 3325 758 3364 ob
778 3324 1339 3378 ςοὲ,111111011ε111901161101151γῂΙ

1371 1825 1608 1863 Medoniano
1633 1823 1891 1862 confirmatam
1913 1824 2150 1874 deprehendi.
2177 1825 2213 1861 in
2234 1836 2311 1874 quo
2327 1852 2337 1868 ,
2366 1837 2425 1861 rus

1373 1877 1434 1928 qui
1460 1875 1562 1965 cglere
1582 1874 1726 1914 audeat.
1754 1875 1902 1914 Herus.
1931 1876 2007 1924 {glai
2020 1877 2100 1926 jam
2119 1874 2221 1913 colere
2241 1888 2338 1925 agros
2359 1887 2424 1912 au·

1372 1928 1452 1966 deat
1503 1928 1605 1965 ervii.

1423 1989 1483 2027 26.
1512 1987 1607 2026 Bella
1638 1989 1845 2038 verentur.]
1885 1987 1978 2026 iTela
2004 1989 2162 2027 malebat
2185 1989 2275 2028 olim
2303 1987 2426 2026 Hein-

1373 2038 1453 2078 fius.
1474 2048 1601 2089 proque
1620 2039 1692 2090 lupi
1717 2040 1871 2089 pavidae
1895 2039 2027 2087 fraude
2049 2039 2221 2078 Leidens.

1428 2106 1488 2145 28.
1515 2106 1674 2144 Barbara
1708 2107 1855 2157 turba.]
1893 2105 2051 2144 Barbara
2072 2106 2191 2155 lingua
2217 2105 2293 2144 duo
2324 2104 2428 2145 codi-

1378 2170 1449 2198 ces.
1475 2157 1551 2196 vid.
1571 2157 1672 2206 supra
1692 2159 1766 2196 hoc
1786 2158 1881 2197 libro
1901 2158 2004 2206 Eleg.
2019 2169 2076 2195 11.
2096 2160 2154 2203 67.

1430 2233 1490 2269 29.
1518 2222 1630 2258 Simul
1649 2222 1782 2271 nobis]
1810 2223 1997 2261 Nobiscum
2025 2224 2131 2261 multi
2150 2223 2268 2271 scripti
2286 2223 2427 2262 &olim

1380 2270 1470 2310 editi
1491 2272 1656 2320 quidam.
1685 2273 1793 2310 male.
1816 2274 1866 2310 ita
1886 2274 1986 2311 enim
2009 2273 2141 2312 millies
2164 2283 2305 2311 veteres
2324 2273 2430 2312 locu-

1285 2349 1296 2357 .
1378 2323 1407 2360 ti
1433 2321 1526 2361 sunt.
1559 2322 1633 2362 vid.
1661 2322 1706 2361 ad
1736 2334 1764 2361 1.
1794 2323 1884 2362 Fast.
1907 2325 1991 2373 567.
2028 2335 2119 2362 mox
2142 2352 2153 2370 ‚
2185 2333 2284 2374 parte
2311 2324 2427 2375 capit,

1380 2380 1464 2412 tres-

1435 2447 1494 2486 31.
1524 2437 1619 2485 Quos
1638 2439 1768 2476 ut‘non
1788 2437 1951 2487 timeas.]
1981 2438 2144 2487 Qorum
2167 2447 2208 2476 ut
2228 2439 2336 2488 prim.
2355 2440 2429 2480 Pal.

1384 2487 1490 2535 prim.
1508 2488 1631 2527 Vatic.
1649 2489 1872 2539 &quinque
1895 2489 1966 2526 alii.
1993 2498 2033 2527 ut
2052 2488 2138 2527 esset
2157 2489 2297 2529 dietum
2314 2518 2324 2535 ‚
2338 2503 2433 2541 quo-

1380 2538 1498 2576 modo
1513 2565 1524 2583 ,
1547 2538 1711 2585 abstineto
1730 2541 1890 2583 irarum,
1918 2538 2027 2589 define
2048 2540 2267 2588 querelarum
2280 2542 2323 2580 ab
2347 2544 2433 2581 Ho-

1380 2590 1496 2634 ratio,
1526 2591 1563 2628 &
1582 2589 1712 2628 fimilia
1731 2590 1855 2639 paffim
1880 2590 2004 2630 obvia.
2033 2593 2177 2630 Herus.

1432 2660 1491 2698 32.
1519 2650 1669 2688 Pellibus
1686 2662 1729 2690 ω’
1749 2651 1851 2700 longa
1878 2660 2013 2701 corpora
2024 2653 2113 2689 tedia
2135 2650 2270 2702 temti]
2298 2651 2357 2691 Sic
2367 2664 2432 2692 ve·
2465 2695 2471 2705 l

1380 2711 1418 2738 re
1435 2701 1566 2748 legitur
1586 2702 1623 2739 in
1645 2702 1769 2741 Vatic.
1798 2704 1972 2741 Croeim.
2002 2704 2142 2740 pectora
2163 2702 2314 2753 quidam
2330 2712 2434 2743 vete-

1381 2761 1450 2789 res.
1481 2760 1517 2788 at
1542 2763 1634 2790 unus
1666 2752 1911 2792 Bononiensis
1931 2766 2016 2792 curn
2046 2754 2164 2802 priscis
2198 2753 2436 2801 editionibus,

1384 2810 1547 2850 tempora.
1578 2803 1681 2852 quod
1719 2813 1861 2844 temere
1898 2804 2077 2843 Ciofanus
2110 2805 2310 2842 damnarat.
2348 2818 2436 2846 nam

1386 2862 1534 2889 comatos
1556 2853 1680 2902 paffim
1706 2855 1817 2894 Getas
1838 2855 2027 2899 describit,
2056 2857 2094 2893 &
2114 2856 2268 2904 pellibus
2291 2858 2439 2903 operire
2472 2884 2486 2891 ἢ

1391 2904 1505 2952 capita
1520 2906 1725 2944 etiamnum
1747 2906 1862 2945 solent
1880 2918 1942 2956 per
1963 2906 2265 2956 septentrionem.
2295 2906 2436 2947 Hiems.

1443 2977 1502 3017 33.
1530 2968 1734 3007 Credantur
1752 2968 1798 3007 ab
1818 2968 1938 3020 urbe.]
1971 2972 2186 3009 panduntur
2204 2971 2302 3010 Petri
2323 2972 2439 3014 Servii

1393 3018 1525 3057 codex.
1553 3020 1672 3066 forte,
1697 3021 1908 3070 produntur.

1448 3092 1508 3133 34.
1537 3083 1709 3136 Persica]
1736 3084 1898 3123 Barbara
1918 3084 1979 3123 sex
1997 3085 2159 3124 codices.

1449 3159 1507 3205 35.
1535 3149 1688 3200 sociam]
1751 3149 1894 3188 Patriae
1928 3155 2012 3187 tres.
2048 3148 2225 3198 Scythicae
2258 3159 2441 3201 quatuor,

1396 3204 1532 3237 Geticae
1559 3214 1665 3240 unus.

1448 3264 1507 3313 36.
1535 3262 1809 3314 significandas]
1857 3262 2082 3311 Testificanda
2100 3264 2252 3304 Putean.

1452 3339 1512 3379 37.
1543 3327 1718 3367 Barbarus
1736 3326 1794 3366 hic
1815 3327 1912 3378 ega]
1940 3329 2054 3368 Hunc
2068 3329 2198 3369 Ovidii
2219 3329 2343 3369 locum
2357 3327 2442 3366 imi-

2322 3387 2439 3419 tatum
