2495 3675
500 179 546 236 F
618 178 674 233 A
745 175 782 232 s
855 173 916 230 T
986 135 1041 227 o
1116 165 1175 224 R
1243 163 1440 221 u·n1

1551 130 1890 230 L1a.1L

2151 187 2242 234 123

394 294 514 351 Nec
538 307 715 349 tamen
739 292 874 347 haee
899 288 1063 347 ultra,
1098 297 1260 354 quam
1285 292 1369 335 tot
1397 279 1467 334 de
1491 280 1668 335 mense
1697 282 1951 354 supersint

469 366 739 428 Luciferi,
775 374 908 433 quot
934 356 1132 412 habent
1157 354 1390 408 carmina
1417 352 1593 407 nostra
1620 353 1801 424 pedes,

255 491 362 587 sm

399 440 593 505 Hanc,
630 439 753 511 quia
778 431 907 505 justa
932 429 1139 508 ferunt,
1178 426 1362 507 dixere
1389 425 1590 481 Feralia
1615 427 1812 482 lucem.

472 512 669 567 Ultima
695 503 963 579 placandis
992 500 1233 555 manibus
1259 500 1343 552 illa
1368 499 1496 553 dies.

402 585 547 641 Ecce
570 598 695 636 anus
719 579 774 631 in
800 575 988 630 mediis
1013 572 1244 627 residens
1270 571 1464 625 annosa
1487 573 1673 642 puellis
1690 611 1706 636 ,

474 656 627 709 Sacra
649 651 776 707 facit
804 649 1058 702 Tacitae:
1096 645 1186 698 vix
1213 657 1391 698 tamen
1414 644 1519 715 ipsa
1545 658 1705 699 tacet.

402 728 475 784 Et
499 725 681 798 digitis
711 723 810 778 tria
837 735 955 775 tura
982 719 1147 773 tribus
1183 717 1274 771 sub
1301 717 1484 771 limine
1511 718 1693 787 ponit,

466 800 590 870 Qua
615 799 784 852 brevis
810 794 1082 848 occultum
1108 808 1225 844 mus
1256 789 1346 843 fibi
1371 788 1499 843 fecit
1525 790 1642 844 iter.

261 894 358 946 575
397 872 546 928 Tum
574 883 782 925 cantata
805 867 930 938 ligat
957 882 1080 919 cum
1106 864 1254 917 fusco
1284 863 1402 916 licia
1426 861 1687 925 rhombo;

475 944 546 1000 Et
573 944 775 1017 septem
800 942 973 1012 nigras
1000 938 1167 992 versat
1194 938 1249 990 in
1279 952 1373 990 ore
1397 934 1554 989 fabas.

169 1161 252 1211 567.
279 1161 404 1210 ςξζιιψτηι
426 1167 507 1210 quot
525 1155 565 1194 de
584 1154 695 1203 mense
715 1150 933 1204 supersunt.]
980 1150 1136 1189 Veteres
1151 1178 1160 1194 ,

117 1227 226 1262 quam
247 1225 344 1250 cum:
375 1211 435 1249 alii
461 1238 471 1255 ,
505 1209 670 1257 optimae
692 1207 803 1244 etiam
834 1213 973 1250 notae,
1001 1215 1078 1240 cum
1098 1213 1160 1240 tot.

121 1266 298 1302 Nesimi.

173 1315 254 1364 568.
281 1316 377 1362 §Quot
404 1311 531 1349 habent
549 1309 708 1347 carmina
728 1307 838 1354 nostra
854 1304 981 1355 pedes.]
1012 1303 1045 1341 Si
1066 1303 1163 1340 reste

120 1367 227 1404 verba
252 1367 355 1412 capio
371 1392 381 1409 ,
410 1362 565 1400 ostendit
586 1373 658 1397 xri.
687 1359 868 1395 Kalendas
895 1356 1101 1393 Februarias
1122 1354 1161 1391 fi-

121 1419 197 1455 nita
220 1415 374 1453 Feralia:
403 1415 448 1452 sic
477 1419 669 1450 remanent
688 1408 708 1446 ὲ
728 1407 851 1446 mense
869 1407 943 1444 dies
964 1405 1136 1443 undecim
1153 1433 1164 1448 ,

122 1468 161 1506 δε
181 1466 233 1504 his
254 1465 403 1503 includo
427 1465 525 1502 diem
546 1462 660 1510 ipsum
685 1459 872 1500 Feralem;
901 1458 938 1494 in
959 1468 1036 1505 quo
1049 1455 1162 1492 Vates

123 1518 262 1556 aberrat
296 1515 316 1553 a
353 1514 532 1553 veteribus
565 1510 786 1549 Kalendariis
804 1536 815 1552 ‚
863 1507 995 1556 quibus
1026 1506 1162 1543 Feralia

122 1568 205 1606 sunt
226 1568 283 1604 die
304 1579 380 1604 xxi.
399 1564 589 1602 Februarii.
625 1560 742 1610 Quod
771 1571 861 1596 vero
881 1558 1034 1596 scribant
1055 1558 1166 1594 inter-

125 1627 244 1667 pretes
259 1644 269 1659 ,
295 1617 348 1654 his
370 1616 430 1654 fibi
452 1615 544 1652 velle
565 1613 752 1650 Nasonem
777 1608 798 1647 a
818 1622 933 1647 xv11i.
956 1621 1019 1657 per
1031 1607 1166 1646 aliosx.

127 1668 204 1705 dies
234 1667 365 1704 Feralia
394 1665 599 1703 continuari
629 1659 728 1711 poffe
751 1689 761 1705 ,
787 1661 888 1698 lente
912 1659 1049 1708 probo:
1078 1670 1163 1697 nain

127 1718 204 1756 dies
226 1717 426 1766 postremus
456 1714 639 1765 placandis
659 1712 825 1751 manibus
845 1711 1000 1761 ipsemet
1026 1710 1166 1749 Feralis.

127 1769 242 1818 liquet
265 1780 309 1805 ex
330 1768 451 1805 hisce:

180 1825 281 1857 Hanc
298 1819 380 1866 quia
390 1816 482 1864 justa
492 1818 618 1863 ferunt
633 1843 642 1860 ‚
670 1814 786 1851 dixere
809 1812 945 1850 Feralia
964 1811 1073 1850 lucem
1085 1828 1098 1850 .-

234 1869 365 1906 Ultima
381 1868 560 1918 placandis
581 1865 742 1904 manibus
761 1865 825 1902 illa
847 1864 929 1902 dies.

133 1935 262 1975 Sensus
280 1936 396 1984 aptior
422 1934 532 1980 effer,
557 1947 671 1986 quem
705 1937 886 1972 veriorem
906 1932 1085 1981 suspicor,
1114 1934 1171 1971 in-

132 1986 265 2036 cepisse
294 1987 428 2025 Feralia
450 1986 470 2024 a
501 1999 555 2024 vi.
583 1987 691 2030 Idus,
718 1986 986 2034 terminataque
1007 1996 1080 2021 xii.
1097 1984 1171 2022 Ka-

133 2036 278 2076 lendas:
306 2037 396 2075 haec
416 2039 557 2086 inquit,
584 2050 662 2075 non
689 2036 803 2080 ultra,
829 2048 908 2072 cum
931 2046 982 2071 tot
1001 2035 1042 2071 de
1062 2035 1174 2083 mense

127 2090 318 2137 supersunt.
336 2089 383 2125 Et
402 2087 426 2126 fi
442 2100 615 2136 germana
637 2088 686 2125 est
707 2087 820 2125 editio
836 2086 949 2130 hace,
976 2085 1079 2134 quod
1098 2097 1175 2123 cre-

135 2137 278 2182 dimus,
305 2151 381 2176 non
401 2140 540 2177 elicitur
562 2151 606 2177 ex
627 2139 702 2182 his,
731 2150 794 2186 per
814 2136 986 2175 undecim
999 2136 1075 2173 dies
1086 2148 1177 2174 con·
1214 2172 1218 2176 .

133 2190 274 2227 tinuata
295 2189 455 2232 Feralia;
487 2202 548 2238 per
569 2190 708 2239 aliquot
727 2187 830 2226 fuisse
857 2199 990 2236 negare
1011 2199 1088 2236 non
1113 2199 1177 2225 au-

139 2238 288 2277 demus:
317 2252 402 2278 narn
421 2240 522 2289 supra
543 2241 655 2284 dixit,
681 2240 752 2277 dies
770 2239 972 2288 parentales.
1003 2239 1040 2275 ὃς
1059 2239 1177 2275 Athe·

138 2301 249 2328 naeus
277 2291 336 2328 lib.
359 2303 418 2327 iii.
454 2291 499 2328 de
527 2291 710 2329 Februarii
744 2299 905 2338 etymo:
942 2292 1001 2329 Τὲν
1030 2290 1049 2339 5
1078 2287 1178 2338 μὰὗω

141 2349 238 2384 *fia-ov
258 2345 433 2389 κληθῦἰοιί
449 2353 541 2395 φησιν
562 2349 576 2385 ὅ
603 2346 811 2395 Mavpzici&
831 2344 957 2396 Ἰόςκς,
983 2342 1046 2384 xm*
1067 2345 1097 2384 ἵ
1115 2362 1181 2383 κοι-

148 2399 284 2439 *aheim
304 2401 407 2451 φόῖων
425 2403 506 2440 κατ’
521 2402 674 2453 ἐναίρεο-ιν
693 2403 723 2441 ἦ
741 2401 915 2451 δειμάτων.
945 2400 980 2437 N
987 2411 1123 2436 ΕΑΡΟΙ..

200 2455 281 2500 ς69.
311 2463 407 2491 Hanc
432 2455 515 2505 quia
536 2457 629 2502 justa
654 2458 796 2499 serunt,
823 2456 940 2491 dixere
972 2456 1108 2492 Feralia
1129 2456 1179 2491 lu-

149 2503 256 2551 cem.]
295 2505 429 2540 Dicunt
459 2504 593 2540 Feralia
615 2505 803 2551 castigabat
824 2505 879 2541 vir
899 2505 1183 2551 imcomparabi-

146 2551 190 2589 lis
210 2551 383 2601 Josephus
404 2553 570 2600 Scaliger.
599 2553 658 2590 sed
679 2553 802 2590 frustra
816 2581 825 2594 ,
851 2553 918 2590 alia
944 2554 1099 2598 Feralia,
1123 2556 1182 2591 alii

142 2603 270 2648 ferales
289 2603 376 2641 dies.
405 2602 539 2640 Feralia
557 2602 578 2640 a
592 2603 693 2653 justis
715 2603 870 2641 ferendis
891 2615 975 2640 cum
996 2603 1184 2648 sintdicta,

151 2660 192 2688 ut
210 2664 256 2690 ex
271 2654 344 2690 hoc
361 2654 448 2690 loco
474 2664 642 2701 apparet,
670 2654 822 2700 primam
843 2653 1011 2701 syllabam
1034 2655 1123 2703 quid
1146 2656 1185 2692 ni

149 2701 372 2750 corripiam?
400 2704 609 2741 Macrobius
641 2704 881 2742 Saturnalium
908 2702 1029 2752 priino
1053 2717 1129 2752 cap.
1150 2718 1185 2750 4.

151 2753 216 2809 Sed
236 2765 278 2793 ω·
308 2753 378 2803 ipsa
389 2753 554 2800 festorum
585 2755 726 2792 nomina
746 2754 936 2802 secundum
957 2755 1108 2803 regulam
1130 2755 1187 2792 de-

154 2801 286 2859 «tl-mata
297 2805 387 2852 apud
405 2814 534 2841 veteres
554 2806 686 2852 reperio.
710 2805 881 2854 Siquidem
896 2811 1000 2842 Varro
1013 2806 1186 2842 Feralium

155 2853 244 2890 diem
257 2855 306 2891 ait
317 2854 498 2902 aserendis
514 2856 552 2892 in
572 2857 719 2904 sepulcra
737 2855 838 2900 epulis
848 2856 928 2893 dici.
946 2871 1013 2893 non
1023 2858 1114 2893 dixit
1130 2864 1185 2893 Fe-

152 2903 332 2960 raliorum.
358 2917 543 2954 perperam
578 2907 762 2943 Ferialium
783 2907 821 2944 δε
850 2908 1072 2944 Ferialiorum
1093 2920 1190 2945 nunc

152 2954 202 2992 lbi
224 2955 485 2995 circumfertur.
515 2957 662 2995 Heius.
682 2958 766 2995 Vid.
783 2959 978 3007 Cujac.lib.
997 2971 1028 2998 1.
1043 2959 1189 3007 Quaest.

153 3004 279 3055 Papiri.
300 3007 476 3045 adL.ult.
497 3007 541 3044 de
562 3010 626 3046 l-lis
648 3010 711 3058 qui
734 3019 811 3045 not.
830 3010 991 3047 infamia.

187 3106 192 3112 .
211 3067 295 3104 570.
323 3057 452 3095 Ultima
468 3059 690 3109 placandis.]
721 3059 862 3107 Optima
883 3060 1033 3099 Tinian.
1056 3060 1193 3098 Hamb.

158 3106 231 3144 vid.
252 3107 296 3145 ad
320 3121 390 3145 vix.
412 3110 504 3147 Met.
523 3111 604 3147 662.

211 3167 293 3204 571.
321 3163 402 3197 Ecce
419 3174 506 3197 anus
526 3161 563 3198 in
587 3160 747 3210 mediis.]
783 3161 961 3200 Recenset
989 3173 1087 3200 nunc
1109 3160 1197 3208 quid

161 3204 284 3244 atstum
311 3210 436 3247 ultima
468 3211 647 3249 Feralium
679 3211 772 3248 luce.
825 3213 877 3249 Ut
907 3214 1028 3256 vides.
1058 3212 1198 3249 aiii-cula

166 3264 251 3293 cum
271 3259 432 3304 puellulis
454 3262 654 3310 Nymphae
682 3263 811 3300 Mutae
831 3263 954 3301 nescio
975 3263 1063 3312 quid
1085 3264 1200 3310 magi-

168 3314 252 3352 cum
275 3317 410 3356 parant.
440 3312 606 3352 Praeerat
625 3313 716 3353 haec
738 3313 819 3354 Dea
841 3313 1115 3365 compescendis
1138 3313 1202 3353 de·

2067 1010 2261 1084 Quod-

1215 1148 1440 1188 trahentibus
1458 1146 1601 1196 linguis.
1632 1145 1754 1184 Debet
1775 1147 1870 1195 Regi
1892 1146 2043 1185 Numae
2064 1146 2166 1184 suum
2189 1147 2265 1187 cul-

1216 1210 1310 1239 tum.
1338 1200 1570 1238 Plutarchus:
1602 1201 1670 1237 Kal
1689 1200 1769 1248 μιόιν
1790 1203 1915 1239 Maio-xv
1933 1195 2018 1239 illae
2037 1203 2068 1250 ’a‘
2090 1197 2266 1250 Qcpepo'v-

1220 1274 1281 1297 τως
1299 1254 1420 1300 ἒὸίὸοιξε
1441 1251 1558 1303 σέςεοῖζ
1578 1251 1636 1295 τὲς
1653 1256 1834 1304 ‘Pap-exige,
1867 1254 2017 1292 Τακίτκν
2035 1254 2265 1303 ωερε-αγορεόα

1218 1329 1306 1359 σοις,
1335 1311 1392 1349 οἷον
1411 1307 1583 1350 σιωπηλίοό
1613 1303 1630 1348 i}
1657 1310 1736 1346 νέειν·
1762 1308 1838 1361 iia-eg
1856 1306 1931 1347 eiius
1955 1308 2039 1346 ἔοιεῖ
2056 1306 2122 1344 vlo)
2144 1312 2268 1346 nuffar-

1218 1368 1335 1415 yipeeov
1376 1360 1700 1413 zbrvpernpeovrzjou‘t&
1746 1364 1933 1415 ἒχεμνθὶοιν
1981 1365 2040 1401 καὶ
2077 1366 2269 1412 τιμῶντΘι,

1218 1421 1332 1457 Nunc
1352 1420 1513 1465 ambigas
1543 1418 1631 1465 quid
1659 1418 1773 1455 velint
1804 1423 1876 1456 hoc
1905 1417 2076 1455 sacrificio
2101 1425 2268 1462 veteres,

1219 1472 1256 1507 ὅ(
1275 1482 1338 1508 cur
1369 1469 1597 1517 potissimum
1629 1468 1872 1507 Parentalibus
1903 1469 2161 1517 adjunxerint:
2192 1468 2271 1505 for-

1218 1520 1302 1565 san,
1332 1529 1371 1558 ut
1398 1532 1465 1557 nos
1497 1520 1697 1557 edocerent
1720 1547 1730 1564 ,
1769 1529 1895 1557 manes
1927 1520 2095 1556 convitio
2119 1530 2196 1555 non
2217 1519 2270 1556 la-

1221 1571 1429 1614 cessendos;
1460 1582 1505 1608 an
1537 1570 1658 1613 aliud,
1687 1580 1726 1607 tu
1749 1573 1894 1620 cogita,
1921 1570 1947 1607 si
1966 1569 2076 1612 illud;
2105 1569 2267 1607 laudabi-

1219 1623 1254 1660 le
1276 1623 1360 1660 sane
1386 1621 1602 1660 institutum.
1632 1621 1757 1659 Nem.

1275 1686 1358 1721 572.
1399 1679 1468 1710 Nec
1496 1682 1615 1708 tamen
1642 1672 1714 1719 ipsa
1754 1670 1884 1720 taren]
1961 1670 2026 1707 Vix
2065 1679 2184 1706 tamen
2222 1681 2270 1707 ex

1223 1724 1435 1763 melioribus
1454 1722 1634 1761 nonnulli.
1662 1734 1728 1769 pro
1750 1736 1839 1759 anas
1859 1723 1990 1768 annosa
2001 1720 2270 1768 superioriver-

1222 1776 1260 1814 su
1273 1804 1283 1821 ,
1309 1775 1412 1825 quod
1429 1773 1539 1822 paulo
1560 1773 1680 1810 durius
1703 1773 1846 1811 videtur
1860 1800 1870 1816 ‚
1901 1772 2020 1820 vinosa
2039 1771 2178 1808 malim.
2197 1771 2270 1807 hoc

1223 1829 1323 1865 enim
1346 1825 1371 1863 fi
1394 1824 1565 1867 volebat,
1594 1833 1758 1872 poterat,
1787 1823 1956 1872 longaeva
1985 1830 2047 1860 aut
2065 1821 2273 1870 grandaeva

1224 1875 1361 1916 dixisse.
1384 1885 1481 1913 certe
1511 1875 1600 1912 liber
1622 1875 1822 1923 Gottorph.
1848 1873 2013 1922 animosa.
2034 1884 2126 1910 mox
2152 1872 2274 1915 dicet,

1222 1928 1385 1978 ebriaque
1400 1927 1472 1964 exit
1492 1939 1593 1962 anus.
1620 1926 1725 1962 Anus
1756 1927 1847 1963 vino
1878 1924 2015 1962 deditas
2045 1921 2116 1961 esse
2139 1931 2271 1960 notum

1226 1980 1287 2018 est.
1315 1978 1430 2029 qualis
1459 1977 1517 2015 illa
1548 1976 1644 2025 apud
1674 1976 1844 2013 Plautum
1873 1974 2073 2012 merobiba.
2109 1975 2147 2011 δε
2179 1972 2276 2021 apud

1229 2031 1393 2068 Graecos
1412 2028 1579 2066 comicos
1601 2027 1739 2076 paffim.
1758 2026 1816 2065 lib.
1830 2040 1865 2064 v.
1887 2026 1971 2072 765.
1996 2025 2086 2062 Fast.
2107 2024 2152 2063 de
2173 2024 2278 2061 sacris

1229 2081 1388 2119 Bacchi:

1282 2137 1356 2169 Cur
1374 2141 1463 2167 anus
1481 2126 1542 2165 hoc
1554 2128 1671 2175 faciat
1690 2128 1852 2177 quaeris?
1879 2125 2028 2172 vinosior
2042 2135 2141 2163 aetas

1336 2190 1429 2219 Haec
1447 2190 1523 2216 erat
1536 2207 1546 2223 ‚
1564 2191 1608 2219 ω’
1621 2179 1793 2228 gravidae
1814 2191 1960 2215 munera
1981 2177 2069 2214 vitis
2088 2186 2204 2213 amat.

1233 2233 1282 2272 sic
1300 2233 1440 2281 vinosus
1450 2232 1557 2279 senex
1576 2232 1774 2268 Anacreon
1788 2229 1992 2267 Nostrolib.
2007 2241 2071 2265 111.
2099 2228 2179 2264 Art.
2196 2237 2280 2275 330.

1233 2284 1349 2322 distus
1364 2312 1372 2326 ‚
1401 2284 1440 2321 ὅ(
1462 2283 1650 2319 Homerus
1666 2282 1825 2318 Horatio
1851 2294 1865 2318 1
1881 2281 1947 2329 Ep.
1967 2291 2046 2317 xix.
2068 2280 2103 2316 6.
2131 2278 2283 2326 vinosus.

1234 2335 1441 2384 Propertius
1460 2332 1585 2371 lib.iv.
1596 2332 1699 2381 Eleg.
1709 2344 1744 2369 v.

1293 2401 1399 2432 Terra
1419 2405 1520 2430 tuum
1538 2394 1645 2441 spinis
1664 2393 1810 2429 obducat
1823 2420 1831 2434 .
1862 2392 1940 2429 lena
1953 2419 1962 2435 ‚
1984 2389 2229 2439 sepulchrum,

1344 2450 1390 2481 Et
1413 2444 1536 2480 vetula
1554 2443 1710 2487 invilam
1726 2444 1859 2490 sentiat
1880 2442 2005 2478 umbra
2018 2439 2130 2488 fitim.

1237 2507 1286 2542 ita
1304 2507 1431 2543 locum
1460 2504 1680 2542 mendosum
1713 2503 1782 2541 esse
1810 2503 2035 2540 scribendum
2064 2503 2210 2550 opinor.
2236 2500 2283 2538 de

1241 2567 1318 2602 quo
1339 2554 1498 2603 pluribus
1519 2554 1564 2591 ad
1583 2554 1698 2602 ipsum
1712 2555 1953 2601 Propertium.
1983 2553 2145 2590 Fortassis
2159 2560 2287 2589 tamen

1241 2605 1414 2652 scripserit
1426 2604 1525 2642 Naso
1538 2605 1598 2641 hic
1612 2605 1683 2641 loci
1700 2631 1710 2647 ,
1729 2618 1816 2640 anus
1829 2609 1982 2652 pannqsa
1994 2632 2003 2647 ,
2024 2603 2059 2640 id
2073 2603 2121 2640 est
2134 2613 2288 2650 pauper-

1243 2656 1319 2692 cula
1338 2683 1346 2698 ,
1367 2653 1566 2704 quomodo
1581 2654 1708 2691 Baucis
1724 2661 1905 2690 Pannstcea
1916 2654 2011 2703 apud
2023 2653 2197 2691 Perfium.
2209 2652 2288 2690 talis

1243 2707 1281 2743 ὅ(
1293 2706 1350 2742 ille
1362 2704 1650 2743 introduciturin
1664 2705 1804 2742 scenam
1819 2706 2000 2742 Terentio
2014 2731 2023 2748 ,
2034 2702 2290 2752 annispannis-

1244 2769 1308 2805 que
1319 2755 1452 2796 obsitus.
1472 2757 1519 2793 ita
1539 2757 1793 2804 interpretatur
1812 2765 1914 2792 vctus
1928 2755 2137 2793 Scholiastes
2160 2753 2264 2790 Persii
2278 2779 2290 2797 ,

1241 2817 1422 2855 pannucea
1437 2834 1446 2850 ,
1472 2806 1627 2855 pannosa
1638 2805 1715 2855 five
1731 2806 1858 2855 pannis
1877 2804 1992 2855 obfira.
2017 2805 2215 2852 Pomponii
2237 2804 2290 2841 fa-

1245 2857 1327 2894 bula
1351 2857 1590 2900 Pannaceati,
1619 2859 1747 2894 citatur
1766 2857 1784 2894 a
1811 2857 2080 2894 Grammaticis.
2108 2855 2290 2899 ῥακὸειςὸζ

1247 2907 1436 2952 ῥακόδυτος
1458 2936 1467 2951 ,
1509 2907 1688 2955 pannosus
1710 2937 1719 2951 ,
1756 2909 1882 2956 pannis
1902 2907 2061 2951 obsitus,
2092 2909 2128 2944 in
2157 2905 2291 2954 gloffis.

1247 2958 1342 3006 apud
1363 2957 1596 2996 Laetantium
1627 2959 1740 3006 elegia
1765 2960 1809 2995 de
1832 2960 2019 2996 Phoenice
2043 2985 2053 3002 ‚
2083 2958 2215 3006 Egestas
2236 2955 2291 2991 ob-

1242 3007 1312 3056 fita
1329 3010 1468 3057 pannis.
1490 3010 1702 3051 Petronius,
1729 3009 2071 3057 Vestempannaceam
2088 3037 2096 3048 .
2118 3019 2212 3047 cyne
2236 3005 2291 3041 bo-

1250 3060 1303 3096 nis
1322 3060 1459 3105 quidem
1481 3060 1678 3096 centonibus
1699 3060 1841 3108 dignam
1869 3062 2026 3109 opponit
2051 3055 2292 3107 pretiofiffimae

1250 3110 1344 3156 velli.
1363 3110 1531 3159 pannosas
1557 3124 1732 3147 mammas
1761 3123 1825 3159 pro
1849 3112 1983 3159 rugosis
2006 3111 2177 3147 Martialis
2204 3108 2291 3157 dixit

1251 3161 1344 3199 libro
1368 3174 1430 3198 iii.
1461 3162 1603 3198 Hiss1isisv
1651 3162 1732 3209 Ego
1761 3162 1849 3199 niin'l
1875 3171 2041 3203 mutem.
2075 3163 2120 3197 ita
2146 3167 2290 3202 annqsus

1247 3214 1351 3261 senex
1374 3213 1482 3250 1Art.
1502 3214 1591 3250 Ani.
1610 3225 1661 3259 14.
1681 3225 1747 3261 pro
1772 3213 1909 3250 Tacitae
1933 3224 2022 3251 uinis
2048 3210 2183 3247 Medic.
2208 3211 2291 3241 Mx-

1254 3273 1321 3301 tae.

1310 3325 1396 3366 573.
1422 3318 1469 3351 Et
1489 3313 1605 3362 digitis
1626 3314 1696 3353 tria
1719 3325 1799 3352 tura
1827 3312 1975 3360 tribus.]
2029 3309 2141 3347 Hunc
2160 3306 2294 3344 nurne-'

1476 3366 1515 3415 Q
1543 3376 1563 3402 ι
2213 3366 2295 3394 rum
