2495 3675
428 162 1106 224 FASTOR

1178 156 1233 217 U
1305 161 1376 217 M
1484 163 1675 220 L1ss.
1749 166 1840 223 lv„

354 282 486 340 Vox
511 284 612 338 fuit
640 283 770 338 haec
795 283 996 354 Regis;
1037 277 1577 351 CondentiJuppiter
1602 278 1815 340 urbem,

430 356 504 411 Et
530 357 742 429 genitor
770 355 1018 414 MavorS,
1058 351 1325 423 Vestaque
1351 368 1519 406 mater
1544 351 1693 405 ades:

352 431 621 504 Quosque
646 431 793 500 pium
817 426 893 480 est
919 424 1172 479 adhibere
1197 423 1368 487 Deos,
1411 424 1674 478 advertite
1702 421 1908 478 cuncti&

206 503 311 568 830

426 503 741 574 Auspicibus
765 499 915 553 vobis
941 497 1044 550 hoc
1074 496 1202 550 mihi
1230 497 1403 567 surgat
1430 515 1580 569 opuS.

352 576 545 647 Longa
569 575 629 627 fit
653 573 775 626 huic
801 584 968 632 aetaS‚
1006 568 1366 641 dominaeque
1397 570 1635 641 potentia
1663 583 1863 625 terrae:

429 648 613 718 Sitque
645 644 734 698 sub
761 643 858 697 hac
887 642 1061 696 oriens
1090 641 1458 712 occiduusque
1485 645 1612 698 dieS.

348 721 441 774 Ille
472 715 798 789 precabatur.
840 715 1044 769 tonitru
1075 713 1225 768 dedit
1253 715 1433 768 omina
1466 716 1617 769 laevo

415 790 686 861 Juppiter:
733 790 787 841 &
817 789 967 842 laevo
993 786 1211 840 fulmina
1243 786 1385 841 miffa
1414 789 1556 860 polo.

203 870 229 922 8
239 883 301 934 35
338 863 584 934 Augurio
613 861 734 914 laeti
754 860 955 931 jaciunt
981 858 1289 914 fundamina
1314 861 1486 922 cives;

427 937 496 990 Et
523 951 691 988 novus
719 933 916 1004 exiguo
944 947 1189 1002 tempore
1215 949 1396 987 murus
1421 946 1550 988 erat.

346 1008 479 1065 Hoc
504 1007 664 1061 Celer
689 1019 882 1077 urguet
907 1021 1066 1077 opuS,
1106 1022 1268 1076 quem
1299 1005 1564 1060 Romulus
1590 1004 1698 1076 ipse
1723 1018 1970 1069 vocarat3

416 1081 676 1153 Simque,
718 1079 910 1144 Celer,
952 1095 1139 1142 curae,
1178 1078 1418 1143 dixerat,
1454 1078 1546 1133 ista
1574 1091 1709 1134 tuae.

109 1297 192 1336 822.
221 1301 330 1334 Terra
345 1292 457 1344 petita
469 1291 579 1343 [ὀίω]
607 1291 707 1331 Vide
725 1291 957 1331 Plutarchum
971 1292 1008 1331 in
1022 1292 1100 1332 Ro-

60 1348 176 1388 mule.
203 1348 327 1385 NEAP.

106 1399 189 1448 823.
220 1394 455 1445 plenaeque.]
486 1399 674 1443 Terraeque
687 1393 791 1432 multi
812 1392 928 1441 scripti
951 1393 1102 1433 &Belin

40 1448 200 1500 vGryph.
215 1450 334 1499 plenae
350 1448 576 1496 imponuntur
593 1458 717 1482 arenae
731 1472 741 1490 ,
763 1444 822 1481 vel
847 1456 1001 1488 avenae,
1024 1445 1060 1481 V
1064 1456 1103 1482 a·

57 1510 166 1540 tican.
213 1511 296 1538 rior.

106 1512 209 1596 824.p
222 1549 390 1597 Fungitur
420 1547 494 1597 igne
514 1544 651 1595 focus.]
680 1543 892 1583 Refriffime
915 1546 951 1583 in
977 1545 1102 1594 vulga·

54 1601 101 1641 tis
122 1602 194 1646 est,
212 1600 379 1648 finditur.
414 1602 523 1647 Quae
547 1596 658 1635 lectio
678 1595 798 1633 Marso
820 1594 934 1633 caussa
959 1597 1027 1634 fuit
1046 1598 1103 1634 in-

56 1651 226 1700 eptiffimi
253 1648 578 1698 interpretamenti.
615 1647 791 1684 NEAPOL.
843 1646 1009 1683 finditur
1036 1659 1101 1684 ve-

55 1702 221 1740 tustiores
242 1700 420 1750 plerique.
461 1699 498 1736 in
520 1697 594 1735 aliis
615 1697 887 1746 compluribus,
904 1697 1076 1743 funditur
1090 1725 1099 1741 ,

55 1753 117 1790 vel
133 1751 303 1801 fingitur,
328 1750 389 1788 sed
409 1748 516 1788 male.
540 1748 631 1786 libro
650 1760 696 1786 11.
724 1747 814 1786 Fast.
832 1759 919 1795 791.
948 1750 1099 1785 Funbtus

56 1812 135 1839 erat
167 1801 320 1852 dapibus.
365 1799 534 1849 fungitur
562 1798 703 1836 rectum
736 1797 796 1835 est.
844 1798 905 1836 lib.
926 1811 980 1837 xv.
1014 1810 1098 1849 332.

54 1858 204 1901 corpora
213 1853 341 1900 funeta
359 1850 441 1889 cibo.
469 1849 695 1887 Hermiones
716 1848 889 1897 epistola:

106 1925 174 1957 Per
182 1919 319 1968 somnos
337 1917 425 1956 oculi
442 1915 607 1966 lacrymis
616 1917 819 1963 funguntur
837 1913 973 1952 obortis.

44 1985 321 2034 jurisconsultis
339 1981 440 2032 fungi
454 1995 505 2020 res
524 1981 715 2025 dicuntur,
728 1993 815 2030 quae
833 1979 979 2027 officium
992 1980 1099 2029 suum

52 2036 242 2086 praestant.
277 2033 477 2084 pignoribus
504 2032 611 2082 fungi
641 2043 707 2081 pro
745 2031 829 2069 dare
861 2032 1012 2079 pignora
1052 2032 1098 2069 L.

56 2097 128 2125 vn.
162 2087 212 2124 D.
235 2086 280 2124 de
299 2084 494 2124 Praetoriis
525 2081 823 2132 stipulationibus.
859 2086 970 2117 Poena
985 2082 1103 2125 suncti

57 2137 104 2176 L.
121 2150 218 2176 xxu.
240 2137 289 2175 D.
313 2135 360 2174 de
379 2135 514 2173 Poenis
536 2162 547 2179 ‚
584 2135 647 2183 qui
670 2143 830 2181 poenam
852 2129 1103 2169 sustinuerunt.

56 2188 167 2237 Fungi
196 2197 483 2229 monumentum,
511 2186 548 2222 in
570 2184 672 2233 quod
694 2194 824 2231 corpus
852 2183 1026 2225 infertur,
1058 2183 1101 2220 t„

59 2249 171 2277 xtnr.
185 2239 232 2277 D.
246 2238 292 2278 de
309 2238 360 2275 rei
382 2236 532 2274 vindic.
554 2240 679 2271 Dotem
695 2233 815 2281 fungi,
844 2244 938 2281 quae
959 2234 994 2269 in
1019 2233 1101 2269 Ma-

55 2289 272 2328 trimonium
301 2287 427 2332 datur,
456 2286 620 2335 Ulpiano
643 2285 792 2322 Tit.vtx
834 2283 1001 2332 Regular.
1033 2289 1100 2319 Das

58 2352 146 2389 quae
158 2340 263 2388 semel
273 2341 403 2385 funeta
423 2337 465 2384 est
479 2365 489 2381 ‚
515 2336 663 2385 amplius
675 2334 781 2383 fungi
799 2347 866 2370 non
883 2333 1004 2381 potest,
1034 2333 1100 2381 nisi

55 2389 156 2427 aliud
168 2389 215 2439 fit
234 2389 511 2426 matrimonium.
557 2387 684 2424 Paulus
713 2386 758 2422 L.
776 2396 828 2421 vr.
861 2385 908 2420 D.
926 2384 1068 2420 Eodem
1088 2413 1097 2427 ,

60 2439 102 2475 Id
114 2450 242 2476 certum
259 2440 329 2488 effe,
342 2440 436 2486 cujus
447 2436 567 2485 species
585 2436 643 2472 vel
653 2435 947 2483 quantita5‚quae
964 2435 1002 2470 in
1014 2433 1099 2470 obli-

55 2489 192 2538 gatione
212 2489 372 2538 versatur
387 2516 396 2531 ‚
423 2497 487 2523 aut
507 2487 641 2522 nomine
660 2486 738 2528 suo,
765 2493 828 2519 aut
841 2496 880 2519 ea
890 2483 1099 2528 demonstra·

57 2539 148 2576 tione
162 2568 170 2581 ‚
200 2552 287 2588 quae
307 2537 455 2574 nominis
465 2535 540 2572 vice
549 2535 715 2582 fungitur
728 2560 739 2577 ,
769 2532 882 2582 qualis
902 2543 1102 2582 quantaque

49 2587 99 2638 stt
118 2588 313 2634 ostenditur.
342 2598 435 2636 quae
464 2585 605 2622 locutio
628 2583 749 2632 paullo
769 2582 847 2630 post
877 2582 1013 2619 ibidem
1037 2584 1101 2620 de·

29 2667 32 2671 .
57 2650 134 2677 nuo
159 2640 327 2677 occurrit.
365 2636 476 2674 Vides
496 2635 539 2672 ad
568 2646 622 2672 res
647 2634 862 2672 inanimatas
890 2633 927 2670 id
944 2634 1096 2671 verbum

57 2690 268 2739 frequenter
286 2687 478 2725 transferri.
507 2684 654 2723 Gloffae
666 2692 827 2728 veteres,
856 2682 967 2730 Fungi
981 2695 1005 2727 s
1019 2697 1099 2719 συν-

58 2742 188 2778 τελεῖν.
216 2739 381 2782 panetio,
403 2736 631 2782 λειτουργία,
654 2736 830 2780 τέλεσμκ.
842 2733 1095 2780 functionum,

57 2788 234 2837 εἰσφορῶν.
262 2791 405 2829 Hfims.

109 2841 191 2890 825.
221 2840 340 2891 Inda]
381 2839 475 2876 Unde
498 2838 586 2875 duo.
618 2836 692 2885 igne
716 2835 855 2880 Iunian.
878 2835 915 2872 ὃ(
937 2835 971 2871 in
995 2847 1096 2882 prae-

59 2891 200 2930 cedenti
224 2891 324 2929 versu
339 2920 348 2935 ‚
376 2890 456 2927 inde
468 2887 677 2935 focus‚duo
701 2884 1003 2934 Vatican.sttpam
1023 2887 1092 2924 Pu-

61 2949 156 2981 tean.
169 2942 265 2990 stiva
285 2952 355 2979 tres
373 2941 464 2978 libri.

51 3035 55 3039 ,
108 2993 191 3042 825.
219 2992 379 3040 Defignat
411 2990 545 3028 moenia
569 2986 698 3038 sulca]
752 2987 809 3024 Ex
830 2986 900 3023 ritu
921 2985 1096 3024 finitimo.

59 3041 176 3081 Varro
194 3043 255 3081 lib.
278 3055 330 3080 xv.
353 3043 398 3081 de
421 3043 465 3078 L.
490 3042 533 3077 L.
563 3039 693 3087 oppida
712 3036 920 3079 condebant,
950 3038 1092 3084 inquit,

53 3092 95 3131 in
116 3093 208 3131 Latio
240 3094 378 3141 Etrusco
407 3092 480 3129 ritu
510 3089 648 3132 multa,
675 3090 712 3125 id
740 3089 783 3134 est
806 3087 936 3135 junHis
963 3087 1093 3130 bubus,

57 3153 156 3180 tauro
176 3155 218 3184 φ’
248 3144 358 3180 vacca
388 3142 545 3180 interiore
576 3150 694 3176 aratro
722 3137 998 3185 circumagebant
1017 3137 1094 3185 sul-

57 3205 145 3230 cum·
197 3193 325 3231 Obiter
347 3205 487 3231 moneo
504 3220 513 3235 ‚
540 3193 647 3228 ritum
677 3190 775 3226 hunc
804 3191 841 3225 ὅτ
869 3188 957 3225 alios
978 3187 1095 3225 serva-

54 3250 113 3280 tos
144 3243 181 3280 iu
207 3243 323 3287 libris,
352 3255 444 3292 quos
474 3243 655 3279 vocabant
688 3238 860 3277 Rituales.
881 3238 926 3276 de
949 3238 1003 3275 liis
1029 3237 1097 3275 Fe-

56 3291 147 3333 stus:
174 3293 325 3330 Rituales
346 3294 575 3331 nominantur
594 3292 816 3340 Etrttfiorum
834 3288 942 3336 libri,
972 3288 1008 3326 in
1022 3287 1099 3339 qui-

233 3347 326 3382 Tem.
357 3349 422 3384 111.

2095 1151 2203 1207 Ne-

1158 1290 1220 1329 bus
1237 1292 1460 1344 perscriptum
1479 1290 1522 1341 est
1536 1320 1545 1336 ‚
1570 1304 1634 1342 quo
1653 1291 1725 1328 ritu
1748 1289 1939 1327 condantur
1961 1288 2081 1333 urbes,
2109 1291 2209 1334 arae,

1158 1344 1254 1381 aedes
1282 1351 1469 1393 sacrentur
1491 1372 1501 1388 ,
1539 1343 1611 1392 quoi
1647 1342 1834 1388 sanctitate
1862 1340 1955 1377 muri
1979 1367 1988 1383 ‚
2038 1353 2102 1387 quo
2128 1340 2206 1387 jure

1151 1403 1292 1443 portae,
1321 1409 1386 1445 quo
1406 1394 1502 1431 modo
1535 1391 1646 1430 tribus
1669 1420 1679 1436 ,
1719 1391 1832 1428 curiae
1855 1418 1865 1434 ‚
1903 1390 2076 1426 centuriae
2093 1389 2209 1436 distri·

1158 1444 1336 1489 humetur,
1364 1445 1530 1482 exercitus
1559 1442 1810 1490 constituantur
1832 1470 1841 1485 ,
1870 1441 2092 1484 ordinentur,
2121 1450 2206 1477 cete-

1158 1509 1266 1543 raque
1296 1495 1496 1545 hujusmodi
1533 1494 1582 1530 ad
1617 1492 1744 1530 bellum
1776 1503 1819 1532 (9²
1841 1500 1956 1540 pacem
1980 1490 2207 1540 pertinentia.

1158 1546 1231 1583 Res
1253 1545 1323 1595 ipsa
1346 1546 1491 1590 suadet,
1522 1556 1581 1582 me
1605 1543 1753 1588 silente,
1782 1542 1985 1580 Romulum
2013 1548 2207 1590 praecepta

1157 1596 1249 1634 haec
1269 1595 1489 1646 praelegiffe.
1519 1596 1645 1632 NEAP.

1208 1648 1291 1685 826.
1320 1646 1418 1684 Alba
1441 1648 1565 1696 jugum
1595 1644 1694 1682 niveo
1727 1657 1804 1681 cum
1831 1643 1914 1680 bove
1942 1655 2050 1679 vacca
2078 1641 2202 1692 tulin]

1155 1697 1275 1735 Varro
1294 1697 1387 1735 libro
1410 1710 1455 1735 11.
1476 1709 1552 1746 cap.
1577 1708 1608 1734 1.
1636 1695 1705 1732 Rei
1726 1695 1914 1732 Rusticae:
1944 1699 1990 1729 Et
2010 1694 2099 1743 quod
2122 1692 2204 1730 urbs

1157 1761 1234 1785 cum
1253 1748 1392 1785 condita
1412 1747 1456 1794 est
1469 1776 1479 1792 ,
1507 1758 1607 1784 tauro
1629 1757 1672 1784 ω’
1691 1757 1799 1780 vacca
1813 1772 1822 1787 ,
1851 1746 1912 1792 qui
1929 1743 2028 1792 essent
2046 1744 2140 1780 muri
2160 1752 2206 1782 (9·

1153 1808 1292 1848 portae,
1319 1798 1515 1845 definitum.
1564 1795 1771 1833 Columella
1804 1794 1864 1832 lib.
1886 1806 1937 1830 v1.
1962 1794 2202 1840 praefatione:

1155 1850 1260 1898 Quod
1278 1859 1404 1887 ceteras
1419 1848 1558 1900 pecudes
1575 1846 1630 1884 bos
1653 1846 1773 1885 honore
1782 1845 1942 1894 superare
1953 1844 2092 1888 debeat,
2106 1852 2208 1893 prae-

1146 1901 1272 1949 sertim
1302 1912 1345 1940 ω·
1374 1900 1412 1937 in
1445 1899 1550 1936 Italia
1574 1926 1583 1942 ,
1621 1910 1708 1948 quae
1743 1895 1787 1932 ab
1819 1896 1879 1932 hoc
1911 1895 2204 1943 nuncupationem

1156 1947 1295 1999 traxisse
1312 1951 1461 1988 creditur
1475 1978 1484 1995 ,
1497 1949 1587 1999 quod
1601 1949 1681 1985 olim
1694 1946 1818 1983 Graeci
1829 1957 1946 1982 tauros
1968 1945 2131 1987 Ἰταλοὺς
2142 1959 2207 1982 vo·-

1156 2012 1273 2038 carent
1295 2030 1305 2045 ,
1344 2013 1386 2041 &¹
1414 2002 1452 2038 in
1480 2014 1519 2037 ea
1550 1999 1630 2037 urbe
1649 2027 1659 2043 ‚
1699 1998 1793 2046 cujux
1819 1996 1991 2034 moenibus
2020 1996 2203 2033 condendis

1157 2065 1233 2088 mas
1251 2052 1456 2099 &foemina
1475 2061 1594 2088 aratro
1616 2049 1806 2086 terminum
1821 2046 2076 2094 signaverunt,
2104 2047 2205 2083 velut

1157 2113 1288 2138 metam
1303 2118 1314 2138 .-
1342 2102 1433 2153 qucd
1463 2102 1546 2138 item
1574 2100 1707 2138 Atticis
1738 2097 1890 2134 Athenis
1912 2097 2043 2133 Cereris
2061 2107 2104 2135 <9¹
2124 2096 2205 2133 Tri-

1153 2153 1421 2201 ptolemifertur
1441 2151 1599 2198 minister.
1629 2152 1676 2188 ita
1697 2150 1799 2187 locus
1813 2148 1870 2185 ille
1891 2160 1935 2184 ex
1960 2146 2198 2184 vetustiffimo

1158 2202 1287 2240 codice
1317 2203 1531 2241 scribendus.
1561 2201 1657 2238 velut
1683 2210 1812 2237 metam
1844 2198 2084 2241 restituimus,
2114 2209 2202 2235 cum

1151 2263 1270 2301 petam
1294 2253 1329 2290 in
1360 2254 1582 2291 membranis
1601 2250 1697 2289 ess'et.
1725 2250 1879 2287 Peffime
1904 2248 2037 2296 vulgati
2056 2277 2064 2291 ,
2098 2247 2201 2284 velut

1150 2314 1250 2353 pecus
1291 2305 1424 2342 Atticis
1435 2306 1544 2341 etiam
1562 2331 1571 2348 ‚
1605 2314 1671 2351 pro
1684 2313 1760 2349 quo
1783 2300 2020 2337 membranae
2045 2298 2203 2342 Atticus,

1156 2355 1388 2397 refluximus¹
1416 2354 1519 2404 quod
1541 2352 1762 2391 vocabulum
1787 2350 1808 2387 a
1838 2350 1988 2398 vulgatis
2019 2348 2113 2385 abest
2135 2360 2202 2392 ex-⁴

1153 2405 1386 2455 emplaribus.
1414 2406 1561 2443 Heius.
1590 2403 1716 2439 Trahit
1734 2402 1875 2446 luni-an.

1207 2468 1292 2512 827.
1321 2466 1524 2515 condenti]
1589 2464 1777 2502 condentis
1817 2464 1933 2513 scripti
1963 2474 2098 2512 magno
2129 2465 2201 2507 nui

1153 2526 1274 2553 mero.

1204 2565 1289 2613 829.
1317 2563 1511 2602 Advortite
1529 2562 1692 2614 waltun]
1731 2565 1866 2602 Priscus
1899 2563 2042 2608 codex,
2069 2564 2200 2601 adver:

1152 2615 1215 2652 tite
1235 2618 1358 2653 caneri.
1388 2617 1509 2653 NEAP.
1560 2614 1750 2652 Advertite
1769 2616 1892 2652 vultus
1915 2616 2021 2651 Laeti
2052 2615 2089 2652 ὃ(
2109 2622 2196 2653 tres.

1151 2668 1286 2703 cunctos
1313 2677 1405 2704 unus
1433 2666 1515 2702 certi
1536 2666 1637 2703 alius.
1661 2665 1821 2702 adhibere
1844 2665 1935 2709 Dei,
1967 2664 2072 2703 Rern.

1207 2716 1292 2766 830.
1321 2715 1526 2766 Auspict'bus
1547 2714 1685 2765 vobis.]
1727 2716 1996 2765 Auspicihusque
2015 2715 2108 2752 bonis
2129 2715 2198 2753 Pe·

1155 2774 1229 2804 tav.
1250 2768 1287 2804 δε
1308 2767 1480 2805 undecim
1494 2767 1564 2804 alii.
1585 2766 1803 2815 auspiciisque
1821 2766 1915 2803 honis
1935 2778 2026 2803 unus
2040 2765 2198 2804 Heinfii.

1153 2817 1374 2862 deinde‚hoc
1393 2817 1472 2854 hene
1485 2817 1608 2866 surgat
1624 2845 1633 2861 ,
1650 2817 1789 2854 Medic.
1810 2817 1869 2853 hoc
1889 2816 1990 2854 breve
2012 2816 2113 2854 alius.
2134 2816 2194 2854 hoc

1152 2868 1250 2904 modo
1273 2870 1411 2905 Sarrav.

1207 2918 1290 2968 831.
1320 2917 1595 2968 Dominaeque.]
1635 2918 1861 2968 Domitaeque
1892 2917 2057 2956 Laeti&
2077 2918 2197 2956 Vatic.

1201 2982 1285 3031 833.
1317 2980 1565 3030 manhatum]
1628 2981 1845 3032 Loquebatur
1885 2982 2060 3030 quinque.
2101 2981 2194 3018 dedit

1149 3033 1266 3070 omina
1288 3032 1380 3068 laeta
1410 3031 1578 3070 Ambros.
1600 3032 1717 3070 Laeti.
1740 3031 1843 3069 laeva
1864 3032 1963 3069 alius.
1992 3033 2080 3068 laeto
2102 3034 2192 3069 Sarr.

1149 3084 1269 3120 dextro
1290 3081 1396 3119 Voss.
1416 3083 1518 3131 plena
1539 3095 1630 3120 unus
1654 3083 1779 3120 Heius.
1798 3083 1869 3131 seq.
1892 3082 1993 3120 versu
2008 3111 2016 3125 ,
2032 3094 2113 3118 tunc
2135 3082 2191 3117 de-

1150 3134 1202 3170 dit
1231 3144 1275 3172 (9'
1305 3132 1402 3170 laevo
1438 3133 1543 3172 Bern.
1570 3134 1732 3182 Juppiter
1769 3136 1784 3169 ”e
1812 3133 1909 3169 laevo
1940 3133 2066 3169 Ambr.
2100 3142 2191 3168 mox

1149 3185 1259 3222 etiam
1274 3211 1285 3228 ,
1314 3183 1455 3232 augurio
1473 3183 1581 3228 laeto,
1606 3196 1696 3221 unus
1720 3183 1844 3221 Heius.
1869 3185 1905 3221 &
1920 3184 2059 3229 faciunt
2083 3180 2192 3227 fund.

1152 3235 1294 3273 Mazar.
1314 3235 1460 3274 Arond.
1480 3236 1518 3272 ὃς
1538 3243 1697 3282 quatuor
1717 3235 1788 3271 alii.

1208 3284 1295 3335 833.
1323 3284 1469 3372 agmina
1498 3284 1592 3324 dedit
1612 3284 1729 3340 omina
1760 3282 1895 3332 laeva]
1950 3283 2025 3320 Cur
2043 3280 2189 3365 ladevtssm

1376 3347 1397 3383 p
2093 3339 2134 3365 ex
2154 3337 2196 3365 ro
