2495 3675
400 145 967 208 EPISTULARUM
1004 142 1112 203 EX
1150 142 1437 201 PoNTo.
1475 141 1597 199 Lm.
1636 146 1697 202 ΙΙ.
1736 148 1920 206 ΕΡΙετ.

2001 148 2061 207 11.
2205 172 2305 228 759

410 249 497 305 Sic
529 250 722 322 igitur,
760 250 900 324 quasi
923 267 1011 305 me
1035 249 1205 303 nullus
1236 246 1511 317 deceperit
1535 261 1713 308 error,

480 322 662 379 Verba
685 324 831 386 face,
870 337 927 376 ut
954 323 1090 385 vitii,
1131 337 1291 393 quam
1316 319 1466 374 dedit
1490 318 1628 388 ipse,
1665 318 1821 374 fruar.

267 398 331 463 65
407 394 661 466 Cumque
690 397 901 451 serenus
927 395 1061 458 erit,
1104 394 1387 465 vultusque
1411 390 1668 446 remiserit
1693 391 1836 454 illos,

478 468 587 540 Qui
615 469 792 524 secum
819 481 980 521 terras
1005 467 1397 536 imperiumque
1425 476 1677 525 movent;

403 538 668 612 Exiguam
696 559 762 595 ne
788 557 874 594 me
898 539 1147 610 praedam
1176 538 1301 591 finat
1326 537 1428 590 ell'e
1455 535 1746 599 Getarum,

485 617 696 687 Deique
720 613 890 668 solum
915 611 1132 665 miserae
1160 612 1291 665 mite
1316 649 1332 671 ‚
1369 626 1614 680 precare,
1657 609 1828 679 fugae.

406 683 650 756 Tempus
673 686 816 741 adest
843 699 1024 756 aptum
1052 683 1310 755 precibus.
1355 682 1492 734 valet
1520 681 1657 751 ipse,
1697 681 1956 753 videtque

270 772 340 830 70

489 759 635 830 Quas
663 757 786 812 fecit
818 760 981 820 vires,
1020 757 1227 816 Roma,
1266 754 1438 807 valere
1470 767 1599 807 tuas,

407 828 690 884 Incolumis
715 830 912 899 conjux
939 836 1023 882 lua
1050 827 1338 898 pulvinaria
1366 825 1565 879 servat:

477 904 771 956 Promovet
797 900 1092 955 Ausonium
1117 901 1251 954 filius
1275 900 1575 969 imperium.

404 975 664 1031 Praeterit
689 974 795 1045 ipse
827 973 942 1028 suos
970 973 1149 1027 animo
1171 971 1526 1026 Germanicus
1553 987 1748 1035 annOS,

480 1047 596 1100 Nec
623 1046 775 1116 vigor
802 1056 873 1099 eit
904 1044 1056 1100 Drusi
1081 1045 1358 1099 nobilitate
1387 1044 1578 1098 minor.

254 1139 327 1194 75
403 1119 568 1175 Adde
596 1137 756 1172 nurus
776 1159 791 1182 ‚
818 1133 1112 1190 neptesque
1140 1121 1271 1189 pias,
1314 1131 1568 1186 natosque
1599 1118 1892 1185 nepotum,

475 1193 781 1266 Ceteraque
807 1191 1078 1265 Augustae
1106 1191 1344 1247 membra
1372 1189 1547 1245 valere
1574 1187 1794 1244 domus:

166 1456 229 1506 69.
263 1458 362 1498 Valet
385 1456 448 1510 ipse
465 1457 627 1508 videtque
646 1469 734 1507 quas
746 1456 876 1508 fecit]
906 1456 1003 1496 Valet
1015 1456 1101 1502 illa,
1115 1458 1154 1496 δε

119 1509 193 1560 'qua
213 1509 300 1555 fecit
333 1511 575 1549 Sarravianus.
618 1509 737 1544 valere
757 1509 841 1556 suas
872 1508 960 1556 Jun.
982 1509 1088 1547 Leid.
1117 1510 1155 1547 δε

115 1559 223 1599 multi
246 1563 312 1599 alii.
345 1562 383 1599 δί
408 1573 524 1606 mox,
551 1558 715 1597 incolumi
736 1561 861 1608 conjux
888 1559 986 1598 idem
1019 1559 1157 1598 Sarrav.

113 1671 140 1713 b
167 1634 228 1673 73.
257 1622 428 1661 Praeterit
450 1620 549 1672 ipse]
582 1620 641 1659 ille
657 1619 1022 1663 Barberin.l-ieinfius
1045 1622 1155 1662 male·

142 1682 203 1719 at,
231 1688 307 1712 ecce.

172 1737 230 1771 74.
261 1731 331 1762 Nec
352 1724 451 1773 vigor
474 1723 517 1770 est
543 1722 649 1773 Drufi
669 1724 853 1762 nobilitate
871 1723 1022 1774 minor]
1071 1724 1160 1763 Sen-

117 1777 235 1814 tentia
255 1775 333 1813 est:
371 1775 611 1813 Germanicus
636 1776 805 1824 praeterit
834 1775 916 1814 suos
946 1787 1060 1813 annos
1080 1777 1157 1813 ani-

118 1837 186 1864 mo
215 1827 241 1863 i.
270 1827 400 1864 fortior
421 1835 530 1876 atque
558 1825 761 1863 animosior
780 1825 829 1863 est
849 1854 860 1872 ,
880 1837 991 1874 quam
1011 1838 1076 1872 pro
1097 1838 1159 1864 ae-

119 1883 195 1914 tate
215 1875 286 1914 sua.
330 1877 412 1915 Nec
441 1876 576 1915 Drusus
605 1876 766 1914 nobilior
788 1875 836 1914 est
864 1888 977 1925 quam
1004 1877 1158 1922 fortior,

119 1926 181 1965 sed
207 1928 334 1975 pariter
362 1928 505 1966 excellit
536 1927 664 1965 animo
687 1939 729 1964 ac
748 1926 952 1965 nobilitate.
996 1927 1157 1965 Drusum

119 1986 244 2015 autem
267 1978 448 2027 intellige,
475 1990 552 2015 non
577 1986 717 2024 patrem
751 1978 986 2021 Germanici,
1009 1978 1156 2015 fratrem

120 2026 298 2069 Tiberii,
335 2030 363 2065 is
391 2029 491 2066 enini
525 2027 648 2065 multis
681 2035 765 2064 ante
800 2028 903 2064 annis
933 2027 1088 2075 perierat
1118 2029 1157 2066 in

121 2078 345 2116 Germania:
373 2079 432 2116 sed
445 2079 604 2115 Drusum
620 2105 631 2122 ,
654 2077 796 2115 Tiberii
829 2089 872 2113 ex
895 2078 1094 2126 Agrippina
1115 2077 1157 2116 fi-

118 2127 237 2173 liuni,
265 2130 366 2175 cujus
396 2141 488 2166 uxor
525 2129 630 2165 Livia
659 2128 724 2165 fuit
745 2156 755 2172 ,
794 2127 1005 2165 Germanici
1034 2127 1157 2172 soror,

116 2188 229 2227 quarn
256 2179 377 2226 postea
406 2179 556 2225 Sejanus
583 2178 763 2215 adulterio
793 2179 954 2224 corrupit
979 2205 988 2220 ,
1021 2177 1159 2224 ipsum-

117 2238 192 2278 que
215 2229 374 2266 Drusum
397 2241 546 2265 veneno
561 2240 644 2275 ,per
671 2227 845 2276 Cygilum
861 2228 1071 2275 spadonem
1096 2228 1158 2266 da·

119 2287 161 2316 to
177 2306 188 2323 ,
211 2278 368 2322 sustulit,
407 2288 444 2315 ut
467 2288 573 2315 autor
594 2278 808 2315 estTacitus
835 2278 895 2315 lib.
917 2291 949 2324 4.
980 2281 1073 2315 Mox
1095 2291 1158 2327 per

116 2334 262 2373 Nartes,
292 2330 452 2378 intellige
483 2329 723 2378 Agrippinam
754 2329 997 2372 Germanici,
1028 2330 1063 2365 &
1092 2331 1156 2367 Li·

118 2381 222 2418 viam
247 2380 375 2423 Drusi,
405 2392 555 2417 uxores:
584 2392 646 2426 per
676 2391 786 2418 neptes
818 2382 855 2416 ὅ(
889 2391 1038 2427 nepotes,
1062 2380 1154 2417 Ger-

118 2431 256 2468 manici
289 2441 331 2467 ae
361 2428 470 2466 Drusi
499 2430 658 2476 Junioris
688 2431 829 2466 liberos.
870 2438 908 2466 ut
937 2431 1037 2466 fuere
1059 2459 1070 2474 ,
1109 2442 1154 2468 ex

119 2480 348 2518 Germanico
367 2479 517 2528 quidem
541 2478 727 2527 Caligula,
755 2481 816 2528 qui
846 2479 1001 2518 Tiberio
1021 2480 1156 2518 succes-

119 2531 188 2570 fit:
219 2532 417 2578 Agrippina
440 2557 452 2574 ,
489 2540 584 2578 quae
611 2531 771 2577 primum
806 2530 980 2567 Domitio
1014 2531 1154 2578 nupsit,

120 2581 221 2620 unde
242 2581 344 2617 Nero
366 2587 469 2617 natus
502 2581 570 2616 fuit
591 2607 600 2622 ,
643 2591 732 2617 mox
764 2579 919 2618 Claudio
942 2581 1154 2628 imperatori

121 2631 359 2670 cohabitavit.
388 2632 475 2668 item
501 2630 604 2667 Nero
629 2630 667 2667 &
690 2630 848 2673 Drusus,
875 2632 937 2679 qui
953 2631 1029 2678 post
1050 2631 1070 2669 a
1097 2632 1154 2669 si-

122 2682 227 2720 berio
249 2682 460 2728 interempti
486 2694 494 2717 ε
533 2681 624 2726 Julia
656 2682 693 2718 δε
728 2681 878 2718 Druiilia
903 2709 914 2725 ,
951 2681 995 2718 de
1024 2684 1154 2730 quibus

123 2733 280 2771 Tacitus
299 2732 358 2769 lib.
379 2743 415 2770 2.
443 2734 479 2768 ὅ(
504 2730 700 2768 Suetonius
719 2732 756 2769 in
780 2732 956 2780 Caligula.
983 2732 1036 2770 Ex
1054 2734 1151 2771 Dru-

122 2783 162 2821 so
183 2795 304 2820 autern
329 2786 364 2819 &
386 2781 530 2829 gemelli
557 2782 605 2818 illi
622 2809 631 2822 .
660 2781 705 2818 de
724 2781 852 2831 quibus
873 2783 1024 2820 Tacitus
1044 2784 1150 2822 lib.2.

124 2834 298 2872 meminit
317 2833 368 2869 liis
392 2832 528 2869 verbis:
557 2838 717 2868 Ceterum
748 2833 873 2868 recenti
890 2832 1004 2868 adlmc
1023 2834 1151 2881 moesti-

124 2883 178 2921 tia
193 2884 287 2931 fhror
308 2882 506 2919 Grmamci
533 2881 660 2927 Livia,
690 2892 798 2928 nupta
831 2883 963 2928 Druso,
994 2885 1076 2919 duos
1096 2884 1153 2921 vi..

123 2933 198 2972 rilis
221 2935 319 2977 flexus
339 2931 439 2975 limul
470 2933 572 2968 enixa
588 2932 657 2977 est,
685 2933 775 2979 quod
804 2946 926 2969 rarum
953 2935 1153 2985 laetumque

121 2985 229 3022 etiam
259 2984 397 3020 modicis
432 2984 609 3028 penatibus
631 3010 642 3025 ,
686 2994 784 3019 tanto
812 2983 938 3030 gaudio
970 2986 1151 3033 principem

81 3051 83 3053 ·
124 3034 239 3082 afficit
259 3061 270 3077 ,
298 3046 335 3069 ut
370 3047 436 3069 non
467 3034 736 3077 temperaverit,
772 3035 857 3080 quin
887 3035 1030 3076 satiaret
1062 3037 1155 3079 apud

120 3094 260 3135 patres,
287 3084 375 3120 nulli
397 3096 478 3119 ante
504 3090 733 3120 Romanorum
758 3084 905 3121 eiwdem
933 3086 1059 3132 fastigii
1078 3088 1154 3122 viro

125 3146 300 3184 geminam
313 3134 450 3182 st.rpem
473 3135 626 3178 editam,
655 3146 724 3174 wc.
786 3134 828 3170 Et
858 3147 932 3171 non
957 3136 1128 3173 'sinerius
1144 3164 1154 3180 ,

129 3185 231 3233 cujis
255 3186 422 3221 meminit
447 3185 652 3222 Suetonius.
691 3187 813 3233 Atqiie
837 3185 871 3222 lii'
897 3198 938 3221 ex
963 3186 1152 3223 Gerriiini-

129 3246 176 3272 co
197 3237 233 3270 ὀί
260 3233 375 3270 Druso
397 3245 532 3281 geniti,
561 3247 718 3284 quorum
745 3246 865 3272 timei!
901 3236 1047 3285 quidam
1082 3237 1158 3284 post

2087 1312 2258 1373 Adde

1208 1459 1323 1508 po‘e'ta
1350 1454 1441 1494 nihil
1468 1453 1557 1493 scire
1586 1452 1739 1503 potuit:
1776 1459 1818 1491 ut
1848 1451 2013 1502 plerique
2042 1452 2150 1494 Drusi
2173 1484 2185 1502 ,
2212 1455 2254 1497 &

1213 1509 1304 1556 Julia
1326 1505 1564 1547 Germanici,
1591 1515 1708 1554 quae,
1738 1504 1863 1543 ultima
1894 1505 2000 1553 liujus
2028 1503 2251 1552 liberorum.

1216 1558 1326 1598 Lesbi
1350 1558 1445 1595 edita
1475 1557 1568 1599 fuit3
1609 1566 1692 1592 cum
1726 1555 1763 1593 in
1797 1554 1920 1592 Asiam
1942 1554 2146 1603 trajiceret,
2173 1558 2254 1607 post

1214 1609 1458 1657 triumphatos
1483 1606 1707 1650 Cheruscos,
1734 1615 1773 1643 ut
1796 1605 1844 1643 est
1873 1605 1968 1654 apud
1994 1606 2170 1646 Tacitum
2191 1608 2255 1647 lib.

1215 1673 1250 1699 2.
1278 1659 1419 1698 Habuit
1441 1666 1565 1695 autern
1592 1658 1630 1694 δι
1648 1656 1737 1693 alios
1759 1667 1913 1705 nepotes
1929 1686 1937 1700 ,
1958 1666 2158 1707 neptesque
2172 1659 2253 1703 Au-¹

1215 1712 1357 1760 gustus,
1385 1721 1430 1746 ex
1453 1707 1613 1746 Oetavia
1639 1707 1762 1745 sorore
1794 1707 1927 1745 scilicet
1948 1736 1958 1750 ‚
1987 1708 2023 1745 &
2043 1709 2134 1755 Julia
2157 1709 2254 1755 filia,

1219 1764 1256 1800 ὅ(
1277 1761 1398 1799 Druso
1421 1759 1634 1796 Germanici
1655 1766 1766 1805 patre.
1789 1758 1890 1805 cujus
1908 1758 1945 1795 &
1970 1758 2142 1798 Claudius
2162 1761 2253 1807 fuit,

1215 1813 1279 1860 qui
1300 1810 1378 1860 post
1400 1809 1603 1856 Caligulam
1625 1809 1832 1856 imperavit.
1879 1808 1947 1845 Sed
1970 1809 2014 1845 de
2035 1809 2087 1846 his
2111 1810 2254 1849 Merula

1215 1863 1310 1901 infra
1332 1860 1538 1898 annotavit.
1573 1857 1666 1896 Illud
1693 1865 1819 1896 tamen
1840 1858 2084 1908 adjiciendum
2099 1888 2110 1904 ,
2148 1862 2191 1899 C.
2213 1862 2255 1900 &

1217 1914 1380 1952 Lucium
1404 1923 1448 1949 ex
1471 1909 1564 1957 Julia
1586 1917 1739 1957 nepotes
1761 1937 1770 1953 ,
1800 1920 1884 1947 curn
1907 1909 1998 1946 haec
2017 1910 2253 1951 scriberentur

1215 1964 1260 2001 ab
1281 1962 1425 2000 Ovidio
1439 1989 1449 2004 ,
1478 1967 1646 1998 mortuos
1662 1959 1739 2008 jam
1764 1958 1866 1997 fuifle
1880 1987 1890 2003 ,
1918 1960 2095 1998 Massiliae
2112 1961 2251 2007 altero.

1214 2014 1329 2052 altero
1351 2015 1387 2049 in
1408 2011 1528 2048 reditu
1551 2022 1595 2047 ex
1627 2011 1796 2047 Armenis
1823 2010 2012 2055 extincto,
2041 2020 2079 2049 ut
2109 2013 2146 2049 &
2167 2013 2252 2052 alibi

1216 2063 1476 2102 annotavimus
1497 2073 1507 2097 ι
1543 2060 1673 2105 Juliam
1708 2068 1829 2097 autem
1853 2054 2001 2108 nep‘tem
2018 2089 2028 2105 ,
2056 2062 2094 2099 ὅ(
2116 2062 2253 2112 Agrips

1216 2126 1301 2162 pam
1335 2111 1568 2160 posthumum
1594 2138 1604 2152 ‚
1641 2110 1818 2158 relegatos
1837 2138 1848 2152 ,
1887 2111 1985 2149 hunc
2005 2112 2159 2160 impulsu
2183 2114 2249 2152 Li-

1215 2166 1319 2206 viae,
1349 2163 1444 2199 illam
1470 2170 1616 2208 propter
1645 2161 1910 2207 impudicitiam
1937 2175 1946 2198 :
1982 2170 2020 2199 ut
2042 2175 2083 2198 ex
2109 2164 2248 2202 Tacito

1216 2215 1254 2252 &
1277 2213 1456 2251 Suetonio
1481 2210 1673 2256 colligitur.
1700 2223 1822 2259 eoque
1845 2211 1890 2248 de
1909 2212 1975 2250 illis
1997 2214 2145 2250 l‘oetam
2171 2227 2249 2254 non

1215 2261 1441 2303 intellexisse.
1471 2263 1645 2298 Micirtt..
1696 2262 1753 2302 Est
1786 2265 1897 2311 Druso
1921 2263 2058 2301 malim.
2092 2264 2182 2310 vel,
2208 2266 2250 2303 in

1213 2319 1339 2362 Druso.
1368 2313 1511 2350 Hiems.

1263 2399 1324 2437 75.
1358 2394 1532 2436 Carasque
1565 2387 1732 2436 nepotes]
1811 2388 1980 2435 Uterque
2021 2387 2248 2433 Vaticanus,¹

1213 2452 1376 2487 natosque
1404 2451 1540 2485 nepotes.
1590 2439 1709 2474 Ursini
1733 2440 1769 2474 ὅτ
1791 2437 1916 2475 Maffe·
1934 2468 1941 2476 .
1971 2450 2132 2474 natosaue
2151 2449 2247 2479 nepo-

1211 2502 1299 2526 tum.
1330 2492 1482 2526 Cior-an
1527 2488 1632 2524 Adde
1645 2501 1772 2523 nurum
1794 2498 1993 2536 neptemque
2009 2499 2084 2537 pias
2101 2518 2108 2529 ,
2128 2500 2247 2526 natos-

1210 2555 1275 2590 que
1295 2552 1447 2578 neootum
1472 2540 1715 2576 Sarravianus.
1740 2538 1834 2575 Polzt
1869 2541 1903 2575 ἃ
1935 2548 2004 2576 tres
2037 2548 2248 2586 quituorve

1210 2592 1280 2627 alii.
1308 2593 1462 2638 Argent.
1484 2590 1651 2637 Scaligeri
1674 2589 1854 2637 multique
1878 2598 2062 2636 praeterea
2088 2589 2210 2635 reete,

1259 2661 1363 2700 Adde
1386 2676 1494 2699 nurus
1509 2690 1518 2706 ,
1548 2672 1724 2715 neptesque
1739 2664 1835 2713 pias,
1865 2674 2030 2716 natosque
2049 2666 2221 2715 nepotuml

1206 2734 1353 2782 quidam
1383 2735 1492 2769 etiam
1521 2760 1531 2776 ‚
1560 2745 1722 2782 natosque
1744 2734 1892 2782 nepotis,
1922 2735 1978 2772 vel
2004 2744 2145 2783 nepotes.
2180 2736 2247 2783 ,ἴα-ἶ

1204 2785 1272 2820 liae
1295 2787 1328 2820 in
1364 2782 1568 2819 Pandataria
1601 2783 1791 2821 exsulantis
1821 2797 1895 2821 non
1933 2786 2135 2831 meminit,
2173 2797 2244 2824 nec

1203 2834 1320 2880 Juliae
1343 2834 1479 2881 neptis:
1510 2842 1635 2880 nepta-s
1658 2835 1816 2881 intellige
1831 2835 2070 2882 Agrippinam
2086 2837 2246 2881 Germa-j

1205 2885 1276 2921 nit-i
1297 2895 1451 2919 uxorein
1468 2911 1476 2926 ,
1506 2886 1542 2920 ὅ(
1570 2884 1738 2921 L-ivillani
1776 2885 1878 2922 Drusi
1903 2885 2023 2923 tiliam.
2051 2898 2162 2926 nurus
2184 2888 2244 2925 iri·

1207 2935 1326 2982 tellige
1353 2934 1554 2970 Antoniam
1580 2933 1873 2977 Druiiuxorem,
1903 2937 2098 2982 Liwlliiin,
2128 2949 2242 2987 quam

1209 2984 1305 3027 dixu,
1335 2984 1442 3020 filiam
1474 2982 1587 3021 Drusi.
1620 2995 1747 3033 utpore
1771 2987 1848 3034 Caji
1872 2986 2029 3024 Caesaris
2060 3001 2241 3034 uxorem,

1210 3038 1248 3072 a&
1271 3034 1463 3072 AEmiliam
1492 3034 1669 3080 Lepidam
1699 3036 1817 3073 Lucio
1842 3037 1981 3075 Caesari
2003 3039 2240 3084 dcliii-iatam,

1210 3097 1302 3133 quae
1326 3089 1359 3119 ὅ(
1383 3098 1490 3119 nurus
1508 3086 1664 3132 Caesnris
1688 3095 1875 3133 propterea
1907 3090 1941 3124 in
1977 3091 2087 3126 veteri
2121 3090 2242 3127 inscri-

1214 3137 1338 3182 ptione
1362 3135 1594 3182 Bergomenii
1618 3138 1823 3183 appellatur.
1862 3139 1939 3174 nati
1957 3151 2110 3188 nepotum
2136 3140 2240 3180 sunt,

1214 3198 1306 3233 quos
1333 3187 1511 3234 Augustus
1535 3187 1654 3222 videre
1678 3189 1816 3235 potuit,
1846 3190 2057 3226 Germanici
2076 3190 2173 3225 liberi
2197 3188 2236 3223 &

1216 3236 1346 3280 Drusi,
1373 3249 1530 3285 quor-im
1553 3247 1634 3273 ante
1658 3239 1837 3276 meminit.
1868 3241 1997 3276 l’li'ni'us
2023 3242 2079 3274 lib.
2101 3250 2117 3271 v
2161 3248 2240 3282 cap.

128 3291 294 3332 mortem
323 3283 477 3333 Augusti
503 3285 666 3335 primum
695 3287 769 3328 nati
797 3286 899 3327 fuere
920 3314 932 3335 ,
967 3287 1011 3328 de
1031 3289 1161 3339 quibus
1215 3299 1305 3328 xiii.
1332 3287 1460 3327 audior
1489 3287 1534 3324 eii
1554 3315 1563 3330 ‚
1589 3289 1788 3339 Augustum
1812 3301 1860 3330 eo
1878 3316 1890 3340 ,
1927 3301 2002 3339 quo
2029 3288 2152 3337 supre11
2173 3297 2239 3330 um

1402 3336 1574 3387 nadad
1597 3350 1623 3390 ἐ
2153 3336 2247 3389 ,obiit
