2495 3675
181 158 198 161 ”
250 171 355 230 544

402 339 504 394 550

258 586 414 637 piendae
441 588 624 628 luculenta
651 587 692 626 fit
719 585 861 624 mentio
890 583 952 621 sub
983 581 1099 631 ipsum
1119 579 1305 638 po'e‘matis

259 638 452 676 exordium
471 669 480 684 ‚
515 652 624 688 quam
655 636 927 685 expeditionem
953 645 1053 670 mors
1072 633 1153 681 CaJi
1176 630 1306 668 Caesa·

259 689 305 726 ris
326 692 508 728 continuo
532 691 578 727 eil
608 689 798 726 subsecuta.
842 685 1094 722 Naumachiae
1122 682 1308 729 spe&acu-

258 739 336 777 lum
360 741 396 776 ὅ(
428 753 525 778 mors
556 740 636 786 Caji
662 740 699 775 in
731 736 960 773 consulatum
989 735 1037 772 D.
1058 733 1177 772 Laelii
1208 733 1308 770 Balbi

261 789 308 826 C.
345 791 484 828 Antistii
519 791 661 826 Veteris
682 800 700 825 a
731 787 857 824 Dione
888 787 1084 824 confertur.
1138 785 1194 820 Ut
1224 785 1312 821 totis

260 841 455 888 quindenis
484 842 585 878 annis
613 839 781 887 scriptum
813 841 949 886 poema
972 837 1018 874 de
1051 843 1128 872 arte
1150 835 1314 872 Amato-

259 892 311 927 ria
335 891 484 928 Nasonis
507 891 769 939 relegationem
785 886 1022 936 praecesserit.
1049 887 1195 924 Heius.
1222 885 1313 924 Vid.

262 940 393 988 Scalig.
413 942 455 978 ad
478 942 606 978 Euseb.
626 952 707 989 pag.
729 951 812 986 175.

314 1005 396 1052 545.
426 1004 540 1050 Distat
562 1015 605 1044 (φ
633 1017 653 1040 a
675 1003 792 1040 meriti
809 1010 957 1051 tempore
971 1011 1076 1052 poena
1091 1000 1210 1051 suin]
1264 1002 1309 1039 In

261 1055 406 1099 multis,
435 1055 805 1105 admiffisui.Hers.
832 1060 869 1090 A
888 1054 1008 1090 merito
1018 1056 1081 1102 suo
1098 1054 1204 1101 prim.
1222 1053 1310 1091 edit.

262 1106 397 1143 meritis
407 1106 482 1153 suis
507 1107 656 1143 Putean.
678 1113 717 1143 ut
729 1115 873 1153 tempore
885 1102 1045 1142 absolute
1064 1114 1220 1151 ponatur
1243 1116 1310 1151 pro

262 1155 380 1205 longo
404 1165 573 1205 tempore
599 1185 608 1201 ‚
643 1164 683 1194 ut
714 1156 829 1204 saepe.
857 1167 977 1203 poena
1000 1154 1102 1192 distat
1125 1166 1144 1191 a
1176 1156 1310 1192 merito

260 1205 352 1251 suo,
386 1207 501 1255 longo
534 1218 715 1256 tempore.
752 1207 800 1244 ita
829 1206 938 1253 Epist.
963 1217 1014 1242 iv.
1041 1217 1122 1252 109.
1153 1211 1312 1253 Tempore

263 1257 352 1303 abest
365 1285 375 1301 ‚
390 1260 488 1295 malo
500 1258 678 1306 explicare
689 1269 799 1306 quarn
815 1268 899 1293 cum
913 1254 1083 1299 Heinsio,
1094 1264 1315 1303 opportune.

265 1309 351 1358 quia
375 1310 473 1346 enim
497 1309 558 1346 diu
577 1309 698 1346 aberat
731 1306 899 1346 Theseus
927 1306 1087 1344 Phaedra
1119 1306 1182 1343 sibi
1201 1306 1313 1344 licere

265 1359 482 1397 adulterium
514 1360 749 1397 committere
778 1358 890 1396 credit
911 1385 922 1403 ,
964 1359 1002 1395 ὃς
1022 1357 1108 1395 hinc
1126 1355 1226 1395 addit
1245 1368 1315 1394 vo-

265 1416 346 1447 tum
362 1438 372 1454 ,
408 1409 562 1460 absttque
583 1411 657 1448 diu.
683 1409 814 1447 Buam.

321 1486 405 1520 547.
434 1476 504 1523 Effe
523 1474 734 1525 remissum]
790 1474 871 1513 Esse
893 1473 1077 1523 abjerstum
1102 1501 1113 1517 ‚
1149 1473 1313 1518 humile,

269 1525 308 1562 δὲ
325 1525 512 1564 lascivum.
542 1528 706 1564 MERUL.
738 1526 825 1563 Hoc
845 1526 1017 1574 posterius
1039 1525 1190 1568 melius,
1218 1533 1257 1562 ut
1278 1524 1322 1563 fit

264 1577 471 1625 Rmnffum,
499 1577 597 1614 idem
620 1576 721 1625 quod
740 1578 914 1615 solutum.
950 1576 1008 1614 Sic
1021 1577 1123 1613 enirn
1145 1576 1322 1615 &mores

268 1625 407 1665 solutos
426 1628 596 1666 dicimus.
623 1630 798 1665 Miciru..

318 1691 404 1740 548.
433 1689 616 1739 Nostrae.]
646 1696 794 1727 Parvae
816 1690 963 1729 volebat
981 1690 1163 1729 Francius.

322 1766 406 1811 549.
435 1761 498 1792 Sex
517 1753 610 1804 ega]
639 1754 702 1792 Au
714 1762 833 1792 ratum
849 1754 969 1803 legere
981 1764 1049 1792 tres
1060 1781 1072 1800 ,
1100 1755 1236 1793 Douza
1248 1765 1318 1792 no-

269 1813 374 1844 tavit.

327 1884 412 1919 550.
440 1876 600 1922 Cumque
622 1871 684 1922 suo
706 1869 816 1917 finem
843 1871 954 1919 mense
985 1868 1315 1920 volumen‚habet.]

272 1920 347 1960 Sub
365 1921 478 1960 finem
500 1922 561 1959 lib.
588 1934 631 1958 11.
659 1921 749 1959 Fast.

326 1990 485 2034 Cumque
498 1986 562 2034 suo
574 1985 685 2033 finem
709 1988 819 2036 mense
839 1986 971 2024 libellus
993 1985 1107 2024 habet.

273 2049 399 2091 Posuit
419 2061 543 2090 autem
567 2052 730 2090 volumen
749 2065 815 2101 pro
838 2053 951 2091 libro:
979 2051 1027 2089 sic
1047 2052 1157 2091 infra.³

329 2134 419 2167 Sunt
445 2144 575 2180 quoque
603 2140 763 2168 mutatae
793 2140 843 2167 ter
876 2129 1028 2180 quinque
1049 2128 1232 2167 volumina
1245 2130 1324 2177 sbr-

455 2195 544 2220 mae.

278 2240 449 2286 ClorAN.
475 2251 539 2284 Suo
551 2245 663 2294 finem
683 2245 836 2284 carmine
855 2242 975 2295 mensis
995 2244 1096 2283 habet
1118 2257 1223 2285 unus.

330 2335 416 2371 ςςῐ.
446 2325 551 2375 quue
572 2335 629 2361 tuo
661 2334 764 2372 nuper
788 2326 953 2373 scriptum
968 2323 1034 2371 sub
1052 2324 1208 2368 nomine,
1237 2328 1326 2360 Cae*

276 2373 376 2422 fin]
416 2375 681 2413 Germanicum
714 2377 880 2424 intelligit
901 2376 1055 2412 Merula.
1082 2374 1142 2412 sed
1160 2386 1242 2412 cum
1265 2385 1325 2412 to-

277 2432 336 2462 tus
354 2425 415 2463 hic
432 2426 521 2463 liber
549 2427 593 2463 ad
615 2427 817 2474 Augustum
851 2426 892 2463 fit
914 2426 1061 2473 scriptus
1076 2453 1086 2469 ,
1114 2426 1205 2462 haec
1226 2437 1321 2473 quo-

277 2486 352 2523 que
371 2477 479 2514 verba
499 2477 544 2513 de
565 2477 730 2525 Augusto
752 2478 829 2525 capi
858 2478 989 2513 debere
1009 2477 1092 2524 jure
1119 2477 1199 2524 quis
1229 2487 1319 2513 con-

278 2526 459 2564 tenderet.
496 2528 749 2575 Amplissimus
768 2529 954 2575 Cuperus,
989 2538 1102 2575 quem
1124 2527 1319 2570 sollicitum

281 2576 435 2614 habebat
448 2578 505 2614 illa
525 2579 664 2615 locutio
678 2606 686 2620 ‚
703 2578 871 2627 scriprum
883 2578 950 2626 sub
962 2578 1098 2613 nomine
1112 2604 1120 2619 ‚
1133 2578 1326 2626 perliteras

280 2637 430 2665 mecum
451 2628 496 2666 de
527 2630 599 2666 hoc
619 2630 704 2666 loeo
731 2641 840 2677 ageris
855 2657 864 2673 ,
885 2628 1051 2665 credebat
1065 2628 1245 2665 Ovidium
1268 2628 1326 2665 sex

283 2675 471 2716 Fastorum
503 2679 611 2717 libros
639 2678 849 2723 absolvisse,
871 2688 1068 2726 antequam
1090 2680 1158 2715 iret
1179 2680 1217 2715 in
1251 2680 1328 2714 exi·

282 2725 398 2769 lium,
427 2729 485 2765 sed
517 2730 578 2767 illo
608 2731 849 2778 interruptum
880 2740 993 2776 opus,
1021 2740 1143 2775 neque
1172 2728 1329 2774 potuisse

284 2776 344 2814 sex
369 2778 525 2826 reliquos
557 2780 767 2823 absolvere,
797 2782 834 2817 δε
859 2780 954 2817 forte
977 2791 1023 2815 ne
1054 2779 1228 2815 inchoare
1248 2779 1330 2825 qui-

285 2825 372 2880 dem
389 2856 397 2870 ,
412 2830 448 2865 ὃ(
463 2830 591 2867 deinde
614 2843 696 2868 cum
714 2830 878 2879 Augusto
899 2839 1048 2867 mortuo
1069 2828 1218 2872 ederet,
1247 2841 1328 2866 mu-

287 2876 372 2916 tafle
393 2879 561 2922 initium,
586 2882 623 2918 &
645 2882 724 2917 illos
744 2881 968 2918 Germanico
991 2878 1238 2922 dedicasse‚in
1258 2891 1329 2927 qua

292 2929 472 2975 opinione
513 2931 619 2967 etiam
659 2932 800 2967 videtur
844 2930 914 2968 esse
961 2930 1017 2967 Cl.
1054 2929 1212 2967 Masson.
1242 2930 1330 2968 Vita

292 2978 407 3020 Qvid.
440 2978 483 3015 ad
506 2981 548 3016 A.
572 2981 620 3017 U.
643 2982 685 3017 C.
715 2993 875 3018 nccrix.
904 2981 963 3018 vel
994 2980 1189 3029 legendum
1212 2981 1332 3018 censet

291 3028 546 3076 Amplissimus
569 3032 644 3073 vir,
672 3032 837 3078 scriptum
862 3031 928 3079 sub
954 3032 1097 3067 numine
1118 3060 1128 3076 ‚
1155 3031 1192 3069 id
1220 3033 1268 3068 est
1295 3039 1332 3068 te

289 3087 432 3117 numen
461 3089 563 3116 tuum
591 3081 782 3128 praebente
811 3083 847 3117 &
881 3082 969 3119 mihi
1007 3083 1109 3119 vires.
1137 3092 1176 3119 ut
1202 3082 1334 3130 Virgil.

290 3141 364 3167 ΧΠ.
389 3129 476 3166 AEn.
505 3130 584 3167 180.
607 3134 740 3167 Cunissa
763 3141 820 3166 tuo
841 3132 899 3178 qui
920 3131 1028 3173 bella.
1054 3142 1172 3179 pater,
1192 3133 1259 3181 sub
1272 3146 1339 3169 nu-

293 3181 386 3217 mine
414 3191 566 3230 torques,
587 3183 692 3228 quia,
714 3193 756 3217 an
775 3182 919 3228 scribere
939 3181 1004 3227 sub
1028 3183 1165 3218 nomine
1194 3184 1340 3234 alicujus

289 3230 388 3268 redse
410 3231 549 3268 dicatur
563 3259 572 3275 ,
601 3231 794 3268 dubitabat.
815 3231 873 3269 sed
890 3259 899 3274 ‚
929 3233 1030 3280 quod
1049 3244 1136 3279 pace
1153 3233 1339 3272 ViriAm·

289 3281 544 3334 giliffimitunc
568 3281 747 3335 rescripsi,
774 3293 853 3322 non
880 3282 1088 3334 gerosiinile
1123 3283 1215 3335 mihi
1236 3285 1340 3338 vide:

780 145 842 202 P.
917 134 1324 199 OVIDII
1393 129 1924 190 NASONIS

543 251 650 307 Sex
674 265 776 322 ego
802 247 1078 302 Fastorum
1105 238 1278 311 sci-ipsi
1305 232 1644 303 totidemque
1671 232 1904 300 libellos;

613 323 865 397 Cumque
892 321 985 375 suo
1011 319 1172 373 finem
1197 308 1374 367 mense
1402 307 1656 362 volumen
1678 303 1852 361 habet.

2319 443 2400 500 Id-

1359 573 1464 612 batur
1486 567 1667 622 umquam
1693 571 1858 622 Augusto
1870 570 2048 610 dedicasse
2065 572 2187 613 Fastos
2201 604 2211 621 ,
2225 578 2309 627 quia
2324 582 2403 621 nul.

1360 626 1438 664 lum
1461 626 1538 675 ejus
1557 626 1608 662 rei
1632 625 1822 673 vestigium
1853 632 2001 671 apparet
2025 651 2035 667 ,
2069 625 2107 662 &
2135 638 2338 677 numquam
2357 633 2402 673 ad

1363 678 1568 725 Augurium
1591 677 1802 713 orationem
1825 675 1979 723 dirigat,
2007 675 2068 713 sed
2085 675 2129 713 ad
2142 677 2404 724 Germanicum

1364 729 1571 776 aliquoties.
1606 738 1729 775 neque
1749 754 1761 771 ,
1789 725 1814 763 fi
1839 735 1990 763 mortuo
2018 727 2185 774 Augusto
2215 733 2405 776 praefatio·

1366 790 1454 816 nem
1475 775 1665 821 mutasset,
1696 777 1923 814 Germanico
1942 776 2168 825 inscripsisset
2179 783 2405 826 carminasua

1368 828 1474 866 miser
1494 828 1614 870 exsul;
1644 839 1757 877 quem
1786 828 1943 865 Tiberio
1964 826 2153 866 successori
2177 830 2328 878 Augusti
2350 834 2404 874 in-

1367 879 1484 917 visum
1509 880 1547 916 δε
1579 879 1780 926 Γυῑρεέὶιιιτι
1806 878 1877 915 esse
1904 878 1991 915 scire
2019 887 2185 926 poterat,
2214 881 2272 919 sed
2287 886 2406 931 potius

1367 929 1432 978 ipfi
1454 930 1622 968 Tiberio.
1635 930 1691 966 CI.
1710 927 1912 967 Massonius
1932 930 1966 966 in
1983 930 2056 966 vita
2081 931 2210 968 Ovidii
2229 932 2274 970 ad
2291 934 2338 970 U.
2362 937 2406 978 C,

1367 992 1571 1019 nccrxru.
1594 982 1628 1022 §.
1654 993 1709 1018 ro.
1736 990 1837 1028 putat
1860 981 1972 1017 etiam
1992 992 2068 1017 non
2084 980 2282 1019 duodecim
2303 985 2409 1026 libros

1368 1029 1556 1070 absolvisse
1569 1031 1830 1074 Ovidium‚sed
1840 1029 2006 1078 scripfiffe
2018 1031 2077 1068 sex
2088 1031 2198 1070 libros
2211 1034 2406 1082 Fastorum,

1363 1082 1438 1120 hoc
1451 1083 1499 1120 est
1510 1111 1520 1127 ‚
1547 1094 1591 1119 ex
1606 1082 1712 1119 Fastis
1725 1109 1734 1124 ‚
1749 1082 1857 1119 &sex
1874 1082 1984 1120 libros
1997 1083 2081 1130 ‚qui
2102 1083 2191 1130 Fasti
2203 1084 2290 1122 dieti
2304 1114 2313 1130 ,
2327 1089 2411 1136 quia

1365 1134 1495 1171 iisdem
1520 1133 1656 1182 signata
1682 1141 1851 1179 tempora
1874 1133 1967 1170 fastis
1992 1132 2132 1170 tradsat.
2158 1146 2252 1183 quae
2279 1140 2410 1186 verba,

1365 1183 1391 1222 si
1417 1184 1515 1221 reete
1545 1184 1675 1231 capio,
1705 1183 1837 1221 volunt
1867 1183 1970 1220 illum
2002 1183 2062 1220 sex
2088 1184 2197 1222 libros
2224 1186 2414 1237 scripsisse,

1369 1235 1434 1282 qui
1454 1234 1664 1282 simpliciter
1694 1233 1769 1271 dies
1799 1234 1838 1271 ὅ(
1869 1244 1999 1270 eorum
2020 1234 2102 1282 jura
2121 1238 2412 1285 comprehende-

1371 1284 1481 1329 bant,
1512 1294 1551 1322 ut
1581 1293 1683 1322 erant
1706 1284 1796 1322 Fasti
1814 1296 1834 1321 a
1865 1283 2104 1322 Pontificibus
2134 1286 2210 1324 fieri
2231 1288 2348 1333 soliti,
2373 1293 2412 1332 δε
2443 1327 2445 1329 ,

1370 1336 1494 1384 quales
1523 1336 1637 1373 hodie
1667 1335 1853 1383 supersunt
1890 1336 1998 1373 etiam
2027 1335 2173 1374 diversis
2201 1342 2414 1388 exemplari·

1368 1386 1445 1424 bus.
1473 1388 1511 1424 &
1536 1385 1670 1424 deinde
1689 1386 1749 1424 sex
1779 1386 1890 1424 libros
1923 1387 2151 1431 carminum,
2177 1390 2306 1438 quibus
2324 1401 2417 1433 tem-

1368 1448 1459 1486 pora
1472 1465 1487 1482 ,.
1503 1448 1602 1486 quae
1621 1445 1728 1475 antea
1750 1437 1842 1475 fastis
1865 1436 1924 1474 vel
1941 1436 2067 1474 libellis
2088 1446 2231 1477 tantum
2256 1441 2416 1490 signave-

1374 1497 1450 1533 rat,
1478 1489 1606 1527 trafiat
1635 1489 1753 1526 latius.
1789 1488 1848 1526 sed
1877 1487 1998 1526 nescio
2030 1499 2076 1524 an
2105 1489 2234 1529 reete:
2265 1492 2290 1529 fi
2319 1495 2416 1536 enim

1374 1539 1538 1588 percipio
1573 1548 1739 1577 mentem
1770 1540 1837 1576 viri
1876 1538 2073 1577 doetiffimi
2095 1567 2106 1583 ,
2152 1541 2210 1579 illa
2239 1542 2417 1585 distinciio

1373 1590 1470 1628 nulla
1503 1589 1723 1629 auetoritate
1750 1591 1892 1628 nititur.
1934 1602 2021 1627 narn
2053 1601 2175 1638 neque
2205 1592 2253 1630 illi
2283 1596 2426 1643 prioresv

1377 1640 1455 1678 fasti
1485 1641 1666 1679 Ovidiani
1695 1641 1831 1678 exslant
1856 1669 1867 1685 ‚
1914 1653 2036 1689 neque
2066 1643 2258 1692 quisquam
2289 1658 2416 1687 eorum

1377 1692 1578 1730 meminit:
1601 1703 1726 1741 neque
1756 1692 1869 1729 video
1902 1693 1960 1730 cui
1981 1693 2083 1730 bono
2106 1693 2165 1731 ille
2186 1695 2307 1740 labor,
2335 1709 2417 1739 cum

1375 1741 1525 1780 haberet
1556 1742 1663 1780 fastos
1698 1742 1862 1791 vulgares
1892 1744 1928 1780 &
1955 1743 2166 1791 pontificios
2188 1774 2198 1788 ,
2227 1758 2271 1784 ex
2293 1749 2419 1796 quibus

2487 532 2489 543 l

2487 545 2490 563 l

1372 1801 1516 1841 poterat
1540 1793 1623 1841 jura
1652 1793 1795 1831 dierum
1824 1793 1991 1837 sumere,
2020 1795 2057 1830 ὃ(
2077 1798 2238 1834 carmine
2266 1799 2422 1839 celebra·
2494 1785 2495 1829 ἶ

1374 1855 1412 1881 re
1427 1872 1437 1889 ,
1466 1843 1614 1891 &quasi
1636 1845 1909 1882 commentario
1932 1843 2112 1883 illustrare.
2139 1858 2262 1897 neque
2279 1850 2346 1888 alia
2365 1852 2429 1892 in-.

1374 1894 1420 1933 de
1440 1895 1554 1943 gloria
1568 1895 1710 1933 Ovidio
1725 1902 1915 1939 maneret,
1927 1907 2038 1944 quam
2055 1923 2064 1938 ,
2082 1897 2105 1933 si
2117 1900 2196 1946 quis
2217 1900 2330 1938 hodie
2347 1902 2422 1942 vel-

1371 1945 1422 1983 let
1450 1946 1557 1983 fastos
1583 1946 1724 1984 nostros
1753 1947 1916 1983 carmine
1942 1946 2140 1985 describere
2168 1951 2206 1986 ὅ(
2230 1950 2419 1998 illustrare,

1373 2005 1481 2034 antea
1509 2008 1652 2034 novum
1685 1996 1946 2034 Kalendarium
1968 2025 1978 2040 ,
2023 1997 2097 2035 sive
2126 2001 2193 2045 (ut
2221 1994 2429 2054 vocamus)

1374 2047 1648 2085 Almanachum
1665 2048 1820 2091 faceret,
1841 2048 1904 2095 qui
1920 2047 2020 2085 labor
2038 2049 2174 2087 inutilis
2186 2052 2292 2090 foret.
2318 2054 2423 2092 Prae-

1378 2106 1477 2136 terea
1496 2109 1580 2136 cum
1602 2099 1638 2135 in
1659 2099 1787 2136 animo
1816 2099 1965 2136 haberet
1996 2098 2196 2139 duodecim
2216 2102 2310 2141 libris
2331 2116 2434 2153 opus,
2494 2105 2495 2110 ’

1378 2149 1482 2187 suum
1503 2149 1690 2186 absolvere
1712 2161 1778 2198 pro
1801 2161 1959 2187 numero
1980 2150 2184 2195 menfium,
2212 2162 2309 2190 certe
2327 2156 2434 2202 prio-⁹

1380 2211 1435 2237 res
1462 2200 1570 2236 fastos
1588 2199 1789 2237 duodecim
1818 2200 1912 2236 libris
1933 2199 2169 2247 consignasset
2189 2228 2198 2242 ,
2218 2202 2256 2238 &
2277 2203 2324 2240 ita
2345 2217 2428 2246 non.

1381 2249 1499 2300 posset
1518 2249 1589 2287 dici
1609 2249 1667 2286 sex
1692 2249 1896 2287 &totidem
1909 2249 2018 2286 libros
2039 2248 2203 2298 scripsisse
2218 2280 2228 2295 ,
2250 2252 2309 2290 sed
2329 2254 2424 2293 duo-

1381 2301 1502 2339 decim
1517 2328 1527 2345 ,
1548 2301 1586 2338 ὃ(
1601 2300 1771 2337 totidem.
1795 2300 1887 2336 adde
1907 2300 2010 2348 quod
2030 2300 2087 2338 illa
2108 2301 2250 2339 locutio
2270 2304 2427 2346 Poetica-

1368 2353 1435 2400 sex
1461 2353 1498 2390 &
1529 2350 1672 2388 totidem
1700 2350 1803 2387 libros
1832 2351 2031 2396 Fastorum,
2063 2363 2140 2389 non
2171 2353 2272 2391 aliter
2304 2357 2427 2404 potest-

1380 2404 1482 2451 capi,
1511 2403 1575 2440 nisi
1597 2402 1642 2439 de
1660 2402 1755 2440 libris
1774 2402 1939 2449 ejusdem
1963 2404 2186 2449 argumenti,
2217 2416 2301 2443 nam
2322 2408 2427 2447 idem·
2493 2425 2495 2428 ⁴

1379 2462 1484 2492 notat
1495 2453 1598 2502 quod
1610 2453 1808 2491 duodecim
1824 2453 1932 2490 libros
1948 2452 2150 2498 Fastorum,
2162 2456 2420 2505 &exemplum

1381 2505 1571 2549 desidero,
1598 2505 1659 2542 ubi
1689 2515 1865 2541 numerus
1895 2503 2020 2552 aliquis
2049 2504 2203 2543 Poetico
2231 2518 2335 2545 more
2357 2509 2427 2547 du-'

1380 2557 1531 2604 plicatus
1544 2584 1554 2600 ‚
1583 2556 1642 2593 vel
1660 2555 1855 2603 triplicatus
1869 2582 1878 2599 ,
1906 2555 1952 2591 de
1972 2555 2132 2592 diversae
2151 2559 2324 2596 materiae
2336 2571 2423 2608 ope-

1380 2607 1476 2644 ribus
1499 2606 1614 2655 poflet
1633 2608 1724 2652 capi.
1752 2616 1843 2653 puto
1875 2616 1963 2653 ergo
1992 2617 2116 2643 revera
2146 2606 2312 2655 scripsisse
2331 2610 2424 2648 duo·

1383 2657 1503 2694 decim
1527 2658 1564 2693 &
1601 2659 1712 2693 etiam
1745 2654 1956 2699 absolvisse,
2000 2656 2127 2705 (quod
2147 2659 2290 2705 probari
2312 2662 2422 2700 etiam
2494 2682 2495 2690 κ

1384 2707 1502 2755 potest
1530 2719 1578 2743 ex
1613 2708 1740 2743 Servio
1775 2708 1819 2744 ad
1853 2707 1956 2755 Virg.
1987 2707 2124 2754 Georg.
2150 2720 2177 2745 1.
2205 2721 2262 2757 34.
2299 2712 2355 2749 ubi
2376 2722 2420 2750 ex

1386 2757 1516 2795 Ovidii
1536 2757 1642 2794 Fastis
1660 2757 2226 2807 dicitQuinCtilem&Sextilem
2244 2761 2278 2797 in
2291 2762 2424 2808 Julium
2494 2724 2495 2808 l

1387 2810 1424 2845 ὃς
1442 2809 1647 2856 Augustum
1670 2808 1856 2855 mutatos)
1883 2807 1942 2844 sed
1964 2816 2002 2844 ut
2020 2807 2178 2852 solebat,
2207 2811 2316 2849 subita
2336 2824 2426 2861 ope·
2494 2813 2495 2834 ³

1386 2869 1420 2895 ra
1435 2886 1447 2903 ‚
1476 2861 1513 2896 ὃς
1533 2871 1574 2897 ea
1599 2869 1724 2898 mente
1747 2858 1918 2907 utpostea
1930 2858 2165 2897 emendaret:
2194 2873 2288 2909 quae
2301 2874 2424 2901 emen-

1385 2909 1487 2947 datio
1508 2921 1592 2947 cum
1614 2910 1771 2947 desuerit
1787 2910 1878 2951 ,hoc
1896 2918 2026 2952 vocat,
2045 2909 2174 2955 fhrtem
2197 2913 2309 2960 rupisJe
2327 2923 2427 2962 opus,
2494 2902 2495 2950 i

1387 2960 1489 3008 quod
1502 2972 1579 2996 non
1602 2969 1707 2997 notat
1721 2987 1731 3001 ,
1751 2959 1809 2996 sex
1822 2967 1965 2995 tantum
1978 2959 2074 2996 libris
2096 2961 2262 2999 absolutis
2285 2975 2367 3001 curn
2386 2965 2422 3001 in
2494 2964 2495 2996 l

1388 3011 1539 3047 exilium
1560 3011 1647 3053 iret,
1677 3009 1835 3056 reliquos
1863 3009 1922 3046 sex
1952 3021 2028 3046 non
2049 3011 2245 3049 inchoasse.
2271 3012 2330 3050 sed
2350 3025 2426 3051 non

1388 3061 1587 3108 perpolitos
1606 3060 1804 3108 evulgafle;
1837 3061 1971 3097 eodem
1991 3061 2091 3096 enim
2115 3072 2332 3109 argumento
2350 3065 2427 3112 quis
2494 3050 2495 3099 l

1395 3110 1554 3148 efficeret
1576 3111 1693 3157 plures
1714 3111 1927 3159 quindecim
1959 3110 2310 3157 Metamorphosemn
2337 3114 2431 3152 librjg
2494 3116 2495 3144 l

1392 3159 1558 3208 scripsisse
1578 3161 1778 3198 Nasonem.
1806 3172 1891 3197 nam
1915 3159 2011 3196 &de
2033 3159 2099 3197 illis
2119 3162 2205 3201 dicit
2225 3164 2360 3202 xTrist.
2370 3165 2405 3202 6.

1445 3224 1573 3272 Infelix
1594 3225 1728 3262 domim·
1746 3225 1836 3273 quod
1848 3225 1941 3270 fuga
1966 3221 2057 3269 rupit
2080 3232 2167 3269 opus.

1394 3288 1435 3341 hi
1459 3296 1585 3342 tamen
1616 3287 1749 3338 integri
1782 3285 1827 3327 ad
1846 3297 1917 3326 nos
1934 3294 2203 3336 pervenerunt,
2228 3289 2313 3329 licet
2330 3299 2432 3329 curae

2380 3339 2441 3390 se:

2395 3407 2402 3447 l
