2495 3675
376 188 939 247 EPISTOLARUM
974 186 1083 245 EX
1121 186 1406 247 PONTO.
1447 183 1566 246 Lm.
1606 190 1700 250 IV.
1742 191 1922 250 Emsr.
1963 194 2036 249 X.

2191 190 2292 256 883

382 326 385 327 ν
435 284 541 341 Sed
571 284 909 356 praestandus
931 299 1112 345 amor,
1151 299 1234 336 res
1262 297 1372 335 non
1398 281 1618 352 operosa
1646 283 1861 339 volenti.

513 358 649 431 Quis
677 358 822 412 labor
849 356 924 411 est
947 371 1134 427 puram
1160 371 1269 410 non
1295 352 1568 409 temerasse
1597 353 1793 409 fidem?

398 473 402 476 -
435 430 593 485 Haec
621 431 744 494 tibi,
780 429 873 502 qui
902 428 1095 500 perstas
1121 426 1473 481 indeclinatus
1502 428 1674 481 amico
1693 466 1708 490 ‚

507 504 634 559 Non
658 505 731 559 est
756 503 905 575 quod
930 502 1108 572 lingua
1131 499 1269 553 dieta
1295 514 1556 572 querente
1584 514 1751 572 putes,

320 650 471 662 “·“-“
499 652 543 681 &¹
564 642 723 679 conditur
742 640 766 678 ιὶ
786 651 818 679 te

199 689 259 727 Vir
278 700 378 728 tanto
391 720 401 736 ‚
430 704 560 738 quanto
580 693 698 730 debuit
716 706 769 728 ore
787 691 875 729 cani.

146 757 343 803 quomodo
360 758 438 806 jam
460 757 616 806 Scaliger
645 768 688 794 ex
710 766 810 805 parte
834 757 1055 806 conjecerat.
1086 755 1184 794 reste

145 807 316 845 conditur.
356 820 433 845 non
477 810 575 846 enim
617 808 762 846 videtur
798 806 996 845 absolviffe.
1041 809 1185 846 Hfims.

66 883 72 888 .
147 855 308 896 Coaclus
326 867 450 896 tamen
470 859 546 897 sum
568 870 746 906 reponere
758 859 912 895 conditus
934 868 1081 906 propter
1094 859 1185 897 istud

147 907 274 946 debuit.
303 910 437 957 Neque
459 921 550 948 vero
575 910 666 947 mihi
686 909 720 946 se
741 908 868 956 probat
892 909 934 944 τὸ
956 910 1016 945 vir
1037 911 1086 947 ita
1108 910 1185 947 col·

143 957 321 997 locatum.
350 961 484 1009 Neque
511 959 719 997 Ber-smanni
749 959 1092 1006 interpretationem
1122 960 1186 998 ad-

143 1010 265 1047 mitto.
293 1011 356 1060 qui
384 1009 534 1048 credidit
558 1009 623 1045 vix
644 1018 745 1045 tanto
767 1010 847 1057 capi
866 1008 998 1047 debere
1019 1022 1086 1058 pro
1107 1024 1185 1048 ma-

139 1060 225 1106 jore.
245 1060 292 1098 fic
309 1062 416 1109 igitur
444 1059 651 1107 distinguo,
681 1059 746 1096 Vix
776 1070 877 1096 tanto
902 1088 912 1105 ,
949 1071 1105 1110 quantus
1126 1062 1185 1099 de·

143 1108 244 1154 buit,
273 1124 325 1147 ore
355 1109 442 1147 cam'.
471 1110 509 1148 ὃ(
531 1111 771 1159 interpretor,
785 1109 805 1148 a
829 1119 865 1148 te
886 1111 1054 1150 conditus
1068 1141 1079 1156 ,
1099 1113 1185 1152 licet

145 1161 179 1197 ei
202 1167 301 1198 tanta
322 1172 396 1198 vox
418 1171 534 1210 osque
562 1169 638 1199 tam
660 1172 794 1210 magna
815 1162 946 1200 sonans
967 1163 1186 1213 contigerit,

144 1210 208 1247 vix
229 1220 385 1260 quantus
415 1213 494 1249 cani
515 1211 652 1250 debuit.
678 1221 801 1250 totum
832 1222 955 1250 autem
977 1213 1103 1252 locum
1119 1243 1132 1261 ,
1161 1215 1186 1254 fi

145 1269 286 1299 mutare
307 1262 391 1300 licet
419 1264 562 1311 apicem
597 1274 713 1301 unum
746 1272 808 1301 aut
830 1264 1010 1311 alterum,
1039 1265 1086 1304 fic
1106 1278 1185 1305 ma·

142 1310 207 1349 lim
221 1339 232 1356 ‚

192 1378 269 1428 §Qui
286 1391 490 1428 quanquam
507 1379 550 1427 est
562 1380 671 1427 fabiis
690 1380 807 1429 ingens
820 1407 831 1425 ‚
857 1391 902 1421 co·
927 1380 1088 1421 conditur
1107 1381 1132 1421 ιὶ
1153 1392 1185 1422 te

248 1429 311 1467 Vix
331 1441 452 1476 tanto,
481 1442 636 1483 quantus
656 1430 798 1478 debeat,
825 1445 878 1470 ore
897 1432 989 1471 cani.

1245 639 1424 677 Aucroa
1455 638 1606 677 Ειεςτ.
1636 640 1766 678 ΕτοΝ.
1815 639 2000 678 Theseida
2032 638 2163 687 scripsit
2189 640 2281 677 inter

1244 691 1407 727 Graecos
1431 690 1656 728 Nicostratus
1672 719 1681 735 ,
1713 700 1751 728 ut
1771 690 1859 740 legit
1879 691 1956 742 ejus
1979 691 2119 729 Poetae
2141 702 2281 727 nomen

1243 742 1441 790 Menagius
1457 741 1502 779 ad
1524 742 1649 779 Laert.
1669 754 1716 780 11.
1739 754 1796 790 59.

1296 817 1355 853 77.
1383 803 1531 854 Nobis.]
1563 804 1659 842 Vobis
1679 806 1786 844 Leid.

1266 871 1493 962 .78·l..¹”q“‘
1505 872 1616 922 fide]
1655 873 1775 912 Fidem
1807 874 1844 912 P.
1866 873 1962 913 Dan.
1991 875 2084 924 Reg.
2106 873 2145 911 &
2164 874 2282 918 trede÷

1241 933 1313 960 clm
1336 937 1354 962 a
1371 936 1408 962 11.

1297 986 1363 1028 80.
1388 989 1453 1027 Vix
1480 988 1534 1025 im
1553 987 1738 1039 pervius]
1775 968 1926 1028 Re'ffius
1939 1017 1951 1035 ,
1971 988 2036 1027 uni
2061 990 2098 1027 in
2119 987 2282 1031 nonma-v

1241 1037 1296 1076 lis.
1325 1040 1470 1078 Hems.

1243 1103 1353 1193 N81.
1382 1110 1444 1141 Res
1481 1117 1550 1141 non
1587 1102 1761 1153 onerosa.]
1828 1104 1971 1155 operosa
2007 1105 2045 1142 in
2086 1103 2287 1142 nonnullis

1285 1166 1435 1193 ausen.

1297 1218 1360 1268 83.
1390 1227 1481 1258 Haec
1501 1219 1564 1257 tibi
1585 1219 1646 1269 qui
1662 1219 1851 1270 praestas.]
1881 1220 2063 1268 Perstasin
2083 1219 2287 1258 nonnulliss

1244 1269 1432 1308 NAUGER.
1462 1272 1563 1319 Qae
1580 1271 1729 1318 praestas
1747 1272 1894 1318 Junian.
1917 1277 1996 1308 Non
2018 1271 2209 1309 inclinatus
2229 1282 2281 1319 pr.

1242 1318 1314 1359 Ed.
1338 1323 1375 1360 δε
1397 1331 1558 1371 quatuor
1577 1322 1711 1369 scripti.
1739 1334 1805 1358 non
1828 1320 2035 1370 dedignatus
2053 1334 2157 1360 unus.

1292 1385 1351 1430 84.
1379 1383 1593 1434 Qerente.]
1650 1384 1948 1433 TrementePolit.
1970 1385 2007 1424 ὃς
2028 1384 2126 1425 Edit.
2151 1380 2285 1433 Micylffj¹

1241 1434 1385 1486 Gryph.
1404 1438 1443 1475 ὃς
1466 1435 1603 1474 Bersm.

779 1671 1475 1741 EPISTOLA
1580 1675 1697 1740 XI.

480 1851 1934 1940 *GALLIONL

566 2108 738 2173 Allio,
778 2111 984 2165 crimen
1011 2111 1112 2165 erit
1136 2113 1227 2167 vix
1251 2110 1545 2165 excusabile
1571 2111 1756 2174 nobis,

637 2183 893 2238 Carmine
918 2196 971 2237 te
999 2201 1198 2239 nomen
1228 2201 1337 2238 non
1361 2183 1590 2238 habuisse
1616 2185 1756 2239 meo.

429 2254 522 2308 Tu
546 2273 764 2326 quoque
789 2256 931 2309 enim
965 2258 1258 2325 (memini)
1298 2257 1510 2311 coelesti
1537 2257 1753 2330 cuspide
1779 2255 1915 2311 facia.

512 2325 554 2379 F
557 2326 707 2380 ovisti
732 2328 959 2382 lacrimis
998 2330 1214 2383 vulnera
1240 2329 1412 2384 nostra
1442 2330 1561 2384 tuis,

294 2415 324 2466 5
437 2399 623 2469 Atque
647 2399 878 2464 utinam,
915 2402 1050 2474 rapti
1069 2402 1269 2473 jaciura
1294 2403 1454 2456 laesus
1479 2402 1668 2465 amici,

509 2470 749 2527 Senfiffes
775 2475 942 2539 ultra,
983 2476 1132 2548 quod
1161 2493 1477 2547 quererere,
1515 2475 1673 2529 nihil!

434 2541 562 2598 Non
588 2544 658 2598 ita
683 2544 780 2600 Dis
807 2548 1030 2618 placuit,
1068 2549 1159 2621 qui
1187 2563 1240 2602 te
1267 2548 1486 2618 spoliare
1513 2548 1708 2618 pudica

510 2615 757 2691 Conjuge
783 2620 1027 2677 crudeles
1051 2639 1162 2678 non
1185 2621 1415 2677 habuere
1439 2621 1604 2676 nefaS.

2136 2747 2289 2804 Num

206 2881 227 2905 *¹
256 2879 500 2932 Cimone]
529 2881 656 2929 Junius
672 2882 793 2920 Gallio
814 2882 930 2923 dietus
952 2888 1023 2934 est,
1053 2888 1080 2925 is
1098 2886 1189 2926 ado·
1244 2885 1283 2923 ni
1294 2885 1357 2934 suo
1377 2886 1484 2924 valde
1502 2885 1668 2936 placuisse.
1695 2883 1929 2925 vid.Reines.
1949 2884 1992 2924 ad
2017 2884 2106 2924 Insc.
2120 2885 2292 2936 Cl.1.994

152 2934 268 2981 ptavit
288 2934 343 2970 M.
367 2934 562 2971 Annaeum
588 2934 777 2972 Novatum
795 2963 803 2977 ‚
832 2935 991 2977 Senecae
1014 2942 1159 2977 fratrem
1175 2967 1187 2983 ‚

156 2984 219 3030 qui
244 2995 288 3019 ex
308 2983 371 3021 illo
391 2985 519 3031 Junius
553 2984 675 3021 Gallio
699 2985 745 3022 est
765 2985 895 3025 did-us.
940 2987 1184 3026 Eusebianum

161 3033 375 3071 Chronicon
404 3035 442 3072 Β.
472 3035 724 3083 Hieronymi,
752 3036 889 3081 Junius
916 3039 1056 3083 Gallio,
1077 3042 1188 3085 frater

159 3088 297 3119 Senecae
310 3111 321 3128 ,
339 3086 485 3133 egregius
498 3085 742 3130 Declamator,
757 3087 890 3135 propria
905 3089 943 3138 se
963 3103 1071 3126 manu
1083 3092 1192 3127 inter-

150 3133 248 3180 fecit.
275 3134 382 3173 refert
401 3138 446 3175 ad
468 3137 626 3174 eundem
649 3149 810 3182 annum,
836 3151 913 3188 quo
939 3141 1109 3179 Lucanus
1128 3153 1193 3178 oc-

163 3184 300 3222 cubuit.
336 3188 435 3233 atqui
458 3187 670 3226 Gallionem
706 3189 864 3226 Senecae
895 3190 1117 3239 superstitem
1142 3193 1196 3229 fa·

1242 2949 1323 2985 pag.
1349 2949 1433 2986 137.
1460 2938 1593 2976 Burm-

1298 3029 1329 3056 1.
1356 3018 1500 3068 Nom]
1533 3016 1694 3062 Nostrum
1717 3017 1756 3054 P.
1775 3016 1872 3054 Dan.
1896 3027 1963 3052 non
1984 3027 2052 3052 exc.
2073 3013 2260 3062 prim.Ed.

1300 3095 1333 3134 3.
1361 3083 1539 3133 Caelesti.]
1598 3083 1758 3131 coelestia
1786 3084 1933 3130 Junian.
1970 3093 2010 3120 tu
2040 3094 2169 3131 quoque
2198 3089 2283 3114 nam

1237 3136 1289 3190 ‘'P.
1311 3136 1405 3173 Dan.

1303 3208 1336 3241 7.
1366 3203 1446 3233 Non
1477 3197 1528 3234 ita
1553 3195 1808 3246 Displacuit.]
1864 3196 1935 3233 Dis
1962 3195 2076 3247 visu-m
2106 3199 2174 3226 tres
2194 3189 2287 3226 libri.

163 3236 213 3272 cit
234 3234 399 3272 Tacitus.
425 3237 569 3275 HmNs.
605 3239 750 3275 Pollioni
785 3240 955 3278 Francos.
975 3242 1080 3279 male.
1108 3255 1194 3280 nam
1252 3254 1292 3284 ut
1319 3248 1453 3295 Virgil.
1484 3260 1527 3285 11.
1556 3247 1705 3285 sfineid,
1733 3261 1799 3284 non
1831 3247 1882 3284 ita
1915 3245 1982 3282 Εἰς
2013 3246 2139 3282 visum.
2162 3241 2198 3275 8<
2228 3239 2286 3275 su-

166 3285 376 3323 Gallionem
403 3286 614 3325 familiarem
636 3288 739 3327 fuifl‘e
754 3291 889 3328 Nasoni
904 3301 1050 3340 apparet
1068 3305 1113 3330 ex
1134 3294 1197 3331 Se-

164 3347 279 3375 necae
303 3348 329 3374 1.
353 3336 493 3376 Suasor.
522 3336 601 3377 haec
627 3350 745 3379 autem
776 3341 908 3380 dicebat
937 3343 1052 3395 Gallie
1082 3348 1194 3394 Καρ-

1252 3309 1317 3357 pra
1338 3298 1469 3338 Noster
1489 3299 1526 3338 δί
1545 3298 1668 3347 paffim
1690 3298 1838 3338 Poetae.
1867 3308 1898 3335 tc
1917 3307 1982 3332 non
1995 3291 2139 3341 spoliare
2154 3289 2285 3326 Bersm.

1249 3348 1348 3388 heht.
2094 3403 2150 3440 κς.
2182 3395 2286 3429 Dum
