<?xml version="1.0" encoding="UTF-8"?>
<!DOCTYPE html PUBLIC "-//W3C//DTD XHTML 1.0 Transitional//EN"
    "http://www.w3.org/TR/xhtml1/DTD/xhtml1-transitional.dtd">
<html xmlns="http://www.w3.org/1999/xhtml" xml:lang="en" lang="en">
 <head>
  <title>
</title>
<meta http-equiv="Content-Type" content="text/html;charset=utf-8" />
  <meta name='ocr-system' content='tesseract 3.04.00' />
  <meta name='ocr-capabilities' content='ocr_page ocr_carea ocr_par ocr_line ocrx_word'/>
</head>
<body>
  <div class='ocr_page' id='page_1' title='image "./publiiovidiinaso03ovid_0853.png"; bbox 0 0 2495 3675; ppageno 0'>
   <div class='ocr_carea' id='block_1_1' title="bbox 426 142 2074 210">
    <p class='ocr_par' dir='ltr' id='par_1_1' title="bbox 426 142 2074 210">
     <span class='ocr_line' id='line_1_1' title="bbox 426 142 2074 210; baseline 0 -3"><span class='ocrx_word' id='word_1_1' title='bbox 426 147 993 210; x_wconf 75' lang='lat' dir='ltr'><strong>EPISTULARUM</strong></span> <span class='ocrx_word' id='word_1_2' title='bbox 1029 148 1136 207; x_wconf 86' lang='lat' dir='ltr'><strong>EX</strong></span> <span class='ocrx_word' id='word_1_3' title='bbox 1177 142 1462 203; x_wconf 89' lang='lat' dir='ltr'><strong>PONTO.</strong></span> <span class='ocrx_word' id='word_1_4' title='bbox 1501 146 1622 203; x_wconf 78' lang='lat' dir='ltr'><strong>Lm.</strong></span> <span class='ocrx_word' id='word_1_5' title='bbox 1661 147 1740 205; x_wconf 92' lang='lat' dir='ltr'><strong>III.</strong></span> <span class='ocrx_word' id='word_1_6' title='bbox 1781 149 1958 206; x_wconf 77' lang='lat' dir='ltr'><strong>Emsr.</strong></span> <span class='ocrx_word' id='word_1_7' title='bbox 2000 150 2074 210; x_wconf 89' lang='lat' dir='ltr'><strong>V.</strong></span> 
     </span>
    </p>
   </div>
   <div class='ocr_carea' id='block_1_2' title="bbox 302 246 1966 1708">
    <p class='ocr_par' dir='ltr' id='par_1_2' title="bbox 302 246 1966 1708">
     <span class='ocr_line' id='line_1_2' title="bbox 449 246 1966 327; baseline -0.007 -19"><span class='ocrx_word' id='word_1_8' title='bbox 449 253 608 308; x_wconf 82' lang='lat' dir='ltr'><strong>Plura</strong></span> <span class='ocrx_word' id='word_1_9' title='bbox 633 253 721 309; x_wconf 86' lang='lat' dir='ltr'><strong>sed</strong></span> <span class='ocrx_word' id='word_1_10' title='bbox 750 253 881 307; x_wconf 84' lang='lat' dir='ltr'><strong>haec</strong></span> <span class='ocrx_word' id='word_1_11' title='bbox 908 251 1013 305; x_wconf 89' lang='lat' dir='ltr'><strong>feci</strong></span> <span class='ocrx_word' id='word_1_12' title='bbox 1038 247 1333 321; x_wconf 86' lang='lat' dir='ltr'><strong>relegendo</strong></span> <span class='ocrx_word' id='word_1_13' title='bbox 1360 246 1541 318; x_wconf 80' lang='lat' dir='ltr'><strong>saepe3</strong></span> <span class='ocrx_word' id='word_1_14' title='bbox 1581 263 1682 299; x_wconf 90' lang='lat' dir='ltr'><strong>nec</strong></span> <span class='ocrx_word' id='word_1_15' title='bbox 1708 262 1966 327; x_wconf 73' lang='lat' dir='ltr'><strong>umquam</strong></span> 
     </span>
     <span class='ocr_line' id='line_1_3' title="bbox 525 319 1836 396; baseline -0.008 -14"><span class='ocrx_word' id='word_1_16' title='bbox 525 328 651 382; x_wconf 91' lang='lat' dir='ltr'><strong>Non</strong></span> <span class='ocrx_word' id='word_1_17' title='bbox 681 327 836 387; x_wconf 88' lang='lat' dir='ltr'><strong>mihi,</strong></span> <span class='ocrx_word' id='word_1_18' title='bbox 879 341 1038 396; x_wconf 82' lang='lat' dir='ltr'><strong>quam</strong></span> <span class='ocrx_word' id='word_1_19' title='bbox 1063 324 1265 394; x_wconf 87' lang='lat' dir='ltr'><strong>prim0‚</strong></span> <span class='ocrx_word' id='word_1_20' title='bbox 1307 334 1452 392; x_wconf 83' lang='lat' dir='ltr'><strong>gra-ta</strong></span> <span class='ocrx_word' id='word_1_21' title='bbox 1476 319 1627 374; x_wconf 88' lang='lat' dir='ltr'><strong>fuere</strong></span> <span class='ocrx_word' id='word_1_22' title='bbox 1653 333 1836 387; x_wconf 73' lang='lat' dir='ltr'><strong>magis.</strong></span> 
     </span>
     <span class='ocr_line' id='line_1_4' title="bbox 451 390 1871 473; baseline -0.009 -17"><span class='ocrx_word' id='word_1_23' title='bbox 451 399 704 473; x_wconf 83' lang='lat' dir='ltr'>Cumque</span> <span class='ocrx_word' id='word_1_24' title='bbox 730 398 858 454; x_wconf 84' lang='lat' dir='ltr'><strong>nihil</strong></span> <span class='ocrx_word' id='word_1_25' title='bbox 891 397 1051 450; x_wconf 80' lang='lat' dir='ltr'><strong>toties</strong></span> <span class='ocrx_word' id='word_1_26' title='bbox 1079 395 1211 448; x_wconf 55' lang='lat' dir='ltr'><strong>lensia</strong></span> <span class='ocrx_word' id='word_1_27' title='bbox 1240 393 1270 447; x_wconf 80' lang='lat' dir='ltr'><strong>e</strong></span> <span class='ocrx_word' id='word_1_28' title='bbox 1298 393 1586 447; x_wconf 83' lang='lat' dir='ltr'><strong>dulcedine</strong></span> <span class='ocrx_word' id='word_1_29' title='bbox 1612 390 1871 463; x_wconf 78' lang='lat' dir='ltr'><strong>perdant,</strong></span> 
     </span>
     <span class='ocr_line' id='line_1_5' title="bbox 528 466 1712 535; baseline -0.009 -6"><span class='ocrx_word' id='word_1_30' title='bbox 528 474 744 528; x_wconf 86' lang='lat' dir='ltr'>Viribus</span> <span class='ocrx_word' id='word_1_31' title='bbox 770 472 857 525; x_wconf 84' lang='lat' dir='ltr'><strong>illa</strong></span> <span class='ocrx_word' id='word_1_32' title='bbox 882 468 1016 530; x_wconf 89' lang='lat' dir='ltr'><strong>suis,</strong></span> <span class='ocrx_word' id='word_1_33' title='bbox 1053 484 1162 521; x_wconf 91' lang='lat' dir='ltr'><strong>non</strong></span> <span class='ocrx_word' id='word_1_34' title='bbox 1184 466 1448 526; x_wconf 80' lang='lat' dir='ltr'><strong>novitate,</strong></span> <span class='ocrx_word' id='word_1_35' title='bbox 1485 467 1712 535; x_wconf 81' lang='lat' dir='ltr'><strong>placent.</strong></span> 
     </span>
     <span class='ocr_line' id='line_1_6' title="bbox 305 534 1814 619; baseline -0.005 -21"><span class='ocrx_word' id='word_1_36' title='bbox 305 559 367 617; x_wconf 81' lang='lat'><strong>15</strong></span> <span class='ocrx_word' id='word_1_37' title='bbox 451 545 688 609; x_wconf 87' lang='lat' dir='ltr'><strong>Felices,</strong></span> <span class='ocrx_word' id='word_1_38' title='bbox 723 544 913 617; x_wconf 86' lang='lat' dir='ltr'><strong>quibus</strong></span> <span class='ocrx_word' id='word_1_39' title='bbox 939 541 1070 594; x_wconf 81' lang='lat' dir='ltr'><strong>haec</strong></span> <span class='ocrx_word' id='word_1_40' title='bbox 1095 539 1209 610; x_wconf 92' lang='lat' dir='ltr'><strong>ipso</strong></span> <span class='ocrx_word' id='word_1_41' title='bbox 1237 538 1563 619; x_wconf 76' lang='lat' dir='ltr'><strong>cognoscere</strong></span> <span class='ocrx_word' id='word_1_42' title='bbox 1588 539 1641 592; x_wconf 89' lang='lat' dir='ltr'><strong>in</strong></span> <span class='ocrx_word' id='word_1_43' title='bbox 1667 534 1814 602; x_wconf 56' lang='lat' dir='ltr'><strong>acin,</strong></span> 
     </span>
     <span class='ocr_line' id='line_1_7' title="bbox 518 609 1517 682; baseline -0.011 -8"><span class='ocrx_word' id='word_1_44' title='bbox 518 618 590 673; x_wconf 85' lang='lat' dir='ltr'><strong>Et</strong></span> <span class='ocrx_word' id='word_1_45' title='bbox 617 632 725 673; x_wconf 87' lang='lat' dir='ltr'><strong>tam</strong></span> <span class='ocrx_word' id='word_1_46' title='bbox 747 613 984 671; x_wconf 88' lang='lat' dir='ltr'><strong>facundo</strong></span> <span class='ocrx_word' id='word_1_47' title='bbox 1011 611 1242 682; x_wconf 84' lang='lat' dir='ltr'><strong>contigit</strong></span> <span class='ocrx_word' id='word_1_48' title='bbox 1265 627 1361 664; x_wconf 90' lang='lat' dir='ltr'><strong>ore</strong></span> <span class='ocrx_word' id='word_1_49' title='bbox 1388 609 1517 664; x_wconf 89' lang='lat' dir='ltr'><strong>fru1!</strong></span> 
     </span>
     <span class='ocr_line' id='line_1_8' title="bbox 438 682 1874 763; baseline -0.004 -17"><span class='ocrx_word' id='word_1_50' title='bbox 438 691 580 746; x_wconf 86' lang='lat' dir='ltr'><strong>Nam</strong></span> <span class='ocrx_word' id='word_1_51' title='bbox 605 704 928 763; x_wconf 85' lang='lat' dir='ltr'><strong>quamquam</strong></span> <span class='ocrx_word' id='word_1_52' title='bbox 956 685 1107 756; x_wconf 82' lang='lat' dir='ltr'><strong>sapor</strong></span> <span class='ocrx_word' id='word_1_53' title='bbox 1131 687 1206 738; x_wconf 84' lang='lat' dir='ltr'><strong>est</strong></span> <span class='ocrx_word' id='word_1_54' title='bbox 1231 683 1402 736; x_wconf 65' lang='lat' dir='ltr'><strong>adlatii</strong></span> <span class='ocrx_word' id='word_1_55' title='bbox 1430 682 1598 738; x_wconf 79' lang='lat' dir='ltr'><strong>dulcis·</strong></span> <span class='ocrx_word' id='word_1_56' title='bbox 1623 683 1677 736; x_wconf 89' lang='lat' dir='ltr'><strong>in</strong></span> <span class='ocrx_word' id='word_1_57' title='bbox 1702 684 1874 748; x_wconf 55' lang='lat' dir='ltr'><strong>undu,</strong></span> 
     </span>
     <span class='ocr_line' id='line_1_9' title="bbox 525 756 1646 830; baseline -0.01 -11"><span class='ocrx_word' id='word_1_58' title='bbox 525 763 746 819; x_wconf 88' lang='lat' dir='ltr'><strong>Gratius</strong></span> <span class='ocrx_word' id='word_1_59' title='bbox 771 779 840 816; x_wconf 82' lang='lat' dir='ltr'><strong>ex</strong></span> <span class='ocrx_word' id='word_1_60' title='bbox 864 759 977 830; x_wconf 91' lang='lat' dir='ltr'><strong>ipso</strong></span> <span class='ocrx_word' id='word_1_61' title='bbox 1005 758 1156 811; x_wconf 82' lang='lat' dir='ltr'><strong>fonte</strong></span> <span class='ocrx_word' id='word_1_62' title='bbox 1183 756 1436 810; x_wconf 88' lang='lat' dir='ltr'><strong>bibuntur</strong></span> <span class='ocrx_word' id='word_1_63' title='bbox 1464 771 1646 828; x_wconf 84' lang='lat' dir='ltr'><strong>aquae.</strong></span> 
     </span>
     <span class='ocr_line' id='line_1_10' title="bbox 444 829 1739 908; baseline -0.008 -15"><span class='ocrx_word' id='word_1_64' title='bbox 444 835 517 892; x_wconf 88' lang='lat' dir='ltr'><strong>Et</strong></span> <span class='ocrx_word' id='word_1_65' title='bbox 541 837 705 908; x_wconf 83' lang='lat' dir='ltr'><strong>magis</strong></span> <span class='ocrx_word' id='word_1_66' title='bbox 732 832 968 889; x_wconf 65' lang='lat' dir='ltr'><strong>adduc³co</strong></span> <span class='ocrx_word' id='word_1_67' title='bbox 993 847 1215 900; x_wconf 87' lang='lat' dir='ltr'><strong>pomum</strong></span> <span class='ocrx_word' id='word_1_68' title='bbox 1239 829 1532 901; x_wconf 86' lang='lat' dir='ltr'><strong>decerpere</strong></span> <span class='ocrx_word' id='word_1_69' title='bbox 1559 845 1739 893; x_wconf 78' lang='lat' dir='ltr'><strong>raum,</strong></span> 
     </span>
     <span class='ocr_line' id='line_1_11' title="bbox 525 901 1612 981; baseline -0.007 -17"><span class='ocrx_word' id='word_1_70' title='bbox 525 910 707 981; x_wconf 86' lang='lat' dir='ltr'><strong>Quam</strong></span> <span class='ocrx_word' id='word_1_71' title='bbox 731 906 802 959; x_wconf 91' lang='lat' dir='ltr'><strong>de</strong></span> <span class='ocrx_word' id='word_1_72' title='bbox 829 903 1028 958; x_wconf 58' lang='lat' dir='ltr'><strong>caelati}</strong></span> <span class='ocrx_word' id='word_1_73' title='bbox 1050 901 1256 956; x_wconf 87' lang='lat' dir='ltr'><strong>sumere</strong></span> <span class='ocrx_word' id='word_1_74' title='bbox 1282 905 1430 957; x_wconf 82' lang='lat' dir='ltr'><strong>lance</strong></span> <span class='ocrx_word' id='word_1_75' title='bbox 1448 902 1612 972; x_wconf 80' lang='lat' dir='ltr'><strong>juvat.</strong></span> 
     </span>
     <span class='ocr_line' id='line_1_12' title="bbox 452 972 1847 1048; baseline -0.007 -10"><span class='ocrx_word' id='word_1_76' title='bbox 452 985 529 1039; x_wconf 88' lang='lat' dir='ltr'><strong>At</strong></span> <span class='ocrx_word' id='word_1_77' title='bbox 554 980 652 1034; x_wconf 86' lang='lat' dir='ltr'><strong>nifi.</strong></span> <span class='ocrx_word' id='word_1_78' title='bbox 671 975 994 1048; x_wconf 82' lang='lat' dir='ltr'><strong>peccaffem,</strong></span> <span class='ocrx_word' id='word_1_79' title='bbox 1031 974 1124 1028; x_wconf 82' lang='lat' dir='ltr'><strong>nisi</strong></span> <span class='ocrx_word' id='word_1_80' title='bbox 1151 992 1239 1029; x_wconf 89' lang='lat' dir='ltr'><strong>me</strong></span> <span class='ocrx_word' id='word_1_81' title='bbox 1267 992 1393 1029; x_wconf 82' lang='lat' dir='ltr'><strong>mea-</strong></span> <span class='ocrx_word' id='word_1_82' title='bbox 1418 975 1572 1031; x_wconf 82' lang='lat' dir='ltr'><strong>Musa</strong></span> <span class='ocrx_word' id='word_1_83' title='bbox 1594 972 1847 1047; x_wconf 73' lang='lat' dir='ltr'><strong>fugasset,</strong></span> 
     </span>
     <span class='ocr_line' id='line_1_13' title="bbox 524 1047 1630 1127; baseline -0.003 -21"><span class='ocrx_word' id='word_1_84' title='bbox 524 1050 694 1127; x_wconf 88' lang='lat' dir='ltr'><strong>Quod</strong></span> <span class='ocrx_word' id='word_1_85' title='bbox 717 1051 851 1122; x_wconf 86' lang='lat' dir='ltr'><strong>legi,</strong></span> <span class='ocrx_word' id='word_1_86' title='bbox 886 1053 973 1103; x_wconf 71' lang='lat' dir='ltr'><strong>tsia</strong></span> <span class='ocrx_word' id='word_1_87' title='bbox 999 1065 1108 1102; x_wconf 85' lang='lat' dir='ltr'><strong>vox</strong></span> <span class='ocrx_word' id='word_1_88' title='bbox 1135 1047 1450 1102; x_wconf 77' lang='lat' dir='ltr'><strong>exhibuiss&#39;et</strong></span> <span class='ocrx_word' id='word_1_89' title='bbox 1480 1066 1630 1120; x_wconf 80' lang='lat' dir='ltr'><strong>opus,</strong></span> 
     </span>
     <span class='ocr_line' id='line_1_14' title="bbox 447 1119 1665 1198; baseline -0.007 -15"><span class='ocrx_word' id='word_1_90' title='bbox 447 1126 636 1198; x_wconf 89' lang='lat' dir='ltr'><strong>thue</strong></span> <span class='ocrx_word' id='word_1_91' title='bbox 657 1124 736 1179; x_wconf 89' lang='lat' dir='ltr'><strong>fui</strong></span> <span class='ocrx_word' id='word_1_92' title='bbox 762 1122 971 1182; x_wconf 85' lang='lat' dir='ltr'><strong>solitus,</strong></span> <span class='ocrx_word' id='word_1_93' title='bbox 1012 1119 1254 1175; x_wconf 75' lang='lat' dir='ltr'><strong>sedissem</strong></span> <span class='ocrx_word' id='word_1_94' title='bbox 1280 1120 1497 1175; x_wconf 80' lang='lat' dir='ltr'><strong>forsitan</strong></span> <span class='ocrx_word' id='word_1_95' title='bbox 1522 1137 1665 1177; x_wconf 69' lang='lat' dir='ltr'><strong>unus⁴</strong></span> 
     </span>
     <span class='ocr_line' id='line_1_15' title="bbox 521 1193 1588 1264; baseline -0.005 -11"><span class='ocrx_word' id='word_1_96' title='bbox 521 1200 608 1253; x_wconf 92' lang='lat' dir='ltr'><strong>De</strong></span> <span class='ocrx_word' id='word_1_97' title='bbox 634 1210 852 1252; x_wconf 88' lang='lat' dir='ltr'><strong>centurn</strong></span> <span class='ocrx_word' id='word_1_98' title='bbox 880 1194 1042 1264; x_wconf 82' lang='lat' dir='ltr'><strong>judex</strong></span> <span class='ocrx_word' id='word_1_99' title='bbox 1068 1194 1121 1247; x_wconf 92' lang='lat' dir='ltr'><strong>in</strong></span> <span class='ocrx_word' id='word_1_100' title='bbox 1146 1206 1235 1247; x_wconf 85' lang='lat' dir='ltr'><strong>tua</strong></span> <span class='ocrx_word' id='word_1_101' title='bbox 1263 1193 1420 1248; x_wconf 86' lang='lat' dir='ltr'><strong>verba</strong></span> <span class='ocrx_word' id='word_1_102' title='bbox 1449 1193 1588 1249; x_wconf 75' lang='lat' dir='ltr'><strong>viris,</strong></span> 
     </span>
     <span class='ocr_line' id='line_1_16' title="bbox 302 1265 1828 1343; baseline -0.005 -14"><span class='ocrx_word' id='word_1_103' title='bbox 302 1294 333 1329; x_wconf 86' lang='lat'>2</span> <span class='ocrx_word' id='word_1_104' title='bbox 340 1294 373 1343; x_wconf 77' lang='grc' dir='ltr'><em>ς</em></span> <span class='ocrx_word' id='word_1_105' title='bbox 452 1271 632 1342; x_wconf 85' lang='lat' dir='ltr'><strong>Major</strong></span> <span class='ocrx_word' id='word_1_106' title='bbox 661 1272 714 1323; x_wconf 81' lang='lat'>&amp;</span> <span class='ocrx_word' id='word_1_107' title='bbox 738 1266 999 1337; x_wconf 75' lang='lat' dir='ltr'><strong>impless&#39;et</strong></span> <span class='ocrx_word' id='word_1_108' title='bbox 1023 1265 1344 1335; x_wconf 76' lang='lat' dir='ltr'><strong>praecordiav</strong></span> <span class='ocrx_word' id='word_1_109' title='bbox 1361 1265 1534 1320; x_wconf 87' lang='lat' dir='ltr'><strong>nostra</strong></span> <span class='ocrx_word' id='word_1_110' title='bbox 1556 1267 1828 1338; x_wconf 71' lang='lat' dir='ltr'><strong>volupta5‚</strong></span> 
     </span>
     <span class='ocr_line' id='line_1_17' title="bbox 524 1337 1679 1411; baseline -0.005 -12"><span class='ocrx_word' id='word_1_111' title='bbox 524 1345 670 1399; x_wconf 88' lang='lat' dir='ltr'><strong>Cum</strong></span> <span class='ocrx_word' id='word_1_112' title='bbox 694 1340 930 1396; x_wconf 82' lang='lat' dir='ltr'><strong>traherer</strong></span> <span class='ocrx_word' id='word_1_113' title='bbox 952 1338 1105 1392; x_wconf 55' lang='lat' dir='ltr'><strong>diuis</strong></span> <span class='ocrx_word' id='word_1_114' title='bbox 1130 1337 1532 1411; x_wconf 83' lang='lat' dir='ltr'><strong>adnueremque</strong></span> <span class='ocrx_word' id='word_1_115' title='bbox 1560 1340 1679 1393; x_wconf 81' lang='lat' dir='ltr'><strong>tuiS.</strong></span> 
     </span>
     <span class='ocr_line' id='line_1_18' title="bbox 453 1409 1900 1491; baseline -0.003 -20"><span class='ocrx_word' id='word_1_116' title='bbox 453 1419 645 1491; x_wconf 45' lang='lat' dir='ltr'><strong>Quem&gt;</strong></span> <span class='ocrx_word' id='word_1_117' title='bbox 660 1414 914 1487; x_wconf 82' lang='lat' dir='ltr'><strong>quoniam</strong></span> <span class='ocrx_word' id='word_1_118' title='bbox 939 1411 1135 1473; x_wconf 85' lang='lat' dir='ltr'><strong>fatum,</strong></span> <span class='ocrx_word' id='word_1_119' title='bbox 1174 1409 1324 1464; x_wconf 87' lang='lat' dir='ltr'><strong>vobis</strong></span> <span class='ocrx_word' id='word_1_120' title='bbox 1349 1412 1654 1484; x_wconf 62' lang='lat' dir='ltr'><strong>pratri‘ssique</strong></span> <span class='ocrx_word' id='word_1_121' title='bbox 1676 1410 1900 1478; x_wconf 72' lang='lat' dir='ltr'><strong>reliffiS,</strong></span> 
     </span>
     <span class='ocr_line' id='line_1_19' title="bbox 522 1482 1564 1543; baseline -0.005 0"><span class='ocrx_word' id='word_1_122' title='bbox 522 1490 665 1543; x_wconf 89' lang='lat' dir='ltr'><strong>Inter</strong></span> <span class='ocrx_word' id='word_1_123' title='bbox 687 1486 1004 1541; x_wconf 84' lang='lat' dir='ltr'><strong>inhumanos</strong></span> <span class='ocrx_word' id='word_1_124' title='bbox 1029 1483 1212 1538; x_wconf 83' lang='lat' dir='ltr'><strong>maluit</strong></span> <span class='ocrx_word' id='word_1_125' title='bbox 1239 1482 1343 1537; x_wconf 81' lang='lat' dir='ltr'><strong>effe</strong></span> <span class='ocrx_word' id='word_1_126' title='bbox 1370 1482 1564 1538; x_wconf 85' lang='lat' dir='ltr'><strong>Getas:</strong></span> 
     </span>
     <span class='ocr_line' id='line_1_20' title="bbox 453 1556 1927 1635; baseline -0.003 -19"><span class='ocrx_word' id='word_1_127' title='bbox 453 1561 622 1635; x_wconf 77' lang='lat' dir='ltr'><strong>Qiod</strong></span> <span class='ocrx_word' id='word_1_128' title='bbox 648 1561 802 1622; x_wconf 88' lang='lat' dir='ltr'><strong>licet,</strong></span> <span class='ocrx_word' id='word_1_129' title='bbox 837 1572 897 1612; x_wconf 86' lang='lat' dir='ltr'><strong>ut</strong></span> <span class='ocrx_word' id='word_1_130' title='bbox 924 1556 1104 1612; x_wconf 86' lang='lat' dir='ltr'><strong>videar</strong></span> <span class='ocrx_word' id='word_1_131' title='bbox 1132 1570 1312 1611; x_wconf 87' lang='lat' dir='ltr'><strong>tecum</strong></span> <span class='ocrx_word' id='word_1_132' title='bbox 1336 1558 1500 1628; x_wconf 84' lang='lat' dir='ltr'><strong>magis</strong></span> <span class='ocrx_word' id='word_1_133' title='bbox 1525 1557 1659 1621; x_wconf 80' lang='lat' dir='ltr'><strong>effe,</strong></span> <span class='ocrx_word' id='word_1_134' title='bbox 1698 1558 1927 1632; x_wconf 79' lang='lat' dir='ltr'><strong>legenda</strong></span> 
     </span>
     <span class='ocr_line' id='line_1_21' title="bbox 525 1629 1734 1708; baseline -0.006 -17"><span class='ocrx_word' id='word_1_135' title='bbox 525 1635 720 1708; x_wconf 84' lang='lat' dir='ltr'><strong>Saepe,</strong></span> <span class='ocrx_word' id='word_1_136' title='bbox 758 1648 979 1704; x_wconf 86' lang='lat' dir='ltr'><strong>precor,</strong></span> <span class='ocrx_word' id='word_1_137' title='bbox 1017 1629 1171 1686; x_wconf 86' lang='lat' dir='ltr'><strong>studii</strong></span> <span class='ocrx_word' id='word_1_138' title='bbox 1195 1629 1417 1702; x_wconf 84' lang='lat' dir='ltr'><strong>pignora</strong></span> <span class='ocrx_word' id='word_1_139' title='bbox 1443 1631 1597 1687; x_wconf 88' lang='lat' dir='ltr'><strong>mitte</strong></span> <span class='ocrx_word' id='word_1_140' title='bbox 1626 1631 1734 1687; x_wconf 80' lang='lat' dir='ltr'><strong>tui:.</strong></span> 
     </span>
    </p>
   </div>
   <div class='ocr_carea' id='block_1_3' title="bbox 2234 150 2328 219">
    <p class='ocr_par' dir='ltr' id='par_1_3' title="bbox 2234 150 2328 219">
     <span class='ocr_line' id='line_1_22' title="bbox 2234 150 2328 219; baseline 0.021 -2"><span class='ocrx_word' id='word_1_141' title='bbox 2234 150 2328 219; x_wconf 75' lang='lat'><strong>833</strong></span> 
     </span>
    </p>
   </div>
   <div class='ocr_carea' id='block_1_4' title="bbox 305 927 378 964">
    <p class='ocr_par' dir='ltr' id='par_1_4' title="bbox 305 927 378 964">
     <span class='ocr_line' id='line_1_23' title="bbox 305 927 378 964; baseline -0.014 0"><span class='ocrx_word' id='word_1_142' title='bbox 305 927 378 964; x_wconf 84' lang='lat'><strong>20</strong></span> 
     </span>
    </p>
   </div>
   <div class='ocr_carea' id='block_1_5' title="bbox 308 1654 2311 1819">
    <p class='ocr_par' dir='ltr' id='par_1_5' title="bbox 308 1654 2311 1819">
     <span class='ocr_line' id='line_1_24' title="bbox 308 1654 378 1704; baseline 0 -14"><span class='ocrx_word' id='word_1_143' title='bbox 308 1654 332 1704; x_wconf 83' lang='lat'>3</span> <span class='ocrx_word' id='word_1_144' title='bbox 343 1655 378 1690; x_wconf 91' lang='lat'>0</span> 
     </span>
     <span class='ocr_line' id='line_1_25' title="bbox 2197 1759 2311 1819; baseline 0.018 -2"><span class='ocrx_word' id='word_1_145' title='bbox 2197 1759 2311 1819; x_wconf 83' lang='lat' dir='ltr'><strong>Ex-</strong></span> 
     </span>
    </p>
   </div>
   <div class='ocr_carea' id='block_1_6' title="bbox 1316 1898 2310 1951">
    <p class='ocr_par' dir='ltr' id='par_1_6' title="bbox 1316 1898 2310 1951">
     <span class='ocr_line' id='line_1_26' title="bbox 1316 1898 2310 1951; baseline 0.002 -11"><span class='ocrx_word' id='word_1_146' title='bbox 1316 1911 1374 1947; x_wconf 75' lang='lat'><strong>17.</strong></span> <span class='ocrx_word' id='word_1_147' title='bbox 1401 1899 1543 1939; x_wconf 76' lang='lat' dir='ltr'><strong>Ablata</strong></span> <span class='ocrx_word' id='word_1_148' title='bbox 1565 1899 1676 1940; x_wconf 79' lang='lat' dir='ltr'><strong>dulcis</strong></span> <span class='ocrx_word' id='word_1_149' title='bbox 1694 1899 1734 1939; x_wconf 78' lang='lat' dir='ltr'><strong>in</strong></span> <span class='ocrx_word' id='word_1_150' title='bbox 1753 1900 1894 1951; x_wconf 81' lang='lat' dir='ltr'><strong>unda.]</strong></span> <span class='ocrx_word' id='word_1_151' title='bbox 1935 1898 2064 1939; x_wconf 85' lang='lat' dir='ltr'><strong>Allata</strong></span> <span class='ocrx_word' id='word_1_152' title='bbox 2083 1901 2310 1951; x_wconf 79' lang='lat' dir='ltr'><strong>Argentinus</strong></span> 
     </span>
    </p>
   </div>
   <div class='ocr_carea' id='block_1_7' title="bbox 211 1897 2282 2001">
    <p class='ocr_par' dir='ltr' id='par_1_7' title="bbox 211 1897 2282 2001">
     <span class='ocr_line' id='line_1_27' title="bbox 211 1897 2067 1963; baseline -0.002 -20"><span class='ocrx_word' id='word_1_153' title='bbox 211 1903 250 1950; x_wconf 63' lang='lat'><strong>&#39;73‘</strong></span> <span class='ocrx_word' id='word_1_154' title='bbox 278 1901 359 1942; x_wconf 72' lang='lat' dir='ltr'><strong>Non</strong></span> <span class='ocrx_word' id='word_1_155' title='bbox 379 1903 519 1953; x_wconf 81' lang='lat' dir='ltr'><strong>degener</strong></span> <span class='ocrx_word' id='word_1_156' title='bbox 540 1897 656 1953; x_wconf 69' lang='lat' dir='ltr'><strong>ori3.]‘</strong></span> <span class='ocrx_word' id='word_1_157' title='bbox 699 1897 843 1942; x_wconf 77' lang='lat' dir='ltr'><strong>Patriae</strong></span> <span class='ocrx_word' id='word_1_158' title='bbox 863 1914 932 1941; x_wconf 82' lang='lat' dir='ltr'><strong>non</strong></span> <span class='ocrx_word' id='word_1_159' title='bbox 952 1901 1092 1953; x_wconf 81' lang='lat' dir='ltr'><strong>degener</strong></span> <span class='ocrx_word' id='word_1_160' title='bbox 1114 1900 1204 1943; x_wconf 81' lang='lat' dir='ltr'><strong>artis</strong></span> <span class='ocrx_word' id='word_1_161' title='bbox 1503 1954 1509 1960; x_wconf 18' lang='grc' dir='ltr'><strong><em>ἢ</em></strong></span> <span class='ocrx_word' id='word_1_162' title='bbox 1558 1955 1564 1960; x_wconf 19' lang='grc' dir='ltr'>ἱ</span> <span class='ocrx_word' id='word_1_163' title='bbox 1783 1953 1788 1958; x_wconf 90' lang='lat'><strong>.</strong></span> <span class='ocrx_word' id='word_1_164' title='bbox 1950 1952 1960 1963; x_wconf 75' lang='lat'><strong>.</strong></span> <span class='ocrx_word' id='word_1_165' title='bbox 2061 1954 2067 1960; x_wconf 35' lang='grc'><em>.</em></span> 
     </span>
     <span class='ocr_line' id='line_1_28' title="bbox 1260 1952 2282 2001; baseline 0 -9"><span class='ocrx_word' id='word_1_166' title='bbox 1260 1952 1397 2001; x_wconf 81' lang='lat' dir='ltr'><strong>aliique</strong></span> <span class='ocrx_word' id='word_1_167' title='bbox 1417 1953 1579 2000; x_wconf 76' lang='lat' dir='ltr'><strong>plurimi.</strong></span> <span class='ocrx_word' id='word_1_168' title='bbox 1607 1953 1718 1992; x_wconf 59' lang='lat' dir='ltr'><strong>reete.</strong></span> <span class='ocrx_word' id='word_1_169' title='bbox 1752 1952 1819 1991; x_wconf 80' lang='lat' dir='ltr'><strong>nisi</strong></span> <span class='ocrx_word' id='word_1_170' title='bbox 1841 1952 1961 1990; x_wconf 84' lang='lat' dir='ltr'><strong>oblata</strong></span> <span class='ocrx_word' id='word_1_171' title='bbox 1982 1953 2101 1992; x_wconf 80' lang='lat' dir='ltr'><strong>malis.</strong></span> <span class='ocrx_word' id='word_1_172' title='bbox 2135 1954 2282 1992; x_wconf 66' lang='lat' dir='ltr'><strong>Hiems.</strong></span> 
     </span>
    </p>
   </div>
   <div class='ocr_carea' id='block_1_8' title="bbox 162 1955 885 2260">
    <p class='ocr_par' dir='ltr' id='par_1_8' title="bbox 162 1955 588 2004">
     <span class='ocr_line' id='line_1_29' title="bbox 162 1955 588 2004; baseline -0.002 -11"><span class='ocrx_word' id='word_1_173' title='bbox 162 1955 346 1995; x_wconf 84' lang='lat' dir='ltr'><strong>Barberin.</strong></span> <span class='ocrx_word' id='word_1_174' title='bbox 371 1963 411 1995; x_wconf 93' lang='lat' dir='ltr'><strong>ut</strong></span> <span class='ocrx_word' id='word_1_175' title='bbox 431 1955 538 2004; x_wconf 84' lang='lat' dir='ltr'><strong>Epist.</strong></span> <span class='ocrx_word' id='word_1_176' title='bbox 560 1967 588 1992; x_wconf 88' lang='lat'><strong>1.</strong></span> 
     </span>
    </p>

    <p class='ocr_par' dir='ltr' id='par_1_9' title="bbox 166 2021 862 2135">
     <span class='ocr_line' id='line_1_30' title="bbox 217 2021 862 2073; baseline -0.003 -13"><span class='ocrx_word' id='word_1_177' title='bbox 217 2029 261 2061; x_wconf 79' lang='lat' dir='ltr'><strong>In</strong></span> <span class='ocrx_word' id='word_1_178' title='bbox 276 2025 415 2073; x_wconf 76' lang='lat' dir='ltr'><strong>patrias</strong></span> <span class='ocrx_word' id='word_1_179' title='bbox 433 2033 524 2061; x_wconf 80' lang='lat' dir='ltr'><strong>artes</strong></span> <span class='ocrx_word' id='word_1_180' title='bbox 547 2021 753 2060; x_wconf 76' lang='lat' dir='ltr'><strong>erudiendus</strong></span> <span class='ocrx_word' id='word_1_181' title='bbox 773 2030 862 2059; x_wconf 83' lang='lat' dir='ltr'><strong>erat.</strong></span> 
     </span>
     <span class='ocr_line' id='line_1_31' title="bbox 166 2083 478 2135; baseline 0.003 -12"><span class='ocrx_word' id='word_1_182' title='bbox 166 2083 205 2123; x_wconf 72' lang='grc' dir='ltr'><strong>δε</strong></span> <span class='ocrx_word' id='word_1_183' title='bbox 227 2097 256 2124; x_wconf 88' lang='lat'><strong>1.</strong></span> <span class='ocrx_word' id='word_1_184' title='bbox 276 2085 367 2124; x_wconf 89' lang='lat' dir='ltr'><strong>Fast.</strong></span> <span class='ocrx_word' id='word_1_185' title='bbox 393 2095 478 2135; x_wconf 83' lang='lat'><strong>571.</strong></span> 
     </span>
    </p>

    <p class='ocr_par' dir='ltr' id='par_1_10' title="bbox 163 2150 885 2260">
     <span class='ocr_line' id='line_1_32' title="bbox 213 2150 885 2199; baseline 0 -12"><span class='ocrx_word' id='word_1_186' title='bbox 213 2169 286 2179; x_wconf 90' lang='lat'><strong>·—</strong></span> <span class='ocrx_word' id='word_1_187' title='bbox 312 2151 456 2188; x_wconf 85' lang='lat' dir='ltr'><strong>Patrias</strong></span> <span class='ocrx_word' id='word_1_188' title='bbox 474 2151 567 2189; x_wconf 87' lang='lat' dir='ltr'><strong>male</strong></span> <span class='ocrx_word' id='word_1_189' title='bbox 582 2150 688 2199; x_wconf 85' lang='lat' dir='ltr'><strong>fortis</strong></span> <span class='ocrx_word' id='word_1_190' title='bbox 707 2150 757 2188; x_wconf 84' lang='lat' dir='ltr'><strong>ad</strong></span> <span class='ocrx_word' id='word_1_191' title='bbox 783 2159 885 2188; x_wconf 83' lang='lat' dir='ltr'><strong>artes.</strong></span> 
     </span>
     <span class='ocr_line' id='line_1_33' title="bbox 163 2209 394 2260; baseline 0.004 -12"><span class='ocrx_word' id='word_1_192' title='bbox 163 2209 204 2248; x_wconf 89' lang='lat'>&amp;</span> <span class='ocrx_word' id='word_1_193' title='bbox 234 2223 281 2249; x_wconf 82' lang='lat'><strong>11.</strong></span> <span class='ocrx_word' id='word_1_194' title='bbox 309 2213 394 2260; x_wconf 82' lang='lat'><strong>508.</strong></span> 
     </span>
    </p>
   </div>
   <div class='ocr_carea' id='block_1_9' title="bbox 213 2273 928 2324">
    <p class='ocr_par' dir='ltr' id='par_1_11' title="bbox 213 2273 928 2324">
     <span class='ocr_line' id='line_1_34' title="bbox 213 2273 928 2324; baseline 0.003 -14"><span class='ocrx_word' id='word_1_195' title='bbox 213 2276 260 2311; x_wconf 75' lang='lat' dir='ltr'><strong>Et</strong></span> <span class='ocrx_word' id='word_1_196' title='bbox 273 2277 412 2324; x_wconf 87' lang='lat' dir='ltr'><strong>patrias</strong></span> <span class='ocrx_word' id='word_1_197' title='bbox 429 2286 521 2314; x_wconf 83' lang='lat' dir='ltr'><strong>artes</strong></span> <span class='ocrx_word' id='word_1_198' title='bbox 544 2276 782 2324; x_wconf 84' lang='lat' dir='ltr'><strong>militiamque</strong></span> <span class='ocrx_word' id='word_1_199' title='bbox 801 2273 928 2312; x_wconf 79' lang='lat' dir='ltr'><strong>colant.</strong></span> 
     </span>
    </p>
   </div>
   <div class='ocr_carea' id='block_1_10' title="bbox 1260 2017 2313 2118">
    <p class='ocr_par' dir='ltr' id='par_1_12' title="bbox 1260 2017 2313 2118">
     <span class='ocr_line' id='line_1_35' title="bbox 1317 2017 2313 2073; baseline 0.008 -19"><span class='ocrx_word' id='word_1_200' title='bbox 1317 2017 1374 2055; x_wconf 85' lang='lat'><strong>18.</strong></span> <span class='ocrx_word' id='word_1_201' title='bbox 1401 2018 1548 2056; x_wconf 83' lang='lat' dir='ltr'><strong>Gratius</strong></span> <span class='ocrx_word' id='word_1_202' title='bbox 1567 2034 1608 2057; x_wconf 84' lang='lat' dir='ltr'><strong>ex</strong></span> <span class='ocrx_word' id='word_1_203' title='bbox 1629 2021 1692 2070; x_wconf 78' lang='lat' dir='ltr'><strong>ipfh</strong></span> <span class='ocrx_word' id='word_1_204' title='bbox 1703 2022 1805 2068; x_wconf 85' lang='lat' dir='ltr'><strong>fonte</strong></span> <span class='ocrx_word' id='word_1_205' title='bbox 1832 2021 2002 2060; x_wconf 79' lang='lat' dir='ltr'><strong>bibuntur</strong></span> <span class='ocrx_word' id='word_1_206' title='bbox 2022 2021 2174 2073; x_wconf 64' lang='lat' dir='ltr'><strong>aquam]</strong></span> <span class='ocrx_word' id='word_1_207' title='bbox 2215 2023 2313 2063; x_wconf 88' lang='lat' dir='ltr'><strong>Huc-</strong></span> 
     </span>
     <span class='ocr_line' id='line_1_36' title="bbox 1260 2069 2006 2118; baseline 0.005 -10"><span class='ocrx_word' id='word_1_208' title='bbox 1260 2069 1408 2108; x_wconf 87' lang='lat' dir='ltr'><strong>videtur</strong></span> <span class='ocrx_word' id='word_1_209' title='bbox 1427 2069 1617 2118; x_wconf 76' lang='lat' dir='ltr'><strong>respexisse</strong></span> <span class='ocrx_word' id='word_1_210' title='bbox 1641 2072 1752 2110; x_wconf 85' lang='lat' dir='ltr'><strong>Mart.</strong></span> <span class='ocrx_word' id='word_1_211' title='bbox 1775 2072 1837 2110; x_wconf 88' lang='lat' dir='ltr'><strong>lib.</strong></span> <span class='ocrx_word' id='word_1_212' title='bbox 1851 2085 1903 2111; x_wconf 77' lang='lat' dir='ltr'><strong>xx.</strong></span> <span class='ocrx_word' id='word_1_213' title='bbox 1924 2085 2006 2112; x_wconf 83' lang='lat'><strong>102.</strong></span> 
     </span>
    </p>
   </div>
   <div class='ocr_carea' id='block_1_11' title="bbox 1226 2128 2305 2347">
    <p class='ocr_par' dir='ltr' id='par_1_13' title="bbox 1226 2128 2305 2347">
     <span class='ocr_line' id='line_1_37' title="bbox 1310 2128 2227 2181; baseline 0.01 -18"><span class='ocrx_word' id='word_1_214' title='bbox 1310 2128 1495 2180; x_wconf 71' lang='lat' dir='ltr'><strong>Multum,</strong></span> <span class='ocrx_word' id='word_1_215' title='bbox 1518 2131 1612 2168; x_wconf 82' lang='lat' dir='ltr'><strong>crede</strong></span> <span class='ocrx_word' id='word_1_216' title='bbox 1622 2131 1711 2169; x_wconf 82' lang='lat' dir='ltr'><strong>mihi</strong></span> <span class='ocrx_word' id='word_1_217' title='bbox 1725 2132 1881 2179; x_wconf 42' lang='lat' dir='ltr'><strong>‚,refert‚</strong></span> <span class='ocrx_word' id='word_1_218' title='bbox 1911 2132 1936 2169; x_wconf 69' lang='grc' dir='ltr'><em>ὰ</em></span> <span class='ocrx_word' id='word_1_219' title='bbox 1951 2135 2052 2180; x_wconf 79' lang='lat' dir='ltr'><strong>fhnte</strong></span> <span class='ocrx_word' id='word_1_220' title='bbox 2070 2133 2227 2181; x_wconf 80' lang='lat' dir='ltr'><strong>bibatur,</strong></span> 
     </span>
     <span class='ocr_line' id='line_1_38' title="bbox 1362 2179 2189 2232; baseline 0.008 -17"><span class='ocrx_word' id='word_1_221' title='bbox 1362 2180 1438 2227; x_wconf 64' lang='lat' dir='ltr'><strong>Qu·</strong></span> <span class='ocrx_word' id='word_1_222' title='bbox 1455 2179 1558 2228; x_wconf 67' lang='lat' dir='ltr'><strong>fluit,</strong></span> <span class='ocrx_word' id='word_1_223' title='bbox 1586 2195 1635 2217; x_wconf 83' lang='lat' dir='ltr'><strong>an</strong></span> <span class='ocrx_word' id='word_1_224' title='bbox 1656 2182 1748 2232; x_wconf 85' lang='lat' dir='ltr'><strong>pigro</strong></span> <span class='ocrx_word' id='word_1_225' title='bbox 1768 2196 1845 2219; x_wconf 85' lang='lat' dir='ltr'><strong>cum</strong></span> <span class='ocrx_word' id='word_1_226' title='bbox 1856 2183 1966 2232; x_wconf 80' lang='lat' dir='ltr'><strong>stupet</strong></span> <span class='ocrx_word' id='word_1_227' title='bbox 1984 2185 2081 2221; x_wconf 84' lang='lat' dir='ltr'><strong>unda</strong></span> <span class='ocrx_word' id='word_1_228' title='bbox 2097 2185 2189 2223; x_wconf 76' lang='lat' dir='ltr'><strong>lacu.</strong></span> 
     </span>
     <span class='ocr_line' id='line_1_39' title="bbox 1226 2240 2305 2298; baseline 0.01 -22"><span class='ocrx_word' id='word_1_229' title='bbox 1226 2271 1230 2274; x_wconf 89' lang='lat'><strong>.</strong></span> <span class='ocrx_word' id='word_1_230' title='bbox 1261 2240 1432 2279; x_wconf 74' lang='lat' dir='ltr'><strong>CroFAN.</strong></span> <span class='ocrx_word' id='word_1_231' title='bbox 1460 2242 1564 2281; x_wconf 87' lang='lat' dir='ltr'><strong>Nihil</strong></span> <span class='ocrx_word' id='word_1_232' title='bbox 1586 2243 1660 2281; x_wconf 85' lang='lat' dir='ltr'><strong>huc</strong></span> <span class='ocrx_word' id='word_1_233' title='bbox 1694 2245 1833 2282; x_wconf 84' lang='lat' dir='ltr'><strong>faciunt</strong></span> <span class='ocrx_word' id='word_1_234' title='bbox 1862 2244 1921 2283; x_wconf 87' lang='lat' dir='ltr'><strong>illa</strong></span> <span class='ocrx_word' id='word_1_235' title='bbox 1942 2246 2143 2291; x_wconf 84' lang='lat' dir='ltr'><strong>Martialis,</strong></span> <span class='ocrx_word' id='word_1_236' title='bbox 2172 2250 2236 2298; x_wconf 91' lang='lat' dir='ltr'><strong>qui</strong></span> <span class='ocrx_word' id='word_1_237' title='bbox 2258 2249 2305 2288; x_wconf 86' lang='lat' dir='ltr'><strong>de</strong></span> 
     </span>
     <span class='ocr_line' id='line_1_40' title="bbox 1259 2294 2300 2347; baseline 0.009 -18"><span class='ocrx_word' id='word_1_238' title='bbox 1259 2303 1374 2341; x_wconf 84' lang='lat' dir='ltr'><strong>aqua,</strong></span> <span class='ocrx_word' id='word_1_239' title='bbox 1402 2294 1552 2340; x_wconf 85' lang='lat' dir='ltr'><strong>quaein</strong></span> <span class='ocrx_word' id='word_1_240' title='bbox 1576 2294 1699 2332; x_wconf 84' lang='lat' dir='ltr'><strong>mensa</strong></span> <span class='ocrx_word' id='word_1_241' title='bbox 1720 2296 1874 2338; x_wconf 79' lang='lat' dir='ltr'><strong>bibitur,</strong></span> <span class='ocrx_word' id='word_1_242' title='bbox 1903 2297 1988 2344; x_wconf 81' lang='lat' dir='ltr'><strong>agit.</strong></span> <span class='ocrx_word' id='word_1_243' title='bbox 2007 2309 2102 2347; x_wconf 80' lang='lat' dir='ltr'><strong>quae</strong></span> <span class='ocrx_word' id='word_1_244' title='bbox 2123 2306 2275 2347; x_wconf 83' lang='lat' dir='ltr'><strong>utraque</strong></span> <span class='ocrx_word' id='word_1_245' title='bbox 2289 2327 2300 2345; x_wconf 91' lang='lat'><strong>,</strong></span> 
     </span>
    </p>
   </div>
   <div class='ocr_carea' id='block_1_12' title="bbox 158 2335 1204 2435">
    <p class='ocr_par' dir='ltr' id='par_1_14' title="bbox 158 2335 1204 2435">
     <span class='ocr_line' id='line_1_41' title="bbox 158 2335 1204 2389; baseline 0.005 -18"><span class='ocrx_word' id='word_1_246' title='bbox 158 2335 223 2372; x_wconf 87' lang='lat' dir='ltr'><strong>hic</strong></span> <span class='ocrx_word' id='word_1_247' title='bbox 242 2343 368 2375; x_wconf 88' lang='lat' dir='ltr'><strong>tamen</strong></span> <span class='ocrx_word' id='word_1_248' title='bbox 390 2339 482 2376; x_wconf 86' lang='lat' dir='ltr'><strong>nihil</strong></span> <span class='ocrx_word' id='word_1_249' title='bbox 500 2348 641 2377; x_wconf 87' lang='lat' dir='ltr'><strong>temere</strong></span> <span class='ocrx_word' id='word_1_250' title='bbox 670 2346 829 2378; x_wconf 87' lang='lat' dir='ltr'><strong>mutem.</strong></span> <span class='ocrx_word' id='word_1_251' title='bbox 855 2338 941 2389; x_wconf 84' lang='lat' dir='ltr'><strong>quia</strong></span> <span class='ocrx_word' id='word_1_252' title='bbox 957 2337 1004 2376; x_wconf 92' lang='lat' dir='ltr'><strong>de</strong></span> <span class='ocrx_word' id='word_1_253' title='bbox 1025 2337 1204 2387; x_wconf 82' lang='lat' dir='ltr'><strong>eloquen-</strong></span> 
     </span>
     <span class='ocr_line' id='line_1_42' title="bbox 162 2385 522 2435; baseline 0.017 -13"><span class='ocrx_word' id='word_1_254' title='bbox 162 2385 213 2422; x_wconf 82' lang='lat' dir='ltr'><strong>tia</strong></span> <span class='ocrx_word' id='word_1_255' title='bbox 235 2386 363 2435; x_wconf 86' lang='lat' dir='ltr'><strong>agitur.</strong></span> <span class='ocrx_word' id='word_1_256' title='bbox 390 2388 522 2428; x_wconf 69' lang='lat' dir='ltr'><strong>Bussm.</strong></span> 
     </span>
    </p>
   </div>
   <div class='ocr_carea' id='block_1_13' title="bbox 212 2445 1025 2502">
    <p class='ocr_par' dir='ltr' id='par_1_15' title="bbox 212 2445 1025 2502">
     <span class='ocr_line' id='line_1_43' title="bbox 212 2445 1025 2502; baseline 0.011 -19"><span class='ocrx_word' id='word_1_257' title='bbox 212 2445 249 2484; x_wconf 91' lang='lat'><strong>8.</strong></span> <span class='ocrx_word' id='word_1_258' title='bbox 276 2447 380 2485; x_wconf 84' lang='lat' dir='ltr'><strong>Pleno</strong></span> <span class='ocrx_word' id='word_1_259' title='bbox 392 2451 508 2500; x_wconf 63' lang='lat' dir='ltr'><strong>form]</strong></span> <span class='ocrx_word' id='word_1_260' title='bbox 540 2451 633 2498; x_wconf 79' lang='lat' dir='ltr'><strong>Vasta</strong></span> <span class='ocrx_word' id='word_1_261' title='bbox 646 2453 724 2497; x_wconf 85' lang='lat' dir='ltr'><strong>foro</strong></span> <span class='ocrx_word' id='word_1_262' title='bbox 745 2452 916 2502; x_wconf 80' lang='lat' dir='ltr'><strong>Excerpt.</strong></span> <span class='ocrx_word' id='word_1_263' title='bbox 935 2452 1025 2492; x_wconf 86' lang='lat' dir='ltr'><strong>Scal.</strong></span> 
     </span>
    </p>
   </div>
   <div class='ocr_carea' id='block_1_14' title="bbox 160 2510 1205 2729">
    <p class='ocr_par' dir='ltr' id='par_1_16' title="bbox 160 2510 1202 2600">
     <span class='ocr_line' id='line_1_44' title="bbox 182 2510 1202 2599; baseline 0.007 -50"><span class='ocrx_word' id='word_1_264' title='bbox 182 2519 247 2599; x_wconf 67' lang='lat'><strong>19.</strong></span> <span class='ocrx_word' id='word_1_265' title='bbox 275 2510 374 2550; x_wconf 83' lang='lat' dir='ltr'><strong>Mihi</strong></span> <span class='ocrx_word' id='word_1_266' title='bbox 386 2512 514 2564; x_wconf 83' lang='lat' dir='ltr'><strong>sunt.]</strong></span> <span class='ocrx_word' id='word_1_267' title='bbox 568 2514 646 2552; x_wconf 76' lang='lat' dir='ltr'><em>sint</em></span> <span class='ocrx_word' id='word_1_268' title='bbox 665 2515 705 2554; x_wconf 88' lang='lat' dir='ltr'><strong>P.</strong></span> <span class='ocrx_word' id='word_1_269' title='bbox 730 2515 830 2554; x_wconf 87' lang='lat' dir='ltr'><strong>Dan.</strong></span> <span class='ocrx_word' id='word_1_270' title='bbox 853 2518 891 2554; x_wconf 68' lang='grc' dir='ltr'>ὃί</span> <span class='ocrx_word' id='word_1_271' title='bbox 914 2517 1202 2567; x_wconf 78' lang='lat' dir='ltr'><strong>quatuordecim</strong></span> 
     </span>
     <span class='ocr_line' id='line_1_45' title="bbox 160 2572 236 2600; baseline 0.013 -1"><span class='ocrx_word' id='word_1_272' title='bbox 160 2572 181 2599; x_wconf 74' lang='lat' dir='ltr'>a</span> <span class='ocrx_word' id='word_1_273' title='bbox 198 2572 236 2600; x_wconf 84' lang='lat'><strong>11.</strong></span> 
     </span>
    </p>

    <p class='ocr_par' dir='ltr' id='par_1_17' title="bbox 161 2625 1205 2729">
     <span class='ocr_line' id='line_1_46' title="bbox 214 2625 1205 2682; baseline 0.01 -20"><span class='ocrx_word' id='word_1_274' title='bbox 214 2635 272 2663; x_wconf 84' lang='lat'><strong>11.</strong></span> <span class='ocrx_word' id='word_1_275' title='bbox 305 2625 413 2664; x_wconf 76' lang='lat' dir='ltr'><strong>Plura</strong></span> <span class='ocrx_word' id='word_1_276' title='bbox 427 2627 490 2676; x_wconf 80' lang='lat' dir='ltr'><strong>sed</strong></span> <span class='ocrx_word' id='word_1_277' title='bbox 515 2628 597 2665; x_wconf 82' lang='lat' dir='ltr'><strong>haec</strong></span> <span class='ocrx_word' id='word_1_278' title='bbox 610 2628 712 2679; x_wconf 65' lang='lat' dir='ltr'><strong>feci]</strong></span> <span class='ocrx_word' id='word_1_279' title='bbox 742 2635 841 2667; x_wconf 81' lang='lat' dir='ltr'><strong>Haec·</strong></span> <span class='ocrx_word' id='word_1_280' title='bbox 858 2630 967 2678; x_wconf 87' lang='lat' dir='ltr'><strong>paulo</strong></span> <span class='ocrx_word' id='word_1_281' title='bbox 988 2632 1064 2680; x_wconf 89' lang='lat' dir='ltr'><strong>post</strong></span> <span class='ocrx_word' id='word_1_282' title='bbox 1083 2631 1205 2682; x_wconf 83' lang='lat' dir='ltr'><strong>sequi-</strong></span> 
     </span>
     <span class='ocr_line' id='line_1_47' title="bbox 161 2678 1031 2729; baseline 0.01 -18"><span class='ocrx_word' id='word_1_283' title='bbox 161 2681 229 2712; x_wconf 87' lang='lat' dir='ltr'><strong>tur.</strong></span> <span class='ocrx_word' id='word_1_284' title='bbox 256 2688 368 2725; x_wconf 84' lang='lat' dir='ltr'><strong>quare</strong></span> <span class='ocrx_word' id='word_1_285' title='bbox 390 2678 644 2726; x_wconf 82' lang='lat' dir='ltr'><strong>scribendum,</strong></span> <span class='ocrx_word' id='word_1_286' title='bbox 667 2680 730 2729; x_wconf 84' lang='lat' dir='ltr'><strong>sed</strong></span> <span class='ocrx_word' id='word_1_287' title='bbox 754 2680 856 2729; x_wconf 73' lang='lat' dir='ltr'><strong>effeci.</strong></span> <span class='ocrx_word' id='word_1_288' title='bbox 886 2682 1031 2720; x_wconf 58' lang='lat' dir='ltr'><strong>Hiems.</strong></span> 
     </span>
    </p>
   </div>
   <div class='ocr_carea' id='block_1_15' title="bbox 157 2743 1202 2943">
    <p class='ocr_par' dir='ltr' id='par_1_18' title="bbox 157 2743 1202 2943">
     <span class='ocr_line' id='line_1_48' title="bbox 157 2743 1200 2800; baseline 0.012 -24"><span class='ocrx_word' id='word_1_289' title='bbox 157 2786 162 2790; x_wconf 92' lang='lat'><strong>.</strong></span> <span class='ocrx_word' id='word_1_290' title='bbox 215 2750 272 2777; x_wconf 84' lang='lat'><strong>12.</strong></span> <span class='ocrx_word' id='word_1_291' title='bbox 299 2747 392 2778; x_wconf 84' lang='lat' dir='ltr'><strong>Haec</strong></span> <span class='ocrx_word' id='word_1_292' title='bbox 422 2743 511 2780; x_wconf 83' lang='lat' dir='ltr'><strong>mihi</strong></span> <span class='ocrx_word' id='word_1_293' title='bbox 532 2756 640 2792; x_wconf 89' lang='lat' dir='ltr'><strong>quam</strong></span> <span class='ocrx_word' id='word_1_294' title='bbox 666 2746 778 2793; x_wconf 79' lang='lat' dir='ltr'><strong>primo</strong></span> <span class='ocrx_word' id='word_1_295' title='bbox 795 2755 903 2793; x_wconf 83' lang='lat' dir='ltr'><strong>-grata</strong></span> <span class='ocrx_word' id='word_1_296' title='bbox 927 2747 1021 2788; x_wconf 76' lang='lat' dir='ltr'><strong>suere</strong></span> <span class='ocrx_word' id='word_1_297' title='bbox 1043 2748 1200 2800; x_wconf 53' lang='lat' dir='ltr'><strong>minan]</strong></span> 
     </span>
     <span class='ocr_line' id='line_1_49' title="bbox 161 2791 1202 2847; baseline 0.012 -21"><span class='ocrx_word' id='word_1_298' title='bbox 161 2793 245 2826; x_wconf 81' lang='lat' dir='ltr'><strong>Non</strong></span> <span class='ocrx_word' id='word_1_299' title='bbox 268 2791 356 2828; x_wconf 84' lang='lat' dir='ltr'><strong>mihi</strong></span> <span class='ocrx_word' id='word_1_300' title='bbox 374 2806 481 2843; x_wconf 83' lang='lat' dir='ltr'><strong>quam</strong></span> <span class='ocrx_word' id='word_1_301' title='bbox 498 2795 609 2842; x_wconf 81' lang='lat' dir='ltr'><strong>primo</strong></span> <span class='ocrx_word' id='word_1_302' title='bbox 627 2806 732 2843; x_wconf 82' lang='lat' dir='ltr'><strong>grata</strong></span> <span class='ocrx_word' id='word_1_303' title='bbox 744 2796 843 2839; x_wconf 80' lang='lat' dir='ltr'><strong>fuere</strong></span> <span class='ocrx_word' id='word_1_304' title='bbox 860 2798 1149 2847; x_wconf 64' lang='lat' dir='ltr'><strong>magifArgent.</strong></span> <span class='ocrx_word' id='word_1_305' title='bbox 1164 2803 1202 2839; x_wconf 69' lang='grc' dir='ltr'><strong>ὃς</strong></span> 
     </span>
     <span class='ocr_line' id='line_1_50' title="bbox 160 2838 1202 2898; baseline 0.012 -22"><span class='ocrx_word' id='word_1_306' title='bbox 160 2838 292 2878; x_wconf 86' lang='lat' dir='ltr'><strong>decem</strong></span> <span class='ocrx_word' id='word_1_307' title='bbox 316 2842 405 2887; x_wconf 90' lang='lat' dir='ltr'><strong>alii,</strong></span> <span class='ocrx_word' id='word_1_308' title='bbox 443 2845 568 2892; x_wconf 85' lang='lat' dir='ltr'><strong>probe.</strong></span> <span class='ocrx_word' id='word_1_309' title='bbox 597 2851 677 2881; x_wconf 88' lang='lat' dir='ltr'><strong>Non</strong></span> <span class='ocrx_word' id='word_1_310' title='bbox 707 2845 824 2882; x_wconf 84' lang='lat' dir='ltr'><strong>minus</strong></span> <span class='ocrx_word' id='word_1_311' title='bbox 856 2846 1024 2895; x_wconf 81' lang='lat' dir='ltr'><strong>scaligeri</strong></span> <span class='ocrx_word' id='word_1_312' title='bbox 1057 2852 1202 2898; x_wconf 80' lang='lat' dir='ltr'><strong>codex,</strong></span> 
     </span>
     <span class='ocr_line' id='line_1_51' title="bbox 160 2887 910 2943; baseline 0.009 -17"><span class='ocrx_word' id='word_1_313' title='bbox 160 2887 272 2929; x_wconf 84' lang='lat' dir='ltr'><strong>Polit.</strong></span> <span class='ocrx_word' id='word_1_314' title='bbox 299 2893 338 2929; x_wconf 69' lang='grc' dir='ltr'><strong>δε</strong></span> <span class='ocrx_word' id='word_1_315' title='bbox 358 2902 517 2941; x_wconf 85' lang='lat' dir='ltr'><strong>quatuor</strong></span> <span class='ocrx_word' id='word_1_316' title='bbox 538 2904 734 2943; x_wconf 84' lang='lat' dir='ltr'><strong>praeterea.</strong></span> <span class='ocrx_word' id='word_1_317' title='bbox 765 2896 910 2933; x_wconf 68' lang='lat' dir='ltr'><strong>Hfims.</strong></span> 
     </span>
    </p>
   </div>
   <div class='ocr_carea' id='block_1_16' title="bbox 156 2955 1199 3154">
    <p class='ocr_par' dir='ltr' id='par_1_19' title="bbox 156 2955 1199 3154">
     <span class='ocr_line' id='line_1_52' title="bbox 214 2955 1198 3014; baseline 0.012 -26"><span class='ocrx_word' id='word_1_318' title='bbox 214 2961 273 3000; x_wconf 85' lang='lat'><strong>13.</strong></span> <span class='ocrx_word' id='word_1_319' title='bbox 300 2958 460 3001; x_wconf 82' lang='lat' dir='ltr'><strong>Cumque</strong></span> <span class='ocrx_word' id='word_1_320' title='bbox 476 2956 539 2997; x_wconf 81' lang='lat' dir='ltr'><strong>sua</strong></span> <span class='ocrx_word' id='word_1_321' title='bbox 559 2955 654 2993; x_wconf 83' lang='lat' dir='ltr'><strong>toties</strong></span> <span class='ocrx_word' id='word_1_322' title='bbox 672 2956 762 2994; x_wconf 79' lang='lat' dir='ltr'><strong>nihil</strong></span> <span class='ocrx_word' id='word_1_323' title='bbox 779 2971 818 2994; x_wconf 87' lang='lat' dir='ltr'><strong>ex</strong></span> <span class='ocrx_word' id='word_1_324' title='bbox 831 2957 1007 2997; x_wconf 80' lang='lat' dir='ltr'><strong>dulcedine</strong></span> <span class='ocrx_word' id='word_1_325' title='bbox 1017 2962 1198 3014; x_wconf 67' lang='lat' dir='ltr'><strong>perdant]</strong></span> 
     </span>
     <span class='ocr_line' id='line_1_53' title="bbox 159 3000 1199 3059; baseline 0.014 -22"><span class='ocrx_word' id='word_1_326' title='bbox 159 3000 265 3039; x_wconf 86' lang='lat' dir='ltr'><strong>Nihil</strong></span> <span class='ocrx_word' id='word_1_327' title='bbox 285 3003 334 3040; x_wconf 87' lang='lat' dir='ltr'><strong>est</strong></span> <span class='ocrx_word' id='word_1_328' title='bbox 355 3004 399 3041; x_wconf 84' lang='lat' dir='ltr'><strong>ad</strong></span> <span class='ocrx_word' id='word_1_329' title='bbox 427 3005 530 3053; x_wconf 88' lang='lat' dir='ltr'><strong>quod</strong></span> <span class='ocrx_word' id='word_1_330' title='bbox 551 3007 725 3045; x_wconf 84' lang='lat' dir='ltr'><strong>referatur</strong></span> <span class='ocrx_word' id='word_1_331' title='bbox 757 3010 798 3044; x_wconf 69' lang='grc' dir='ltr'><strong>τὸ</strong></span> <span class='ocrx_word' id='word_1_332' title='bbox 830 3009 938 3046; x_wconf 82' lang='lat' dir='ltr'><strong>toties.</strong></span> <span class='ocrx_word' id='word_1_333' title='bbox 975 3012 1129 3059; x_wconf 78' lang='lat' dir='ltr'><strong>Argenr.</strong></span> <span class='ocrx_word' id='word_1_334' title='bbox 1160 3016 1199 3052; x_wconf 90' lang='lat'>&amp;</span> 
     </span>
     <span class='ocr_line' id='line_1_54' title="bbox 162 3051 1199 3105; baseline 0.012 -17"><span class='ocrx_word' id='word_1_335' title='bbox 162 3051 328 3100; x_wconf 76' lang='lat' dir='ltr'><strong>quinque</strong></span> <span class='ocrx_word' id='word_1_336' title='bbox 350 3054 409 3091; x_wconf 80' lang='lat' dir='ltr'><strong>alii</strong></span> <span class='ocrx_word' id='word_1_337' title='bbox 431 3082 441 3099; x_wconf 90' lang='lat'>‚</span> <span class='ocrx_word' id='word_1_338' title='bbox 479 3061 638 3105; x_wconf 78' lang='lat' dir='ltr'><strong>Cumque</strong></span> <span class='ocrx_word' id='word_1_339' title='bbox 669 3057 759 3093; x_wconf 68' lang='lat' dir='ltr'><strong>nihil</strong></span> <span class='ocrx_word' id='word_1_340' title='bbox 789 3059 887 3095; x_wconf 79' lang='lat' dir='ltr'><strong>toties</strong></span> <span class='ocrx_word' id='word_1_341' title='bbox 903 3060 988 3097; x_wconf 68' lang='lat' dir='ltr'><strong>lec&#39;ia</strong></span> <span class='ocrx_word' id='word_1_342' title='bbox 1007 3061 1023 3097; x_wconf 67' lang='lat' dir='ltr'><strong>xe</strong></span> <span class='ocrx_word' id='word_1_343' title='bbox 1044 3063 1199 3101; x_wconf 76' lang='lat' dir='ltr'><strong>dulcedi-</strong></span> 
     </span>
     <span class='ocr_line' id='line_1_55' title="bbox 156 3103 1175 3154; baseline 0.017 -18"><span class='ocrx_word' id='word_1_344' title='bbox 156 3111 205 3137; x_wconf 64' lang='lat' dir='ltr'><strong>«ne</strong></span> <span class='ocrx_word' id='word_1_345' title='bbox 223 3103 386 3149; x_wconf 83' lang='lat' dir='ltr'><strong>perdant.</strong></span> <span class='ocrx_word' id='word_1_346' title='bbox 424 3106 489 3144; x_wconf 87' lang='lat' dir='ltr'><strong>nifi</strong></span> <span class='ocrx_word' id='word_1_347' title='bbox 513 3107 616 3154; x_wconf 85' lang='lat' dir='ltr'><strong>quod</strong></span> <span class='ocrx_word' id='word_1_348' title='bbox 637 3106 656 3144; x_wconf 69' lang='lat'><strong>{1</strong></span> <span class='ocrx_word' id='word_1_349' title='bbox 677 3109 788 3147; x_wconf 85' lang='lat' dir='ltr'><strong>tribus</strong></span> <span class='ocrx_word' id='word_1_350' title='bbox 810 3109 904 3147; x_wconf 77' lang='lat' dir='ltr'><strong>abest</strong></span> <span class='ocrx_word' id='word_1_351' title='bbox 918 3112 958 3147; x_wconf 77' lang='grc' dir='ltr'><strong>τὸ</strong></span> <span class='ocrx_word' id='word_1_352' title='bbox 976 3112 1002 3148; x_wconf 77' lang='lat' dir='ltr'><strong>e.</strong></span> <span class='ocrx_word' id='word_1_353' title='bbox 1031 3114 1175 3153; x_wconf 54' lang='lat' dir='ltr'><strong>Hiems.</strong></span> 
     </span>
    </p>
   </div>
   <div class='ocr_carea' id='block_1_17' title="bbox 213 3163 930 3217">
    <p class='ocr_par' dir='ltr' id='par_1_20' title="bbox 213 3163 930 3217">
     <span class='ocr_line' id='line_1_56' title="bbox 213 3163 930 3217; baseline 0.014 -18"><span class='ocrx_word' id='word_1_354' title='bbox 213 3173 272 3208; x_wconf 84' lang='lat'><strong>14.</strong></span> <span class='ocrx_word' id='word_1_355' title='bbox 299 3163 480 3217; x_wconf 58' lang='lat' dir='ltr'><strong>Placent]</strong></span> <span class='ocrx_word' id='word_1_356' title='bbox 512 3168 638 3206; x_wconf 80' lang='lat' dir='ltr'><strong>Valent</strong></span> <span class='ocrx_word' id='word_1_357' title='bbox 659 3182 752 3209; x_wconf 85' lang='lat' dir='ltr'><strong>unus</strong></span> <span class='ocrx_word' id='word_1_358' title='bbox 774 3172 930 3211; x_wconf 85' lang='lat' dir='ltr'><strong>Heinfii.</strong></span> 
     </span>
    </p>
   </div>
   <div class='ocr_carea' id='block_1_18' title="bbox 153 3214 1202 3303">
    <p class='ocr_par' dir='ltr' id='par_1_21' title="bbox 153 3214 1202 3303">
     <span class='ocr_line' id='line_1_57' title="bbox 153 3214 1202 3303; baseline 0.018 -55"><span class='ocrx_word' id='word_1_359' title='bbox 153 3221 280 3303; x_wconf 38' lang='lat' dir='ltr'><strong>Bessssx&#39;fi</strong></span> <span class='ocrx_word' id='word_1_360' title='bbox 300 3214 438 3264; x_wconf 73' lang='lat' dir='ltr'><strong>Qibus</strong></span> <span class='ocrx_word' id='word_1_361' title='bbox 456 3217 588 3270; x_wconf 56' lang='lat' dir='ltr'><strong>baem]</strong></span> <span class='ocrx_word' id='word_1_362' title='bbox 634 3227 706 3275; x_wconf 68' lang='lat' dir='ltr'><strong>Hqc</strong></span> <span class='ocrx_word' id='word_1_363' title='bbox 738 3224 904 3273; x_wconf 86' lang='lat' dir='ltr'><strong>quinque</strong></span> <span class='ocrx_word' id='word_1_364' title='bbox 934 3224 1026 3266; x_wconf 83' lang='lat' dir='ltr'><strong>libri.</strong></span> <span class='ocrx_word' id='word_1_365' title='bbox 1048 3226 1107 3265; x_wconf 78' lang='lat' dir='ltr'><strong>hos</strong></span> <span class='ocrx_word' id='word_1_366' title='bbox 1128 3229 1202 3269; x_wconf 87' lang='lat' dir='ltr'><strong>Ms.</strong></span> 
     </span>
    </p>
   </div>
   <div class='ocr_carea' id='block_1_19' title="bbox 1258 2341 2303 2788">
    <p class='ocr_par' dir='ltr' id='par_1_22' title="bbox 1258 2341 2303 2446">
     <span class='ocr_line' id='line_1_58' title="bbox 1259 2341 2301 2393; baseline 0.01 -14"><span class='ocrx_word' id='word_1_367' title='bbox 1259 2341 1335 2380; x_wconf 86' lang='lat' dir='ltr'><strong>five</strong></span> <span class='ocrx_word' id='word_1_368' title='bbox 1349 2342 1369 2380; x_wconf 80' lang='grc' dir='ltr'>ὲ</span> <span class='ocrx_word' id='word_1_369' title='bbox 1380 2343 1486 2380; x_wconf 89' lang='lat' dir='ltr'><strong>fonte</strong></span> <span class='ocrx_word' id='word_1_370' title='bbox 1500 2370 1509 2388; x_wconf 92' lang='lat'><em>‚</em></span> <span class='ocrx_word' id='word_1_371' title='bbox 1523 2344 1594 2382; x_wconf 81' lang='lat' dir='ltr'><strong>sive</strong></span> <span class='ocrx_word' id='word_1_372' title='bbox 1608 2343 1715 2383; x_wconf 74' lang='lat' dir='ltr'><strong>elacu</strong></span> <span class='ocrx_word' id='word_1_373' title='bbox 1730 2373 1739 2389; x_wconf 94' lang='lat'><strong>,</strong></span> <span class='ocrx_word' id='word_1_374' title='bbox 1758 2346 1891 2393; x_wconf 79' lang='lat' dir='ltr'><strong>adferri</strong></span> <span class='ocrx_word' id='word_1_375' title='bbox 1902 2346 2057 2386; x_wconf 81' lang='lat' dir='ltr'><strong>debebat</strong></span> <span class='ocrx_word' id='word_1_376' title='bbox 2068 2347 2112 2385; x_wconf 78' lang='lat' dir='ltr'><strong>ad</strong></span> <span class='ocrx_word' id='word_1_377' title='bbox 2124 2350 2301 2389; x_wconf 75' lang='lat' dir='ltr'><strong>mensam.</strong></span> 
     </span>
     <span class='ocr_line' id='line_1_59' title="bbox 1258 2392 2303 2446; baseline 0.009 -16"><span class='ocrx_word' id='word_1_378' title='bbox 1258 2392 1458 2442; x_wconf 83' lang='lat' dir='ltr'><strong>legendum</strong></span> <span class='ocrx_word' id='word_1_379' title='bbox 1480 2395 1588 2432; x_wconf 84' lang='lat' dir='ltr'><strong>etiam</strong></span> <span class='ocrx_word' id='word_1_380' title='bbox 1604 2423 1614 2440; x_wconf 92' lang='lat'><strong>,</strong></span> <span class='ocrx_word' id='word_1_381' title='bbox 1628 2408 1716 2445; x_wconf 86' lang='lat' dir='ltr'><strong>quae</strong></span> <span class='ocrx_word' id='word_1_382' title='bbox 1726 2395 1841 2445; x_wconf 74' lang='lat' dir='ltr'><strong>stupet.</strong></span> <span class='ocrx_word' id='word_1_383' title='bbox 1854 2397 1988 2434; x_wconf 84' lang='lat' dir='ltr'><strong>dulcius</strong></span> <span class='ocrx_word' id='word_1_384' title='bbox 2004 2412 2045 2435; x_wconf 84' lang='lat' dir='ltr'><strong>ex</strong></span> <span class='ocrx_word' id='word_1_385' title='bbox 2068 2398 2132 2446; x_wconf 82' lang='lat' dir='ltr'><strong>ipso</strong></span> <span class='ocrx_word' id='word_1_386' title='bbox 2151 2398 2303 2440; x_wconf 85' lang='lat' dir='ltr'><strong>Putean.</strong></span> 
     </span>
    </p>

    <p class='ocr_par' dir='ltr' id='par_1_23' title="bbox 1259 2446 2302 2534">
     <span class='ocr_line' id='line_1_60' title="bbox 1314 2446 2302 2496; baseline 0.008 -14"><span class='ocrx_word' id='word_1_387' title='bbox 1314 2457 1371 2492; x_wconf 89' lang='lat'><strong>19.</strong></span> <span class='ocrx_word' id='word_1_388' title='bbox 1400 2446 1619 2496; x_wconf 74' lang='lat' dir='ltr'><strong>Decerpere.]</strong></span> <span class='ocrx_word' id='word_1_389' title='bbox 1648 2446 1839 2495; x_wconf 87' lang='lat' dir='ltr'><strong>Discerpere</strong></span> <span class='ocrx_word' id='word_1_390' title='bbox 1860 2449 2012 2487; x_wconf 74' lang='lat' dir='ltr'><strong>Moretj,</strong></span> <span class='ocrx_word' id='word_1_391' title='bbox 2034 2448 2196 2486; x_wconf 83' lang='lat' dir='ltr'><strong>deducere</strong></span> <span class='ocrx_word' id='word_1_392' title='bbox 2213 2451 2302 2490; x_wconf 76' lang='lat' dir='ltr'><strong>duo,</strong></span> 
     </span>
     <span class='ocr_line' id='line_1_61' title="bbox 1259 2494 1567 2534; baseline 0.013 -4"><span class='ocrx_word' id='word_1_393' title='bbox 1259 2494 1398 2532; x_wconf 83' lang='lat' dir='ltr'><strong>admoto</strong></span> <span class='ocrx_word' id='word_1_394' title='bbox 1421 2496 1567 2534; x_wconf 85' lang='lat' dir='ltr'><strong>Lovan.</strong></span> 
     </span>
    </p>

    <p class='ocr_par' dir='ltr' id='par_1_24' title="bbox 1258 2546 2302 2646">
     <span class='ocr_line' id='line_1_62' title="bbox 1312 2546 2302 2598; baseline 0.008 -16"><span class='ocrx_word' id='word_1_395' title='bbox 1312 2556 1373 2583; x_wconf 86' lang='lat'><strong>22.</strong></span> <span class='ocrx_word' id='word_1_396' title='bbox 1401 2546 1506 2593; x_wconf 56' lang='lat' dir='ltr'><strong>Quod</strong></span> <span class='ocrx_word' id='word_1_397' title='bbox 1526 2547 1628 2598; x_wconf 78' lang='lat' dir='ltr'><strong>legi.]</strong></span> <span class='ocrx_word' id='word_1_398' title='bbox 1668 2553 1822 2597; x_wconf 83' lang='lat' dir='ltr'><strong>Legerem</strong></span> <span class='ocrx_word' id='word_1_399' title='bbox 1845 2548 1998 2598; x_wconf 83' lang='lat' dir='ltr'><strong>Argent.</strong></span> <span class='ocrx_word' id='word_1_400' title='bbox 2019 2549 2056 2587; x_wconf 71' lang='grc' dir='ltr'><strong>ὃς</strong></span> <span class='ocrx_word' id='word_1_401' title='bbox 2075 2548 2133 2587; x_wconf 85' lang='lat' dir='ltr'><strong>sex</strong></span> <span class='ocrx_word' id='word_1_402' title='bbox 2155 2551 2225 2589; x_wconf 90' lang='lat' dir='ltr'><strong>alii.</strong></span> <span class='ocrx_word' id='word_1_403' title='bbox 2254 2551 2302 2590; x_wconf 68' lang='lat' dir='ltr'><strong>le·⁴</strong></span> 
     </span>
     <span class='ocr_line' id='line_1_63' title="bbox 1258 2595 1763 2646; baseline 0.01 -14"><span class='ocrx_word' id='word_1_404' title='bbox 1258 2595 1377 2645; x_wconf 76' lang='lat' dir='ltr'><strong>gimus</strong></span> <span class='ocrx_word' id='word_1_405' title='bbox 1392 2604 1462 2633; x_wconf 87' lang='lat' dir='ltr'><strong>tres</strong></span> <span class='ocrx_word' id='word_1_406' title='bbox 1483 2608 1566 2634; x_wconf 88' lang='lat' dir='ltr'><strong>cum</strong></span> <span class='ocrx_word' id='word_1_407' title='bbox 1591 2610 1643 2646; x_wconf 89' lang='lat' dir='ltr'><strong>pr.</strong></span> <span class='ocrx_word' id='word_1_408' title='bbox 1666 2599 1763 2637; x_wconf 85' lang='lat' dir='ltr'><strong>Edit.</strong></span> 
     </span>
    </p>

    <p class='ocr_par' dir='ltr' id='par_1_25' title="bbox 1258 2648 2299 2788">
     <span class='ocr_line' id='line_1_64' title="bbox 1311 2648 2299 2698; baseline 0.007 -15"><span class='ocrx_word' id='word_1_409' title='bbox 1311 2658 1372 2695; x_wconf 85' lang='lat'><strong>23.</strong></span> <span class='ocrx_word' id='word_1_410' title='bbox 1400 2652 1509 2697; x_wconf 74' lang='lat' dir='ltr'><strong>thue</strong></span> <span class='ocrx_word' id='word_1_411' title='bbox 1534 2650 1595 2695; x_wconf 85' lang='lat' dir='ltr'><strong>fui</strong></span> <span class='ocrx_word' id='word_1_412' title='bbox 1617 2649 1762 2697; x_wconf 81' lang='lat' dir='ltr'><strong>solitus,</strong></span> <span class='ocrx_word' id='word_1_413' title='bbox 1784 2648 1938 2697; x_wconf 75' lang='lat' dir='ltr'><strong>sediffem</strong></span> <span class='ocrx_word' id='word_1_414' title='bbox 1962 2649 2115 2698; x_wconf 81' lang='lat' dir='ltr'><strong>forsitan</strong></span> <span class='ocrx_word' id='word_1_415' title='bbox 2135 2665 2226 2689; x_wconf 84' lang='lat' dir='ltr'><strong>unus</strong></span> <span class='ocrx_word' id='word_1_416' title='bbox 2249 2659 2299 2690; x_wconf 82' lang='lat' dir='ltr'><strong>De</strong></span> 
     </span>
     <span class='ocr_line' id='line_1_65' title="bbox 1260 2698 2299 2753; baseline 0.009 -19"><span class='ocrx_word' id='word_1_417' title='bbox 1260 2708 1397 2735; x_wconf 80' lang='lat' dir='ltr'><strong>centum</strong></span> <span class='ocrx_word' id='word_1_418' title='bbox 1424 2698 1532 2744; x_wconf 80' lang='lat' dir='ltr'><strong>judex</strong></span> <span class='ocrx_word' id='word_1_419' title='bbox 1563 2699 1599 2735; x_wconf 83' lang='lat' dir='ltr'><strong>in</strong></span> <span class='ocrx_word' id='word_1_420' title='bbox 1632 2711 1694 2737; x_wconf 80' lang='lat' dir='ltr'><strong>tua</strong></span> <span class='ocrx_word' id='word_1_421' title='bbox 1717 2700 1824 2738; x_wconf 76' lang='lat' dir='ltr'><strong>verba</strong></span> <span class='ocrx_word' id='word_1_422' title='bbox 1843 2700 1970 2750; x_wconf 82' lang='lat' dir='ltr'><strong>viris.]</strong></span> <span class='ocrx_word' id='word_1_423' title='bbox 2015 2703 2104 2740; x_wconf 85' lang='lat' dir='ltr'><strong>Hoc</strong></span> <span class='ocrx_word' id='word_1_424' title='bbox 2124 2703 2172 2741; x_wconf 82' lang='lat' dir='ltr'><strong>est</strong></span> <span class='ocrx_word' id='word_1_425' title='bbox 2194 2705 2299 2753; x_wconf 78' lang='lat' dir='ltr'><strong>quod</strong></span> 
     </span>
     <span class='ocr_line' id='line_1_66' title="bbox 1258 2748 1659 2788; baseline 0.007 -3"><span class='ocrx_word' id='word_1_426' title='bbox 1258 2748 1376 2786; x_wconf 85' lang='lat' dir='ltr'><strong>scribit</strong></span> <span class='ocrx_word' id='word_1_427' title='bbox 1398 2749 1457 2786; x_wconf 87' lang='lat' dir='ltr'><strong>lib.</strong></span> <span class='ocrx_word' id='word_1_428' title='bbox 1479 2761 1527 2787; x_wconf 88' lang='lat'><strong>11.</strong></span> <span class='ocrx_word' id='word_1_429' title='bbox 1549 2750 1659 2788; x_wconf 81' lang='lat' dir='ltr'><strong>Trist.</strong></span> 
     </span>
    </p>
   </div>
   <div class='ocr_carea' id='block_1_20' title="bbox 1256 2816 2301 3120">
    <p class='ocr_par' dir='ltr' id='par_1_26' title="bbox 1256 2816 2301 3120">
     <span class='ocr_line' id='line_1_67' title="bbox 1311 2816 2242 2867; baseline 0.005 -13"><span class='ocrx_word' id='word_1_430' title='bbox 1311 2822 1392 2854; x_wconf 87' lang='lat' dir='ltr'><strong>Non</strong></span> <span class='ocrx_word' id='word_1_431' title='bbox 1420 2816 1510 2853; x_wconf 84' lang='lat' dir='ltr'><strong>male</strong></span> <span class='ocrx_word' id='word_1_432' title='bbox 1532 2816 1702 2865; x_wconf 79' lang='lat' dir='ltr'><strong>commissa</strong></span> <span class='ocrx_word' id='word_1_433' title='bbox 1723 2817 1766 2864; x_wconf 84' lang='lat' dir='ltr'><strong>est</strong></span> <span class='ocrx_word' id='word_1_434' title='bbox 1793 2817 1886 2855; x_wconf 80' lang='lat' dir='ltr'><strong>nobis</strong></span> <span class='ocrx_word' id='word_1_435' title='bbox 1902 2821 2052 2865; x_wconf 84' lang='lat' dir='ltr'><strong>fhrtuna</strong></span> <span class='ocrx_word' id='word_1_436' title='bbox 2085 2834 2242 2867; x_wconf 82' lang='lat' dir='ltr'><strong>reorum,</strong></span> 
     </span>
     <span class='ocr_line' id='line_1_68' title="bbox 1362 2868 2077 2917; baseline 0.007 -15"><span class='ocrx_word' id='word_1_437' title='bbox 1362 2873 1471 2916; x_wconf 83' lang='lat' dir='ltr'><strong>Usque</strong></span> <span class='ocrx_word' id='word_1_438' title='bbox 1492 2869 1602 2905; x_wconf 86' lang='lat' dir='ltr'><strong>decem</strong></span> <span class='ocrx_word' id='word_1_439' title='bbox 1626 2868 1730 2905; x_wconf 80' lang='lat' dir='ltr'><strong>decies</strong></span> <span class='ocrx_word' id='word_1_440' title='bbox 1749 2868 1956 2917; x_wconf 80' lang='lat' dir='ltr'><strong>inspicienda</strong></span> <span class='ocrx_word' id='word_1_441' title='bbox 1978 2872 2077 2907; x_wconf 81' lang='lat' dir='ltr'><strong>viris.</strong></span> 
     </span>
     <span class='ocr_line' id='line_1_69' title="bbox 1262 2917 1433 2954; baseline -0.006 0"><span class='ocrx_word' id='word_1_442' title='bbox 1262 2917 1433 2954; x_wconf 61' lang='lat' dir='ltr'><strong>Cxorms.</strong></span> 
     </span>
     <span class='ocr_line' id='line_1_70' title="bbox 1308 2968 2301 3019; baseline 0.008 -15"><span class='ocrx_word' id='word_1_443' title='bbox 1308 2969 1367 3004; x_wconf 89' lang='lat'><strong>26.</strong></span> <span class='ocrx_word' id='word_1_444' title='bbox 1394 2975 1486 3005; x_wconf 84' lang='lat' dir='ltr'><strong>Cum</strong></span> <span class='ocrx_word' id='word_1_445' title='bbox 1509 2968 1696 3019; x_wconf 54' lang='lat' dir='ltr'><strong>traherem]</strong></span> <span class='ocrx_word' id='word_1_446' title='bbox 1729 2969 1781 3007; x_wconf 84' lang='lat' dir='ltr'><strong>Ita</strong></span> <span class='ocrx_word' id='word_1_447' title='bbox 1805 2970 1919 3008; x_wconf 88' lang='lat' dir='ltr'><strong>edidit</strong></span> <span class='ocrx_word' id='word_1_448' title='bbox 1936 2971 2108 3010; x_wconf 69' lang='lat' dir='ltr'><strong>Heinsius</strong></span> <span class='ocrx_word' id='word_1_449' title='bbox 2129 2984 2174 3010; x_wconf 85' lang='lat' dir='ltr'><strong>ex</strong></span> <span class='ocrx_word' id='word_1_450' title='bbox 2196 2975 2301 3013; x_wconf 85' lang='lat' dir='ltr'><strong>codi-</strong></span> 
     </span>
     <span class='ocr_line' id='line_1_71' title="bbox 1257 3019 2298 3067; baseline 0.006 -11"><span class='ocrx_word' id='word_1_451' title='bbox 1257 3019 1355 3056; x_wconf 87' lang='lat' dir='ltr'><strong>cibus</strong></span> <span class='ocrx_word' id='word_1_452' title='bbox 1369 3030 1504 3067; x_wconf 78' lang='lat' dir='ltr'><strong>magno</strong></span> <span class='ocrx_word' id='word_1_453' title='bbox 1528 3032 1697 3057; x_wconf 86' lang='lat' dir='ltr'><strong>numero.</strong></span> <span class='ocrx_word' id='word_1_454' title='bbox 1723 3029 1830 3058; x_wconf 75' lang='lat' dir='ltr'><strong>antea</strong></span> <span class='ocrx_word' id='word_1_455' title='bbox 1853 3022 1937 3058; x_wconf 78' lang='lat' dir='ltr'><strong>(lum</strong></span> <span class='ocrx_word' id='word_1_456' title='bbox 1959 3032 2045 3060; x_wconf 84' lang='lat' dir='ltr'><strong>erat.</strong></span> <span class='ocrx_word' id='word_1_457' title='bbox 2062 3025 2298 3062; x_wconf 78' lang='lat' dir='ltr'><strong>contraherem</strong></span> 
     </span>
     <span class='ocr_line' id='line_1_72' title="bbox 1256 3069 2081 3120; baseline 0.005 -13"><span class='ocrx_word' id='word_1_458' title='bbox 1256 3070 1340 3116; x_wconf 88' lang='lat' dir='ltr'><strong>Jun.</strong></span> <span class='ocrx_word' id='word_1_459' title='bbox 1361 3069 1598 3114; x_wconf 78' lang='lat' dir='ltr'><strong>contraheret,</strong></span> <span class='ocrx_word' id='word_1_460' title='bbox 1627 3073 1690 3115; x_wconf 86' lang='lat'><strong>&amp;‚</strong></span> <span class='ocrx_word' id='word_1_461' title='bbox 1719 3083 1952 3120; x_wconf 79' lang='lat' dir='ltr'><strong>annueretque</strong></span> <span class='ocrx_word' id='word_1_462' title='bbox 1978 3073 2081 3111; x_wconf 66' lang='lat' dir='ltr'><strong>Leid.</strong></span> 
     </span>
    </p>
   </div>
   <div class='ocr_carea' id='block_1_21' title="bbox 1258 3133 2304 3390">
    <p class='ocr_par' dir='ltr' id='par_1_27' title="bbox 1258 3133 2301 3338">
     <span class='ocr_line' id='line_1_73' title="bbox 1308 3133 2296 3189; baseline 0.01 -21"><span class='ocrx_word' id='word_1_463' title='bbox 1308 3142 1371 3181; x_wconf 83' lang='lat'><strong>29.</strong></span> <span class='ocrx_word' id='word_1_464' title='bbox 1397 3138 1439 3170; x_wconf 83' lang='lat' dir='ltr'><strong>Ut</strong></span> <span class='ocrx_word' id='word_1_465' title='bbox 1463 3133 1587 3171; x_wconf 76' lang='lat' dir='ltr'><strong>videar</strong></span> <span class='ocrx_word' id='word_1_466' title='bbox 1613 3146 1724 3171; x_wconf 84' lang='lat' dir='ltr'><strong>tecum</strong></span> <span class='ocrx_word' id='word_1_467' title='bbox 1748 3136 1856 3184; x_wconf 78' lang='lat' dir='ltr'><strong>magis</strong></span> <span class='ocrx_word' id='word_1_468' title='bbox 1883 3138 1938 3186; x_wconf 79' lang='lat' dir='ltr'><strong>effe</strong></span> <span class='ocrx_word' id='word_1_469' title='bbox 1963 3138 2135 3189; x_wconf 52' lang='lat' dir='ltr'><strong>legenda]</strong></span> <span class='ocrx_word' id='word_1_470' title='bbox 2166 3142 2296 3179; x_wconf 66' lang='lat' dir='ltr'><strong>Codex</strong></span> 
     </span>
     <span class='ocr_line' id='line_1_74' title="bbox 1258 3182 2297 3233; baseline 0.009 -14"><span class='ocrx_word' id='word_1_471' title='bbox 1258 3182 1428 3231; x_wconf 73' lang='lat' dir='ltr'><strong>Scaligeri</strong></span> <span class='ocrx_word' id='word_1_472' title='bbox 1450 3212 1460 3228; x_wconf 94' lang='lat'><strong>,</strong></span> <span class='ocrx_word' id='word_1_473' title='bbox 1499 3184 1675 3233; x_wconf 71' lang='lat' dir='ltr'><strong>loquendo.</strong></span> <span class='ocrx_word' id='word_1_474' title='bbox 1705 3195 1744 3223; x_wconf 89' lang='lat' dir='ltr'><strong>ut</strong></span> <span class='ocrx_word' id='word_1_475' title='bbox 1775 3189 1811 3223; x_wconf 69' lang='grc' dir='ltr'><strong>ὅ(</strong></span> <span class='ocrx_word' id='word_1_476' title='bbox 1836 3187 1896 3226; x_wconf 77' lang='lat' dir='ltr'><strong>alii</strong></span> <span class='ocrx_word' id='word_1_477' title='bbox 1929 3192 2107 3227; x_wconf 85' lang='lat' dir='ltr'><strong>nonnulli.</strong></span> <span class='ocrx_word' id='word_1_478' title='bbox 2135 3191 2191 3226; x_wconf 77' lang='lat' dir='ltr'><strong>sed</strong></span> <span class='ocrx_word' id='word_1_479' title='bbox 2224 3194 2297 3229; x_wconf 72' lang='lat' dir='ltr'><strong>liu·</strong></span> 
     </span>
     <span class='ocr_line' id='line_1_75' title="bbox 1258 3233 2298 3287; baseline 0.008 -17"><span class='ocrx_word' id='word_1_480' title='bbox 1258 3233 1337 3270; x_wconf 83' lang='lat' dir='ltr'><strong>stra.</strong></span> <span class='ocrx_word' id='word_1_481' title='bbox 1366 3246 1480 3277; x_wconf 86' lang='lat' dir='ltr'><strong>mox,</strong></span> <span class='ocrx_word' id='word_1_482' title='bbox 1510 3237 1727 3285; x_wconf 72' lang='lat' dir='ltr'><strong>exemploque</strong></span> <span class='ocrx_word' id='word_1_483' title='bbox 1754 3238 1821 3274; x_wconf 84' lang='lat' dir='ltr'><strong>mei</strong></span> <span class='ocrx_word' id='word_1_484' title='bbox 1845 3265 1854 3281; x_wconf 95' lang='lat'><strong>,</strong></span> <span class='ocrx_word' id='word_1_485' title='bbox 1891 3251 1957 3287; x_wconf 83' lang='lat' dir='ltr'><strong>pro</strong></span> <span class='ocrx_word' id='word_1_486' title='bbox 1986 3253 2056 3274; x_wconf 73' lang='lat' dir='ltr'><strong>mee</strong></span> <span class='ocrx_word' id='word_1_487' title='bbox 2079 3240 2207 3276; x_wconf 68' lang='lat' dir='ltr'><strong>decem</strong></span> <span class='ocrx_word' id='word_1_488' title='bbox 2233 3254 2298 3279; x_wconf 87' lang='lat' dir='ltr'><strong>ve-</strong></span> 
     </span>
     <span class='ocr_line' id='line_1_76' title="bbox 1259 3285 2301 3338; baseline 0.008 -17"><span class='ocrx_word' id='word_1_489' title='bbox 1259 3285 1520 3324; x_wconf 53' lang='lat' dir='ltr'><strong>teresHms.</strong></span> <span class='ocrx_word' id='word_1_490' title='bbox 1550 3289 1728 3335; x_wconf 78' lang='lat' dir='ltr'><strong>Legenda,</strong></span> <span class='ocrx_word' id='word_1_491' title='bbox 1750 3287 1880 3328; x_wconf 84' lang='lat' dir='ltr'><strong>scilicet</strong></span> <span class='ocrx_word' id='word_1_492' title='bbox 1901 3292 2062 3338; x_wconf 74' lang='lat' dir='ltr'><strong>pignora,</strong></span> <span class='ocrx_word' id='word_1_493' title='bbox 2083 3298 2173 3338; x_wconf 79' lang='lat' dir='ltr'><strong>puto</strong></span> <span class='ocrx_word' id='word_1_494' title='bbox 2195 3302 2301 3338; x_wconf 72' lang='lat' dir='ltr'><strong>prae-</strong></span> 
     </span>
    </p>

    <p class='ocr_par' dir='ltr' id='par_1_28' title="bbox 1438 3336 2304 3390">
     <span class='ocr_line' id='line_1_77' title="bbox 1438 3336 2304 3390; baseline 0.009 -16"><span class='ocrx_word' id='word_1_495' title='bbox 1438 3336 1473 3374; x_wconf 69' lang='lat' dir='ltr'>N</span> <span class='ocrx_word' id='word_1_496' title='bbox 1489 3347 1579 3376; x_wconf 88' lang='lat' dir='ltr'><strong>nnn</strong></span> <span class='ocrx_word' id='word_1_497' title='bbox 1593 3349 1616 3376; x_wconf 85' lang='lat' dir='ltr'><strong>n</strong></span> <span class='ocrx_word' id='word_1_498' title='bbox 1649 3349 1668 3390; x_wconf 78' lang='lat'>3</span> <span class='ocrx_word' id='word_1_499' title='bbox 2206 3342 2304 3384; x_wconf 67' lang='lat' dir='ltr'><strong>stare.</strong></span> 
     </span>
    </p>
   </div>
  </div>
 </body>
</html>
