2495 3675
417 177 464 232 F
537 176 593 232 A
670 174 707 230 S
782 172 841 228 T
912 168 1093 229 OR
1164 164 1364 222 U'M
1474 166 1835 236 L1Bqlv.

2104 186 2208 253 ²79

335 288 503 347 Haud
528 290 673 347 secus
696 289 956 354 indoluit,
991 302 1153 359 quam
1178 281 1215 338 fi
1242 283 1411 339 modo
1435 299 1580 359 rapta
1603 287 1807 352 fuiffet,

199 372 299 422 610

412 364 622 420 Moesta
650 380 870 436 parens;
912 360 1073 429 longa
1100 358 1299 430 vixque
1328 356 1525 413 refesta
1562 364 1714 416 mora
1738 362 1831 418 est.

339 439 525 511 Atque
552 438 656 502 ita,
692 437 809 493 Nec
833 433 987 489 nobis
1009 431 1222 486 coelum
1259 429 1334 486 est
1360 431 1672 500 habitabile,
1709 434 1870 492 dixit:
1903 435 1907 439 ⁴

414 511 678 566 Taenaria
702 509 868 579 recipi
893 523 980 560 me
1006 521 1227 578 quoque
1254 505 1386 559 valle
1406 505 1550 576 jube.

341 583 415 639 Et
444 583 640 638 factura
661 582 790 636 fuit:
832 578 1010 651 pactus
1036 577 1128 631 nifi
1147 577 1394 648 juppiter
1418 578 1578 644 effer,

407 657 497 711 Bis
524 655 687 709 tribus
713 665 771 707 ut
799 653 957 707 coelo
982 650 1243 705 menfibus
1267 650 1351 703 illa
1377 649 1533 707 foret.

126 759 129 766 ·
198 736 294 800 615
333 729 483 784 Tum
510 726 730 780 demum
757 726 1040 797 vultusque
1064 722 1235 777 Ceres
1259 723 1606 798 animumque
1632 729 1878 801 recepit;

410 798 770 871 Imposuitque
791 798 910 852 suae
934 798 1106 868 spicea
1130 796 1263 851 serta
1286 813 1489 852 comae.

342 874 624 943 Largaque
649 872 899 943 provenit
925 868 1126 924 ceflatis
1150 867 1327 924 meffis
1351 869 1405 924 in
1434 871 1600 934 arvi83

416 944 486 999 Et
513 945 603 999 vix
626 942 898 1015 congestas
924 959 1042 997 area
1065 943 1208 1011 cepit
1232 959 1375 1013 opes,

343 1016 480 1073 Alba
512 1017 708 1072 decent
733 1016 1015 1072 Cererem:
1061 1015 1227 1069 vestes
1252 1015 1565 1072 Cerealibus
1591 1017 1728 1073 albas

205 1099 306 1149 620

417 1089 638 1145 Sumite.
679 1107 819 1144 nunc
844 1089 973 1161 pulli
996 1088 1200 1145 velleris
1229 1087 1346 1142 usus
1370 1088 1525 1144 abest.

495 1163 703 1235 Ccupat
730 1163 940 1234 Apriles
965 1161 1086 1215 Idus
1115 1161 1441 1232 cognomine
1469 1161 1661 1219 vic-tor

350 1165 489 1304 O
559 1236 805 1308 Juppiter
827 1253 838 1288 τ
882 1236 979 1290 hac
1007 1234 1080 1288 illi
1106 1233 1222 1288 sunt
1247 1234 1370 1287 data
1396 1237 1592 1306 templa
1618 1236 1723 1290 die.

339 1307 465 1364 Hac
490 1325 740 1379 quoque,
784 1308 836 1362 ni
861 1307 1038 1370 fallor,
1076 1307 1278 1376 populo
1302 1306 1602 1377 digniflima
1637 1308 1817 1364 nostro

409 1382 563 1435 Atria
587 1380 831 1435 Libertas
857 1380 1036 1450 coepit
1062 1379 1256 1432 habere
1284 1378 1388 1432 sua.

206 1462 302 1528 625
453 1453 570 1507 Uce
596 1453 835 1506 secutura
860 1463 1004 1504 tutos
1028 1463 1179 1521 pete,
1212 1450 1419 1513 navita,
1460 1464 1677 1522 portus;

349 1459 450 1592 L
526 1525 734 1581 Ventus
760 1523 824 1577 ab
852 1523 1041 1604 occasu
1066 1522 1325 1593 grandine
1349 1523 1549 1579 mixtus
1573 1525 1690 1579 erit.

114 1745 199 1791 615.
224 1746 312 1778 Tum
325 1739 464 1776 demum
483 1734 732 1784 vultumque]
760 1734 948 1784 Vultusque
957 1733 1099 1771 Mazar-

61 1795 204 1835 Zulich.
223 1789 326 1830 Vofl‘.
344 1791 382 1828 δε
401 1787 544 1827 Arond.
567 1798 658 1825 mox
678 1797 746 1835 pro
765 1791 945 1836 Largaque
959 1784 1072 1823 iidem
1087 1811 1097 1828 ,

57 1848 169 1896 prim.
187 1841 404 1882 Ambrofi&
422 1839 482 1878 sex
501 1839 583 1884 alii,
612 1843 804 1885 Longaque.
832 1837 977 1875 Hmzs.
1005 1841 1102 1872 Tunc

60 1897 203 1934 demum
225 1903 336 1932 mater
361 1891 574 1942 vultumque
600 1888 830 1937 animumque
859 1887 976 1937 recepit
1003 1887 1100 1944 Got-

62 1948 187 1996 torph.
216 1954 430 1995 mentemque
447 1947 547 1980 Ceres
573 1939 685 1978 anim.
716 1950 821 1978 unus.
839 1939 966 1987 refovit
987 1946 1100 1977 enam

62 1997 227 2036 Patavin.
247 1995 349 2046 quod
368 1993 530 2044 placebat
549 1989 720 2046 Heinsio.

115 2050 201 2095 617.
228 2043 371 2096 Ceffatis
380 2042 485 2092 melfis
500 2043 539 2081 in
550 2040 680 2091 arvis]
711 2039 864 2079 Adludit
883 2040 928 2078 ad
939 2051 995 2084 ea,
1009 2051 1104 2088 quae

64 2099 169 2139 finxit
190 2100 228 2136 in
245 2094 568 2146 Metamorph0fi‚
595 2093 640 2132 de
662 2091 802 2130 moesta
829 2093 866 2130 ὅ(
884 2089 1111 2130 iratacere-

63 2161 104 2191 te
128 2149 188 2189 lib.
209 2162 245 2188 v.
264 2161 348 2196 474.

90 2228 93 2231 ·
115 2211 231 2260 Nescit
249 2210 365 2248 adhuc
384 2209 444 2247 ubi
448 2207 497 2258 sit
507 2223 520 2253 3
548 2217 660 2245 terras
678 2215 798 2245 tamen
815 2206 968 2256 increpat
979 2220 1107 2252 omnes,

118 2270 343 2313 Ingratasque
358 2271 483 2305 vocat,
509 2272 568 2296 nec
578 2260 728 2306 frugum
749 2271 887 2295 munere
908 2258 1030 2306 dignas
1045 2274 1056 2295 .-

119 2313 338 2352 Trinacriam
356 2322 438 2350 ante
456 2310 566 2356 alias,
590 2310 629 2346 in
648 2309 721 2357 quoi
747 2308 887 2358 vestigia
907 2308 1032 2346 damni

119 2364 283 2415 Repperit.
310 2374 384 2404 σε.

68 2416 246 2455 Nestor..

121 2476 208 2514 618.
234 2474 413 2523 congestas
431 2485 512 2510 area
535 2471 617 2521 cepit
642 2470 755 2520 opes.]
811 2472 990 2521 Conjeelas
1015 2482 1109 2511 terra

68 2527 199 2578 ferebat
219 2535 287 2575 opes
308 2536 412 2563 unus.

120 2594 206 2642 619.
232 2590 332 2629 Alba
358 2590 475 2627 decent
503 2594 680 2633 Cererem,
707 2586 810 2635 vestes
835 2589 1031 2627 Cerealibus
1053 2589 1108 2626 al·

72 2643 131 2682 bas
151 2641 320 2690 sumite]
378 2641 436 2678 Sic
459 2639 508 2678 est
530 2642 566 2676 in
595 2639 705 2677 tribus
724 2638 923 2677 Vaticanis.
951 2641 1109 2689 optime.

72 2696 240 2734 emus.
278 2691 528 2730 Tertullianus
546 2691 583 2727 in
601 2689 666 2727 suo
685 2689 730 2727 de
749 2688 883 2733 Pallio,
913 2690 973 2729 ubi
995 2692 1033 2729 ὅ(
1054 2691 1109 2729 di-

74 2745 217 2785 stinctos
238 2743 380 2782 colores
398 2742 435 2779 in
458 2738 607 2789 antiqua
625 2740 872 2788 superstitione
886 2742 1018 2790 cuique
1039 2753 1109 2780 nu-

75 2797 165 2836 mini
185 2795 349 2844 proprios
381 2799 620 2830 annumerat:
648 2796 723 2828 Cur
743 2790 845 2846 istas,
872 2791 1013 2841 inquit,
1041 2805 1113 2829 non

71 2849 214 2896 Jpeflas3
244 2845 302 2882 vel
333 2842 408 2880 illos
437 2843 521 2880 item
553 2840 715 2886 habitus,
744 2853 805 2891 qut
831 2842 990 2879 novitate
1010 2842 1112 2888 vesli-

77 2907 133 2935 tus
151 2896 342 2945 religionem
371 2893 591 2930 mentiuntur
611 2901 627 2929 ἒ
663 2905 741 2928 cum
769 2891 808 2928 ob
834 2892 968 2929 cultum
997 2893 1115 2930 omnia

79 2946 302 2985 candidatum
324 2972 335 2990 ,
370 2954 414 2984 ω’
441 2943 480 2980 ob
508 2952 627 2980 notam
654 2943 770 2979 vittae
790 2970 801 2984 ‚
838 2943 1116 2992 &privilegium

75 2997 202 3046 galeri,
229 2995 344 3035 Cereri
362 2994 573 3031 initiantur-z
605 3005 682 3029 cum
712 2992 751 3029 ob
770 2993 947 3042 diversam
968 2994 1112 3043 affefflo-

78 3054 155 3084 nem
179 3046 363 3085 tenebricae
382 3044 483 3090 vestis
501 3072 510 3089 ‚
538 3054 581 3083 ω’
599 3043 712 3081 tetrici
724 3043 824 3092 super
844 3054 944 3094 caput
962 3044 1112 3090 velleris,

80 3097 120 3136 in
135 3098 286 3136 Bellonae
301 3107 430 3135 montes
441 3096 617 3144 fugantur
638 3110 648 3130 .·
688 3107 765 3130 cum
798 3093 931 3132 latioris
943 3105 1113 3145 purpurae

83 3146 222 3184 ambitio
241 3176 253 3192 ‚
287 3159 330 3188 (9·
354 3146 508 3184 Galatici
541 3144 671 3182 ruboris
697 3145 895 3193 supersellio
921 3152 1113 3183 Saturnum

86 3198 316 3236 commendat:
346 3211 423 3235 cum
452 3197 561 3246 ipsum
590 3195 650 3231 hoc
671 3195 820 3244 pallium
843 3194 999 3245 morosius
1021 3197 1114 3234 ordi-

85 3257 209 3284 natum
234 3275 245 3291 ‚
269 3259 311 3287 ω·
338 3247 487 3298 crepidae
512 3251 701 3283 Graecatae
730 3247 929 3285 Graecatim
954 3248 1115 3296 AEscula-

78 3298 134 3348 pio
156 3297 357 3339 adulantur.
403 3297 563 3348 Aliquos
589 3297 632 3335 τὸ
662 3296 862 3336 Graecatim
903 3296 1113 3348 expunxiffe

2124 1602 2208 1658 Sit

1154 1732 1271 1770 miror
1297 1732 1336 1770 &
1365 1732 1549 1781 indignor.
1586 1735 1765 1772 Nemori
1815 1734 1915 1772 Alba
1935 1735 2028 1774 decet
2045 1742 2205 1775 Cererem

1157 1782 1258 1829 Vestis
1275 1783 1503 1822 multi.forte
1517 1812 1528 1829 ‚
1557 1785 1656 1822 Alba
1676 1785 1794 1823 decent
1821 1791 1989 1825 Cererem.
2028 1788 2120 1836 festis
2139 1795 2206 1827 Ce-

1155 1832 1308 1871 realibus
1331 1834 1414 1872 a-lba
1434 1836 1574 1884 sumite.
1603 1848 1689 1875 nam
1709 1838 1979 1876 inconcinnum
2001 1839 2117 1878 videri
2136 1851 2205 1888 po-

1156 1885 1223 1923 test
1242 1885 1378 1924 eodem
1397 1886 1500 1925 versu
1524 1886 1624 1924 Alba
1646 1889 1685 1926 &
1707 1887 1812 1936 vestes
1831 1887 1930 1926 albas
1942 1889 2076 1928 dicere.
2105 1890 2206 1929 Alba

1160 1936 1286 2026 εῐᾶἰῐτιΒ,
1307 1945 1349 1975 ut
1373 1937 1582 1987 lugubria&
1601 1938 1729 1978 fimilia
1744 1967 1755 1985 ,
1777 1939 1961 1990 eleganter
1979 1941 2052 1979 dici
2071 1950 2206 1982 notum

1159 1999 1180 2025 e
1212 2015 1224 2027 .
1284 2001 1384 2026 uRM.

1210 2040 1295 2077 620.
1325 2045 1429 2076 Nunc
1445 2038 1535 2089 pulli
1553 2039 1690 2078 velleris
1706 2039 1786 2089 usus
1804 2040 1902 2089 abest.
1919 2042 1937 2092 ]
1987 2043 2117 2081 Livius
2147 2042 2209 2081 lib.'

1161 2102 1259 2128 xxix.
1287 2089 1332 2128 de
1350 2090 1486 2135 caede,
1514 2102 1626 2141 quam
1659 2092 1823 2131 Romani
1851 2093 1948 2142 apud
1981 2094 2134 2131 Cannas.
2146 2105 2207 2131 ac-

1164 2149 1361 2189 ceperunt:
1390 2147 1532 2179 Sacrum
1564 2141 1851 2192 anniversarium
1879 2145 2013 2181 Cereris
2032 2144 2209 2193 intermis-

1157 2192 1240 2240 sum
1265 2191 1309 2238 est
1328 2208 1339 2228 .·
1377 2193 1462 2242 quia
1483 2206 1542 2230 nec
1561 2193 1754 2242 lugentibus
1772 2194 1809 2231 id
1832 2196 1948 2242 facere
1978 2194 2020 2241 est
2042 2196 2124 2241 fas,
2152 2208 2225 2232 nec*

1165 2242 1240 2279 ulla
1261 2243 1300 2280 in
1317 2242 1382 2280 illa
1407 2243 1598 2293 tempestate
1623 2255 1786 2281 matrona
1811 2254 1924 2294 expers
1952 2245 2063 2282 laetus
2075 2248 2209 2291 suerat.

1167 2293 1338 2332 Cxorau.
1392 2293 1625 2333 Tenebricae
1643 2295 1746 2333 vestis
1775 2296 1813 2333 &
1841 2297 1959 2334 tetrici
1981 2296 2081 2345 supra
2102 2306 2208 2344 caput

1167 2344 1320 2383 velleris.
1333 2345 1509 2383 Neapor..

1214 2396 1300 2434 621.
1328 2397 1536 2444 cognomine
1554 2395 1665 2432 Villor
1681 2395 1883 2445 Juppiter.]
1933 2396 2054 2444 Hujus
2075 2395 2216 2433 aedem1

1162 2443 1324 2484 statuunt
1354 2447 1493 2495 antiqui
1522 2446 1630 2483 Urbis
1661 2445 1905 2493 Topographi
1938 2447 1974 2483 in
2001 2447 2150 2494 regione
2169 2458 2206 2485 x.

1162 2495 1204 2531 P.
1225 2496 1359 2533 Vistor
1386 2497 1422 2532 in
1449 2495 1600 2532 eadem:
1631 2499 1712 2530 Ara
1745 2495 1935 2538 Palatina,
1969 2495 2067 2531 aedes
2097 2497 2206 2539 Jovis

1166 2543 1329 2588 Villoris,
1356 2544 1477 2581 domus
1503 2543 1671 2592 Dionyfii.
1723 2545 1843 2582 Vovit
1873 2546 1967 2582 illam
2001 2547 2049 2594 Q.
2078 2545 2225 2585 Fabius.

1166 2593 1355 2632 Maximus
1375 2594 1562 2632 Rullianus
1592 2595 1728 2632 Consul
1755 2604 1882 2633 contra
1905 2596 2083 2633 Sanmites
2107 2608 2207 2634 anno

1165 2644 1275 2682 Urbis
1296 2644 1469 2683 conditae
1491 2657 1661 2683 cntvm.
1690 2645 1820 2684 Livius
1837 2646 1895 2683 lib.
1918 2659 1952 2683 x.
2002 2648 2068 2695 Ipse
2088 2646 2220 2683 aedem.

1161 2694 1256 2740 Jove·
1274 2695 1398 2732 Victori
1416 2696 1591 2747 spoliaque
1610 2695 1753 2742 hostium
1766 2710 1842 2733 cum
1866 2698 2028 2746 ‘vcviffem
2040 2697 2087 2733 ad
2099 2697 2223 2744 castras

1164 2746 1366 2783 Samnitum
1382 2747 1543 2794 perrexit.
1573 2747 1695 2784 ΝΕΑΡ.

1217 2797 1300 2845 623.
1329 2803 1405 2833 Hac
1416 2796 1780 2847 quoque‚nifallor.]
1798 2797 1928 2834 lisdem
1942 2797 2061 2836 Idibus
2074 2800 2207 2839 atrium

1168 2845 1362 2885 Libertatis
1385 2848 1628 2892 exstructunu
1658 2849 1785 2885 melius
1817 2848 1970 2886 dixerim
2003 2850 2179 2888 refectum
2197 2879 2207 2895 ‚

1168 2896 1192 2933 fi
1218 2897 1314 2935 nulla
1337 2910 1440 2935 mens
1462 2898 1598 2936 Nasoni
1627 2898 1671 2936 ad
1695 2899 1925 2936 Gracchum:
1954 2911 2040 2937 narn
2060 2901 2121 2938 hic
2139 2915 2211 2940 no·

1170 2948 1273 2985 mine
1302 2948 1473 2986 Tiberius
1512 2950 1649 2997 primus
1675 2950 1819 2986 Romae
1851 2949 2046 2988 dedicavit.
2101 2952 2210 2990 Fidus

1168 2998 1261 3035 testis
1289 2998 1510 3038 Plutarchus.
1569 3000 1795 3038 Restauravit
1827 3001 1948 3047 postea
1978 3001 2131 3039 Senator
2151 3005 2208 3040 ille

1168 3048 1298 3086 nobilis
1332 3049 1477 3087 Asinius
1507 3050 1639 3088 Pollio.
1679 3051 1875 3088 Suetonius
1892 3052 1950 3089 lib.
1970 3065 2014 3089 11.
2040 3054 2085 3090 de
2107 3053 2207 3090 sacris

1168 3099 1337 3146 operibus
1359 3100 1523 3149 Augusto
1540 3102 1719 3139 invitante
1736 3102 1919 3140 excitatis:
1949 3102 2102 3140 Mednni
2118 3103 2209 3139 mul-

1169 3150 1213 3185 tis
1232 3149 1400 3195 exstrueta
1416 3153 1524 3199 sunt,
1546 3151 1635 3200 ficut
1657 3152 1681 3188 a
1707 3159 1759 3188 M.
1782 3151 1933 3202 Philippo
1960 3155 2056 3189 aedes
2080 3159 2209 3189 Hercu-

1170 3199 1212 3235 lis
1237 3202 1447 3248 Musarum,
1474 3202 1500 3238 a
1522 3208 1560 3241 L.
1581 3203 1763 3248 Cornificio
1784 3202 1882 3238 aedes
1905 3205 2062 3245 Dianae,
2089 3203 2132 3237 ab
2155 3208 2209 3237 A·

1163 3248 1252 3298 finio
1281 3252 1430 3289 Pollione
1459 3257 1590 3290 atrium
1623 3252 1820 3289 Libertatis.
1873 3253 1942 3289 Sed
1971 3253 2135 3297 exstrut'la
2161 3251 2210 3287 ibi

1168 3300 1269 3340 idem
1291 3303 1394 3352 quod
1422 3312 1593 3352 reparata.
1633 3303 1763 3342 Nullus
1784 3311 1881 3340 certe
1911 3313 2041 3339 eorum
2068 3301 2211 3387 nigrum

2066 3360 2107 3386 ae
2136 3361 2226 3389 ium.
