2495 3675
493 147 1125 213 TRISTIUM

1194 148 1248 207 L
1283 171 1306 209 1
1337 157 1385 208 m
1454 151 1538 211 ΠΙ.
1613 153 1780 215 Eme.
1815 163 1893 221 X.¹
2145 160 2244 230 587

383 251 436 308 Si
461 250 556 306 tibi
592 250 692 305 tale
719 248 918 305 fretum
945 246 1250 321 quondam,
1287 245 1565 313 Leandre‚
1607 249 1812 316 fuiss'et3

449 324 578 379 Non
603 322 745 378 foret
773 321 1017 393 angustae
1041 337 1186 374 mors
1208 333 1296 375 tua
1320 320 1524 375 crimen
1549 339 1730 393 aquae.

383 395 532 451 Tum
564 413 740 467 neque
771 394 821 448 se
854 392 1013 464 pandi
1038 391 1248 462 possunt
1274 393 1548 464 delphines
1575 395 1628 450 in
1653 413 1800 451 auras

457 469 706 524 Tollere:
746 478 998 520 conantes
1023 466 1154 518 dura
1179 470 1397 519 coercet
1424 467 1606 522 hiems,

238 562 304 615 45
381 540 452 597 Et
478 554 799 614 quamquam
827 537 1027 591 Boreas
1046 536 1246 606 jaciatis
1272 539 1477 592 insonet
1503 539 1624 605 alis.

460 613 671 669 b‘luRus
695 611 748 664 in
780 607 981 662 obsesso
1012 612 1224 681 gurgite
1255 612 1425 664 nullus
1455 615 1575 667 erit.

380 686 715 756 Inclusaeque
741 681 864 753 gelu
889 681 1122 745 stabunt,
1161 694 1219 735 ut
1244 699 1537 744 marmore.
1577 702 1806 759 puppes:

453 758 569 812 Nec
594 756 792 828 poterit
820 754 1013 826 rigidas
1035 754 1238 808 findere
1265 772 1442 808 remus
1472 774 1644 829 aquaS.

381 830 631 888 Vidimus
656 830 711 882 in
737 827 903 898 glacie
929 827 1093 898 pisces
1121 826 1339 880 haerere
1366 829 1580 899 ligatos:

240 928 305 978 50
450 902 520 956 Et
548 918 664 973 pars
689 918 756 954 ex
780 900 876 953 illis
904 911 1019 952 tum
1045 916 1264 971 quoque
1290 899 1406 953 viva
1432 901 1548 956 fuit.

384 975 502 1031 Sive
528 975 690 1045 igitur
715 972 864 1026 nimii
891 970 1096 1026 Boreae
1120 973 1195 1025 vis
1225 972 1371 1025 saeva
1397 976 1618 1030 marinas
1633 1012 1651 1039 ,

455 1047 577 1102 Sive
600 1044 919 1101 redundatas
946 1043 1169 1098 flumine
1195 1045 1342 1114 cogit
1366 1063 1550 1117 aquam

384 1120 636 1178 Protinus
661 1158 676 1183 ‚
713 1130 941 1190 aequato
966 1116 1112 1171 ficcis
1140 1117 1495 1189 Aquilonibus
1520 1119 1676 1185 Istro,

454 1192 726 1249 Invehitur
750 1191 912 1247 celeri
942 1190 1188 1246 barbarus
1222 1189 1379 1245 hostis
1405 1208 1576 1264 equo:

106 1465 199 1505 brica
219 1460 329 1510 crusta
342 1488 352 1505 ‚
376 1469 454 1498 non
475 1456 560 1496 testa
574 1485 585 1503 ‚
611 1456 686 1495 hoc
706 1454 755 1494 est
774 1454 858 1504 gelu
873 1454 1052 1493 lubricum
1070 1482 1081 1500 ,
1107 1454 1144 1492 in

102 1509 603 1613 2¹22125¹¹363023n¹32¹1522
617 1506 1144 1605 sffitasspffirffltaffffljfflffss

105 1617 245 1664 crustae.
273 1615 436 1651 MERUL.
491 1609 561 1647 Sed
579 1608 653 1646 slve
681 1607 787 1653 testa,
814 1606 888 1645 sive
910 1607 1019 1654 crusta
1046 1607 1143 1655 lega·

104 1677 187 1711 tur,
214 1666 259 1703 de
291 1675 383 1713 aqua
413 1663 449 1699 in
478 1660 588 1699 testae
617 1669 762 1696 morem
794 1658 983 1707 congelata
1010 1658 1144 1696 intelli-

104 1717 267 1765 gendum
284 1744 294 1760 ,
320 1725 396 1752 non
408 1711 581 1759 delapide
593 1709 714 1747 coetui
730 1737 740 1753 ,
767 1717 807 1746 ut
820 1709 964 1746 Merula
975 1708 1144 1746 somniat.

105 1770 288 1807 Mici-Lt.
324 1765 412 1802 Non
432 1762 528 1800 reete
558 1759 739 1798 Heraldus
759 1760 850 1798 haec
868 1759 976 1797 verba
996 1759 1144 1797 adducit

105 1819 152 1858 ad
176 1821 319 1855 Minue.
337 1815 446 1852 Felic.
469 1824 545 1860 cap.
560 1824 621 1849 111.
648 1819 688 1848 ut
701 1810 884 1848 illustraret
903 1809 1019 1847 lusum
1040 1809 1143 1848 illurn

102 1869 280 1920 puerilem
304 1895 315 1913 ,
350 1863 490 1908 ψηφῖδα
510 1862 650 1900 dietum
680 1861 852 1906 Graecis,
881 1860 940 1898 sed
971 1860 1144 1909 Micyllus

105 1923 146 1959 δί
169 1918 339 1957 Heinsius
358 1915 476 1962 testam
498 1912 686 1961 capiebant
713 1923 780 1960 pro
802 1912 940 1962 glacie,
968 1919 1009 1948 ut
1026 1912 1062 1948 in
1083 1911 1145 1948 illo

104 1971 382 2019 Epigrammate
400 1964 496 2015 apud
507 1964 692 2013 Pith.pag.
709 1974 790 2012 ¹05·
816 1964 877 2000 De
896 1973 1011 2011 puero
1025 1960 1148 2000 Thra-

108 2032 171 2060 ce:

156 2082 319 2131 Abscidit
337 2080 402 2118 heu
422 2089 577 2118 tenerum
599 2077 732 2116 lubrica
753 2078 834 2126 testa
858 2086 970 2126 caput.

107 2148 292 2187 insolitum
314 2156 437 2185 tamen
471 2144 539 2183 effe
566 2153 658 2194 puto
689 2143 809 2192 testam
832 2155 897 2191 pro
920 2141 1034 2191 glacie
1053 2140 1152 2178 dice-

105 2210 144 2237 re
167 2227 177 2244 ,
205 2201 242 2237 ὃς
265 2199 350 2236 ideo
376 2198 526 2240 dubito,
558 2208 603 2234 an
621 2207 698 2233 non
720 2195 962 2243 praeferenda
981 2191 1151 2230 Francof.

108 2251 243 2289 codicis
263 2249 430 2297 scriptura
444 2275 454 2291 ,
482 2257 576 2296 quae
593 2246 702 2283 habet
715 2273 725 2290 ,

160 2309 373 2356 Lubricaque
393 2306 577 2356 immensas
597 2305 706 2352 crusta
731 2304 909 2356 premebat
926 2317 1048 2355 aquas.

111 2375 176 2414 nili
199 2374 301 2425 quod
320 2374 483 2410 immotas
512 2384 590 2409 non
620 2371 804 2408 moverim
821 2398 830 2413 ,
857 2370 941 2407 licet
969 2369 1152 2418 immensas

111 2425 334 2475 (quomodo
359 2426 395 2460 δε
415 2422 628 2468 Bernenfis)
658 2422 769 2458 etiarn
800 2420 941 2458 sensum
963 2422 1149 2469 optimum

112 2477 264 2518 efficiat,
292 2476 329 2512 &
354 2475 391 2511 in
409 2473 587 2521 plerisque
608 2472 740 2519 scriptis
769 2473 976 2518 reperiatur.
1004 2473 1152 2509 monuit

113 2528 152 2564 &
173 2527 219 2563 de
241 2528 308 2563 hac
327 2524 487 2562 lenione
508 2522 649 2559 Merula
664 2549 673 2565 ‚
698 2523 735 2559 ὃ(
754 2522 897 2570 Virgilii
925 2523 1011 2559 loco
1025 2534 1070 2559 ex
1084 2535 1151 2561 111.

114 2577 250 2625 Georg.
265 2576 348 2624 360.
376 2574 516 2616 firmat,
535 2573 595 2610 ubi
615 2572 794 2610 videndus
812 2573 956 2610 Servius
970 2573 1052 2621 ,qui
1073 2586 1150 2608 cru-

105 2627 201 2675 stum
222 2630 294 2664 lioc
314 2625 410 2663 sensu
438 2625 621 2662 feminino
652 2635 784 2673 genere
813 2623 886 2660 dici
908 2623 1016 2660 docet
1039 2638 1051 2666 ;
1090 2625 1148 2661 cui

113 2678 308 2716 adsentitur
337 2677 435 2713 Acro
458 2675 500 2711 ad
532 2675 660 2711 Horat.
682 2685 708 2711 1.
735 2674 807 2711 Sat.
827 2687 855 2712 1.
876 2685 936 2722 25.
972 2676 1009 2711 δί
1034 2675 1148 2712 Scho-

111 2728 222 2767 liastes
244 2726 397 2764 ineditus
420 2726 612 2761 Voslianus
634 2724 679 2762 ad
698 2725 860 2769 Juvenal.
883 2724 953 2761 Sat.
978 2737 1028 2762 ix.
1049 2725 1102 2768 jes.
1120 2738 1152 2772 ς.

113 2791 205 2827 quos
225 2788 347 2816 tamen
378 2778 508 2814 refutat
537 2774 702 2812 Beroald.
721 2774 765 2813 ad
789 2775 935 2824 Apulej.
956 2776 1049 2812 Met.
1071 2788 1151 2824 pag.

114 2831 197 2877 845.
228 2829 419 2866 Amminn.
448 2827 597 2863 Marcel.
620 2838 751 2863 xv.ro.
785 2825 903 2862 Hieme
928 2826 1054 2862 humus
1077 2840 1153 2862 cru-

114 2880 203 2926 stata
215 2879 401 2928 frigoribus
423 2906 431 2919 ‚
459 2889 502 2916 ⁴39·
529 2887 714 2926 tamquam
735 2876 889 2924 levigata
903 2904 914 2920 ,
942 2877 1080 2923 ideoque
1098 2876 1152 2913 la-

113 2930 202 2976 bilis.
231 2931 290 2968 ubi
311 2929 489 2967 videndae
513 2928 776 2976 Lindenbrogii
795 2936 918 2964 notae.
946 2926 1076 2965 Bunm.

168 3009 228 3047 39.
255 3003 314 3033 Sat
333 2993 415 3044 est.]
445 2993 535 3030 Satis
555 2992 704 3030 Bonon.

165 3071 225 3104 40.
253 3064 394 3095 Summa
417 3054 532 3104 suit.]
588 3054 703 3091 flava
734 3051 817 3102 fluit
846 3053 991 3093 Lovan.
1009 3055 1160 3104 summa

115 3107 196 3159 fluit
217 3108 384 3146 Bernens.

169 3189 228 3222 41.
256 3176 290 3213 Si
317 3174 378 3212 tibi
401 3175 470 3211 tale
486 3176 623 3221 fretum
640 3173 817 3224 quondam
842 3173 996 3211 Leandre
1014 3174 1152 3221 fuisset,

121 3231 203 3265 Non
217 3228 307 3272 soret
326 3227 484 3274 angustae
514 3238 603 3261 mors
621 3235 682 3261 tua
711 3229 839 3262 crimen
857 3225 1005 3274 aquae]
1059 3225 1153 3261 Tale

121 3277 309 3328 quippiam
341 3288 431 3316 mox
460 3276 640 3325 positurus
662 3275 710 3315 est
733 3289 742 3314 :
782 3277 993 3316 cumcuim
1014 3273 1154 3315 dixiffet

2058 1317 2250 1376 Hostis

1199 1454 1394 1493 Ponticam
1425 1454 1617 1502 regionem
1639 1455 1767 1504 'pomis
1798 1465 1918 1495 carere
1941 1484 1952 1502 ,
1979 1455 2095 1496 statim
2125 1457 2241 1498 subdit

1200 1506 1356 1544 Acontii
1375 1506 1607 1554 exemplum:

1253 1582 1363 1613 Poma
1383 1587 1481 1626 negat
1499 1578 1609 1627 regio.-
1639 1591 1695 1615 nec
1716 1577 1853 1615 haberet
1873 1579 2044 1617 Acontius
2058 1608 2067 1625 ,
2091 1582 2128 1619 in
2149 1595 2215 1632 quo

1201 1677 1233 1714 C
1302 1627 1464 1666 Scriberet
1485 1627 1540 1666 hic
1559 1628 1721 1667 dominae
1739 1629 1847 1666 verba
1868 1630 2007 1679 legenda
2019 1633 2116 1680 suae.

1237 1689 1371 1717 1·01=AN.

1249 1752 1312 1790 43.
1339 1740 1494 1791 pandi]
1526 1742 1641 1779 curvi
1661 1741 1813 1780 Putean.

1251 1819 1311 1856 45·
1338 1811 1384 1844 Et
1405 1821 1622 1858 quamquam
1640 1808 1799 1859 Boreas.]
1829 1809 1918 1847 Duo
1940 1809 2062 1849 Vatic.
2086 1810 2123 1847 δε
2143 1812 2244 1849 Maf-

1201 1858 1273 1903 fei,
1302 1862 1347 1895 Et
1379 1861 1557 1909 quamvis.
1591 1859 1697 1897 sonus
1727 1860 1837 1908 paulo
1868 1859 2025 1900 suavior.
2074 1862 2241 1901 CIOFAN.

1202 1908 1285 1957 Ego
1316 1921 1535 1959 quamquam
1576 1911 1795 1959 praeferrem
1819 1938 1829 1957 ,
1865 1922 1912 1949 ne
1934 1919 1991 1949 tot
2022 1923 2132 1950 voces
2161 1914 2198 1951 in
2231 1927 2247 1950 s

1202 1968 1349 1998 exeant.

1227 2070 1232 2075 .
1253 2030 1312 2066 47.
1339 2019 1556 2077 Inclttfifeque
1569 2021 1646 2070 gelu
1662 2021 1807 2067 stabunt
1827 2032 1868 2058 ut
1892 2036 2064 2063 marmore
2082 2027 2241 2078 puppes]

1204 2069 1321 2107 Iidem
1344 2070 1421 2108 hbri
1436 2084 1494 2114 ,tn
1514 2084 1705 2116 marmore,
1735 2072 1864 2120 probo.
1885 2087 2041 2112 marmor
2063 2089 2161 2116 mare
2184 2078 2246 2118 est.

1206 2128 1246 2158 ut
1268 2121 1305 2157 ὅ(
1328 2121 1424 2169 apud
1444 2121 1654 2170 Virgilium.
1694 2123 1863 2161 CxorAN.
1891 2125 2059 2174 Plerique
2081 2137 2218 2167 veteres
2232 2158 2251 2174 ,.

1205 2174 1254 2208 in.
1278 2171 1397 2217 Puto,
1415 2184 1472 2208 ceu
1501 2185 1682 2210 marmore.
1711 2173 1840 2212 eadem
1856 2174 2040 2214 diversitas
2061 2190 2130 2216 xii.
2152 2181 2254 2218 Met„-

1206 2222 1291 2267 487.
1318 2222 1379 2259 ubi
1407 2222 1502 2260 vide.
1530 2223 1631 2261 versu
1653 2227 1826 2272 proximo
1853 2238 1920 2274 pro
1945 2226 2078 2271 findere
2106 2243 2244 2275 remus,

1200 2273 1366 2322 stringere
1382 2272 1458 2310 duo
1485 2281 1648 2318 veteres,
1675 2287 1753 2312 non
1774 2276 1880 2313 male.
1898 2277 2055 2315 totidem
2077 2306 2085 2322 ‚
2104 2279 2243 2327 fingere,

1206 2333 1387 2372 quatuor,
1410 2324 1566 2372 pendere.
1593 2325 1688 2362 forte
1707 2338 1796 2374 pro,
1824 2327 1974 2363 tundere.
1994 2329 2111 2372 fodere
2124 2330 2244 2368 Com-

1207 2375 1346 2413 bianus.
1373 2375 1514 2412 Heius,
1549 2375 1706 2413 scindere
1735 2377 1902 2415 Bernens.
1934 2379 2074 2427 Gryph.
2098 2381 2243 2429 Micyll.

1207 2426 1245 2464 δε
1272 2426 1315 2464 al.
1327 2426 1476 2472 sundere
1497 2437 1600 2465 unus,
1626 2428 1730 2463 navis
1751 2440 1861 2477 aquas
1882 2428 1987 2465 Leid.

1257 2493 1317 2540 48.
1356 2499 1426 2529 Nec
1451 2492 1574 2539 poterit
1600 2491 1731 2547 regidas
1761 2490 1895 2537 findere
1937 2506 2051 2531 remus
2089 2495 2238 2548 aquas]

1206 2545 1313 2633 {laec
1332 2544 1380 2581 est
1414 2552 1517 2582 vetus
1545 2541 1686 2580 leeuo:
1726 2553 1838 2591 quam
1863 2555 1986 2581 veram
2010 2544 2245 2596 effejudico.2

1244 2607 1378 2633 romu.

1258 2674 1317 2710 50.
1344 2660 1406 2696 Sed
1427 2668 1509 2709 pars
1526 2673 1568 2696 ex
1593 2658 1706 2710 illis]
1760 2661 1887 2710 Lege,
1913 2664 1960 2698 Et
1972 2671 2067 2711 pars.
2094 2662 2239 2701 Hmw.

1208 2717 1251 2749 Et
1272 2711 1424 2750 habebat
1446 2723 1536 2749 unus
1558 2710 1687 2748 codex.

1264 2791 1321 2826 52.
1348 2778 1428 2814 sive
1444 2776 1695 2826 redundatas.]
1726 2778 1969 2815 Redzmdames
1985 2779 2090 2818 multi
2099 2791 2147 2818 ex
2160 2780 2253 2820 scri·-

1207 2831 1289 2880 ptis.
1314 2829 1373 2867 sed
1393 2829 1432 2865 &
1456 2841 1507 2865 vx.
1530 2829 1618 2866 Fast.
1638 2841 1722 2872 402.
1742 2829 1851 2866 dixit:

1207 2939 1235 2977 Β
1263 2895 1380 2926 Amne
1402 2889 1604 2927 redundatis
1615 2888 1703 2939 fuffa
1722 2891 1884 2929 madebat
1901 2891 2013 2943 aquis.

1242 2954 1338 2978 unm.

1260 3017 1316 3052 54.
1345 3005 1531 3043 Invehitur
1559 3006 1655 3044 celeri
1683 3005 1849 3044 barbarus
1877 3005 1974 3049 hostis
2001 3019 2105 3054 equo.-
2137 3004 2245 3050 Hostis

1209 3069 1290 3106 equo
1306 3055 1471 3109 pollens.]
1501 3057 1731 3107 Anadiplofis
1748 3086 1757 3101 ‚
1782 3068 1820 3095 ut
1841 3059 1889 3094 ait
1903 3059 2059 3105 Aquila,
2085 3057 2254 3101 Rufiniaff-

1210 3119 1277 3145 nus
1298 3109 1335 3143 25<
1355 3106 1463 3146 Beda.
1492 3108 1666 3157 Virgilius
1684 3109 1742 3145 lib.
1765 3122 1801 3145 x.
1829 3107 1980 3146 AEneid.

1252 3179 1256 3181 “
1433 3172 1588 3223 sequitur
1603 3171 1855 3221 pulcherrimus
1872 3171 2004 3217 Astur;

1258 3221 1371 3270 Astur
1389 3223 1596 3272 equofldens
1610 3251 1620 3267 ‚
1648 3235 1691 3262 ω’
1708 3221 1956 3269 verficcloribus
1973 3220 2094 3258 armis.

1211 3274 1382 3316 CiorAn.
1410 3275 1484 3325 ΘΕ
1505 3275 1646 3314 vehitur
1663 3274 1843 3323 Excerpta
1866 3272 1995 3311 Vossii.

2078 3318 2134 3368 56.
2165 3324 2259 3357 Lata·
