2495 3675
484 175 537 229 ‘F
607 175 662 230 A
736 175 772 230 S
846 171 906 230 T
979 172 1033 230 Ο
1105 171 1433 233 RUM
1554 185 1875 250 LIB.VI.

383 273 609 330 Moenia
634 274 969 331 Dardanides
999 291 1170 347 nuper
1192 290 1330 334 nova
1358 275 1560 332 fecerat
1584 276 1714 334 Ilus:

223 363 336 413 420

446 347 545 402 llus
573 348 746 404 adhuc
773 349 926 404 Afiae
955 348 1104 403 dives
1129 347 1352 402 habebat
1375 365 1519 420 opes,

370 418 630 475 Creditur
656 420 930 476 armiferae
954 419 1159 490 signum
1185 421 1412 477 coeleste
1440 421 1720 481 Minervae

446 493 602 549 Urbis
627 495 682 548 in
705 494 884 547 Iliacae
910 491 1166 547 desiluisse
1187 495 1326 566 juga.

370 565 515 620 Cura
542 567 724 621 videre
747 565 873 618 fuit:
915 564 1026 619 vidi
1053 568 1420 641 templumque
1446 570 1746 645 locumque,

438 640 568 693 Hoc
594 637 824 709 superest
848 637 937 691 illi:
988 637 1195 693 Pallada
1221 640 1399 696 Roma
1427 655 1591 700 tenet.

218 726 321 779 425
360 711 668 766 Consulitur
692 709 1023 765 Smintheus:
1063 713 1295 786 lucoque
1322 715 1572 772 obscurus
1606 735 1777 789 opaco

437 781 559 836 Hos
586 799 695 836 non
721 783 950 837 mentito
978 783 1214 839 reddidit
1240 804 1333 840 ore
1360 788 1538 844 sonos:

358 853 661 909 AEtheriam
701 855 902 910 servate
924 856 1097 911 Deam

1116 884 1128 920 3
1169 858 1436 915 servabitis
1460 861 1661 917 Urbem
1677 881 1689 914 :

423 926 711 1000 Imperium
734 928 912 984 secum
939 930 1216 986 transferet
1242 931 1324 986 illa
1349 933 1469 991 loci.

2086 1066 2210 1125 Ser-0·

63 1195 123 1226 cet
149 1187 186 1226 δε
212 1189 340 1237 templi
360 1189 510 1230 rudera:
539 1202 624 1230 narn
648 1199 731 1230 ante
752 1191 882 1231 Ovidii
900 1194 1059 1233 natalem
1083 1195 1102 1233 a
1159 1195 1330 1235 dicuntur
1353 1226 1363 1242 ,
1403 1209 1487 1237 cum
1518 1199 1562 1238 ad
1591 1211 1673 1238 eam
1703 1200 1867 1240 sedentes
1890 1201 2081 1242 arffiffime
2105 1206 2204 1248 illam

51 1237 217 1277 Fimbria
253 1241 454 1280 incensum.

59 1459 114 1496 ’τ’-ἔς
134 1455 289 1498 ’Λθῦκκέἱς
313 1468 603 1509 κκταφυνγοντων,
645 1475 679 1500 85
698 1459 789 1509 adusi,
819 1463 872 1508 νεῷ
896 1461 1097 1512 merstem-3.

57 1509 128 1547 Sed
150 1511 301 1549 fort-assis
324 1513 444 1560 postea
471 1512 663 1551 refetf'tum.
719 1513 770 1550 Ibi
802 1522 924 1551 autem
955 1515 1097 1564 semper

55 1559 270 1600 asservatum
302 1563 442 1612 fignum
474 1564 624 1613 aliquod
659 1563 854 1601 Minervae
882 1574 984 1603 certo
1019 1578 1096 1603 cer·

55 1611 149 1648 tius:
196 1624 280 1650 nam
313 1614 439 1652 Strabo
471 1613 532 1652 lib.
563 1626 655 1653 χιιι,
683 1622 722 1652 ut
752 1613 867 1652 vidisti
886 1643 897 1660 ‚
946 1618 1019 1666 agit
1047 1617 1093 1655 de

49 1660 211 1700 Palladio
240 1663 322 1702 suae
350 1666 484 1703 aetatis.
523 1665 699 1702 NEAPOL.
744 1665 841 1710 Vidi3
873 1678 957 1704 cum
986 1679 1095 1706 nem-

53 1722 100 1760 pe
121 1713 157 1750 in
179 1713 265 1751 Afia
284 1715 350 1752 iter
370 1715 461 1754 olim
484 1715 656 1754 facerem.
682 1714 756 1753 vid.
776 1729 803 1753 1.
835 1717 949 1755 Trist.
970 1731 1013 1756 rr.
1035 1730 1095 1766 77.

54 1765 94 1800 &
124 1775 156 1800 rx
188 1777 232 1802 ex
267 1765 373 1803 Pont.
403 1778 438 1803 x.
474 1778 529 1815 19.
572 1765 705 1804 deinde
729 1766 816 1816 lego
838 1795 850 1814 ‚
887 1767 948 1805 hoc
979 1769 1095 1818 super-

50 1812 94 1858 est
125 1814 170 1851 lli
193 1843 203 1860 ‚
232 1827 297 1864 pro
321 1817 408 1853 Ilii:
437 1817 539 1855 locus
569 1818 607 1855 &
633 1818 817 1866 ternplum
844 1826 988 1857 tantum
1020 1822 1095 1858 Mi·

48 1875 209 1911 nervae,
236 1865 256 1904 a
288 1868 510 1915 Lysimacho
543 1868 776 1906 instauratum
793 1897 803 1913 ,
831 1869 985 1919 superest
1008 1886 1019 1915 ;
1056 1872 1094 1910 δε

49 1915 244 1966 postquam
267 1916 287 1955 a
311 1918 467 1957 Fimbria
489 1919 678 1957 incensum
700 1918 838 1966 fuisset,
869 1922 1001 1960 iterum
1017 1951 1027 1967 ,
1056 1931 1096 1960 ut

48 1965 226 2014 Neapolis
257 1968 355 2007 reete
384 1969 576 2018 suspicatur
597 1998 608 2015 ‚
643 1969 858 2010 restitutum.
894 1971 955 2011 sed
981 1973 1094 2012 Palla-

47 2015 151 2054 dium
167 2019 290 2056 Roma
309 2028 423 2058 tenet.
456 2020 621 2058 Romani
643 2032 732 2059 vero
751 2021 871 2060 stantis
890 2023 1009 2072 effigie
1029 2025 1094 2063 ha-

47 2066 190 2106 buerint
203 2070 402 2109 Palladium
418 2080 481 2116 ,ut
501 2071 633 2110 infiniti
647 2072 784 2110 docent
805 2075 1090 2124 nummi,quod

47 2118 178 2157 melius
200 2121 290 2159 mihi
311 2123 510 2160 convenire
535 2121 699 2168 videtur,
731 2124 932 2172 Armiferae
959 2126 1091 2162 Miner-

41 2166 114 2205 θυαε
135 2197 146 2214 ,
183 2170 222 2209 &
249 2183 343 2221 quae
381 2184 425 2210 ex
456 2173 564 2211 coelo
590 2173 706 2211 desilit
733 2174 771 2211 in
807 2175 917 2213 Urbis
947 2174 1091 2225 Trojae

30 2218 144 2268 juga.
176 2222 214 2258 δε
243 2223 290 2260 ita
314 2223 484 2262 Bellicam
518 2224 754 2269 Minervam,
778 2225 930 2264 Phidiae
971 2238 1087 2275 opus,

43 2268 133 2317 stare
154 2271 287 2311 Noster
303 2273 391 2312 dicit
413 2287 464 2313 lv.
480 2286 526 2312 ex
551 2275 657 2313 Pont.
674 2288 702 2313 1.
727 2287 786 2324 32.
814 2277 851 2314 ὃ(
875 2277 924 2314 ita
943 2277 981 2314 in
1001 2279 1088 2316 loco

49 2320 209 2360 Homeri
227 2335 272 2361 ex
295 2324 395 2362 lli-ad.
416 2328 454 2362 Z.
476 2337 535 2374 92.
565 2324 775 2365 Scholiastes
803 2329 910 2376 capit.
928 2327 990 2363 ἐπὶ
1009 2331 1090 2373 γού-

48 2383 163 2418 νκσιν,
193 2385 258 2422 pro
286 2378 383 2418 παρᾰ
404 2378 477 2417 τοῖς
503 2377 646 2421 Ιγόνασιν
674 2404 684 2420 ,
721 2379 821 2422 παρὰ
853 2381 934 2420 τοῦς
963 2378 1087 2422 πὸδεις·

41 2416 163 2469 Ῥορθὸν
180 2425 249 2468 γὰρ
273 2427 314 2460 τὸ
334 2427 558 2464 Παλλάδιον.
587 2427 645 2464 vel
663 2426 758 2476 quia
772 2429 876 2477 pepla
898 2441 975 2466 non
997 2429 1088 2468 sole-

44 2471 131 2510 bant
153 2475 241 2521 poni
264 2476 299 2512 in
321 2476 471 2521 genibus
495 2504 506 2520 ,
530 2476 590 2513 sed
609 2477 649 2514 iis
670 2477 857 2516 simulacra
879 2479 1088 2519 velari.vid.

48 2522 169 2560 Schol.
197 2524 241 2560 ad
274 2523 396 2562 AEsch.
417 2528 514 2574 Sept.
547 2535 666 2564 contr.
692 2526 816 2566 Theb.
850 2540 931 2566 101.
968 2529 1089 2579 ficque

43 2572 162 2623 poffet
180 2570 266 2609 εἶναι
288 2575 350 2611 ἐπὶ
372 2578 530 2619 γούνασιν
549 2577 647 2624 capi,
662 2589 728 2624 pro
748 2576 912 2615 ἐπιξεῖνκι
932 2582 1092 2624 ’γούνασιν

44 2623 212 2672 imponere
237 2625 377 2673 genibus
398 2653 408 2669 ,
444 2627 479 2664 id
499 2626 547 2664 est
574 2639 621 2664 eo
658 2628 776 2666 velare
803 2641 934 2679 genua.
966 2643 1090 2681 neque

45 2675 158 2713 video
181 2703 191 2720 ,
227 2687 303 2724 quo
323 2677 411 2713 alter
443 2678 602 2715 Homeri
631 2678 733 2717 locus
755 2691 798 2718 ex
833 2681 929 2719 [liad.
951 2684 978 2719 Ι.
1004 2695 1088 2731 455.

45 2735 66 2763 a
87 2725 264 2764 Strabone
294 2727 492 2766 adducatur
514 2758 524 2772 ,
561 2729 626 2778 qui
655 2741 731 2767 non
754 2730 800 2768 de
835 2732 986 2780 genibus
1013 2734 1088 2771 Mi-

42 2787 178 2815 nervae
193 2805 202 2822 ‚
231 2777 291 2815 sed
313 2778 453 2824 Patris,
493 2781 550 2817 cui
571 2780 688 2818 infans
713 2789 816 2819 natus
839 2785 1087 2831 imponendus

46 2826 132 2864 effet
153 2856 163 2872 ,
201 2829 295 2877 agit,
321 2830 386 2866 nisi
411 2839 450 2867 ut
478 2831 563 2868 velit
589 2830 674 2867 inde
693 2832 864 2881 colligere
893 2833 992 2870 θεῖναι
1024 2834 1087 2871 ἐπὶ

43 2880 203 2923 γούνασιν
229 2877 298 2916 efl'e
328 2880 425 2917 idern
452 2909 462 2925 ,
513 2882 547 2918 ὅ(
578 2881 698 2919 valere
737 2893 845 2932 atque
880 2885 1086 2930 έφέσσεσθκι

45 2929 198 2975 (Strabo
219 2929 425 2977 ἐφέζεσθκι)
455 2933 626 2976 γούνασιν.
653 2932 723 2970 Sed
743 2945 829 2972 cum
854 2935 889 2973 id
910 2936 1084 2975 ultimum

46 2979 197 3018 verbum
221 2983 333 3030 magis
365 2982 529 3020 habitum
562 2984 636 3025 rei,
667 2985 724 3022 cui
754 2985 889 3035 aliquid
913 2987 1084 3036 impona·

44 3035 101 3067 tur
115 3058 125 3074 ,
143 3033 345 3080 exprimat,
362 3035 399 3070 &
415 3034 471 3071 iile
495 3035 603 3076 ritus,
622 3035 776 3072 infantes
794 3039 938 3084 gremio
961 3041 1083 3087 impo-

45 3081 178 3126 nendi,
205 3084 279 3120 hoc
299 3085 418 3133 exigat
439 3112 448 3127 ,
476 3085 628 3122 alterum
662 3085 812 3124 verbum
837 3086 1001 3126 ἐπιθεῖναι
1022 3102 1086 3126 ex-

46 3129 166 3177 plicari
197 3133 304 3171 debet
335 3146 378 3172 ex
411 3147 516 3173 more
545 3135 640 3173 istius
669 3136 755 3174 ritus
778 3165 788 3181 ,
825 3139 958 3178 scilicet
977 3141 1084 3189 peplo

45 3181 219 3220 vestiendi
238 3183 444 3230 simulacra,
473 3198 548 3224 non
571 3187 786 3235 imponendi
807 3190 953 3238 peplum
976 3192 1011 3229 in
1023 3204 1087 3240 ge-

47 3230 161 3289 nibus.
190 3243 368 3279 praeterea
398 3249 475 3274 non
503 3246 577 3275 tam
611 3238 706 3275 male
737 3239 817 3276 illos
843 3252 996 3289 capere,
1025 3244 1086 3290 qui

45 3281 111 3316 επὶ
130 3283 272 3326 γοῦνκσι
290 3287 436 3333 capiunt
460 3299 525 3334 pro
546 3291 641 3334 παρέι
666 3291 747 3332 τοὺς
775 3291 907 3334 mam,
937 3293 1084 3340 probat,

46 3330 238 3373 alterritus
262 3333 460 3384 supplicum
486 3365 497 3385 ‚
533 3341 597 3388 qui
626 3340 737 3380 etiam
768 3341 805 3380 in
827 3342 948 3393 statua
973 3343 1086 3394 sedere

522 1243 712 1290 Appianus
750 1245 787 1281 in
827 1245 1102 1284 Mithridatico:

51 1289 223 1330 ''i-:namn
243 1301 262 1342 {5
284 1291 339 1334 τὲς
364 1293 400 1331 o'u
419 1296 494 1332 ποσὶ
516 1292 644 1336 πάντας
660 1294 794 1343 ἔκτεινε,
826 1296 882 1342 5592}
903 1294 1014 1335 πάντα
1034 1298 1102 1336 elas-

53 1344 212 1398 ’φήμῃ-Ψ
242 1350 299 1395 ›qu
320 1345 377 1390 τὲς
397 1347 659 1400 πξετῧεῦσοιντοις
691 1353 717 1390 ἒς
739 1348 790 1387 τον
810 1347 934 1388 Ev'mm
954 1351 1100 1401 ὲλυμκί·

53 1416 124 1438 νετο
147 1411 308 1443 ποικίλως
332 1400 387 1441 ἕτε
405 1405 435 1442 ‘25⁰
453 1405 533 1455 ἱερῶν
552 1402 750 1467 φειὲέχξῖψῶυ
770 1434 780 1453 ⁷
812 1402 866 1442 ἔτε
889 1407 917 1444 ff
939 1410 966 1447 ἐς
984 1405 1012 1445 ‘2²‘
1033 1405 1098 1444 νεῶι·

499 1456 507 1470 Ι
650 1461 655 1470 ι

1160 1248 1457 1296 εοιηρῖεᾶυηωτ
1490 1279 1499 1295 ,
1555 1261 1593 1290 ut
1625 1252 1721 1300 apud
1761 1252 1924 1302 AEschyl.
1965 1255 2002 1292 in
2043 1255 2201 1296 Eumen.

1157 1310 1241 1342 412.
1269 1299 1328 1338 ubi
1360 1300 1455 1346 ξένος
1481 1300 1652 1347 ἐφήμενος
1679 1303 1815 1348 βρέτας
1834 1331 1843 1347 ,
1878 1303 1977 1342 reste
1999 1307 2087 1344 verti
2100 1307 2202 1355 posse

1157 1348 1202 1386 de
1235 1350 1337 1387 nudo
1370 1351 1542 1400 amplexu
1575 1353 1686 1391 docet
1718 1354 1894 1403 Stanlejus
1917 1383 1927 1399 ,
1964 1367 2086 1405 neque
2113 1359 2198 1397 inde

1155 1399 1300 1448 colligi,
1338 1401 1486 1440 statuam
1521 1404 1669 1442 Palladis
1696 1412 1756 1443 aut
1778 1405 1966 1452 Troianae
1995 1416 2056 1445 aut
2078 1409 2199 1453 Athe-

1152 1451 1284 1489 niensis
1311 1452 1414 1490 fuisie
1442 1453 1594 1492 sedentis
1623 1453 1748 1503 figura.
1785 1456 1982 1503 Virgilium
2013 1459 2125 1496 etiam
2157 1469 2198 1508 ut

1153 1501 1304 1539 stantem
1327 1503 1471 1542 Pallada
1493 1504 1707 1553 descripsiffe
1730 1514 1820 1554 puto
1840 1507 1896 1544 lib.
1920 1519 1965 1544 11.
1992 1519 2072 1555 174.

1384 1565 1500 1604 terque
1519 1556 1588 1605 ipsa
1603 1556 1673 1604 solo
1702 1556 1884 1603 (mirabile
1903 1558 2022 1606 dina)

1203 1603 1358 1641 Emicuit
1379 1633 1389 1649 ,
1419 1615 1650 1657 parmamque
1669 1609 1788 1654 serem
1817 1608 2019 1658 hastamque
2048 1615 2199 1657 tremene]

1327 1665 1411 1694 tem.

1150 1704 1209 1742 ubi
1231 1706 1329 1744 recle
1350 1707 1495 1746 Servius
1521 1706 1680 1758 Exfiluit.
1716 1707 1830 1757 Qasr*
1845 1722 1932 1759 quae
1953 1709 2074 1747 invita
2092 1712 2196 1761 confi*

1143 1754 1276 1801 flebat,
1305 1757 1415 1795 locum
1434 1758 1640 1801 damnarem
1669 1772 1748 1797 non
1770 1760 1881 1805 dicit,
1908 1759 2118 1808 confidebat,
2136 1763 2196 1801 sed

1150 1805 1354 1854 confistebat.
1381 1809 1479 1847 unde
1510 1818 1681 1859 apparet,
1707 1810 1831 1848 frustra
1852 1810 2017 1848 laborare
2038 1812 2198 1858 Germa-3

1152 1868 1242 1895 num
1259 1887 1269 1903 ‚
1296 1860 1360 1907 qui
1380 1859 1520 1897 emicuit
1537 1861 1712 1909 explicat,
1738 1872 1814 1910 quo
1845 1861 1969 1899 sedens
1987 1861 2099 1900 statua
2120 1864 2197 1901 sur-2

1151 1910 1304 1955 rexerit,
1333 1910 1371 1947 δε
1392 1911 1428 1948 in
1456 1910 1567 1960 pedes
1583 1911 1617 1948 se
1638 1912 1806 1949 erexerit.
1824 1910 1927 1960 quod
1951 1913 2116 1951 immane
2136 1915 2198 1952 fo-

1150 1968 1205 1997 ret
1222 1960 1430 2010 prodigium
1447 1989 1458 2007 ,
1484 1973 1569 2000 cum
1591 1962 1741 2000 sufficiat
1754 1962 1934 2010 prodigio
1954 1963 2108 2001 stantem
2127 1965 2197 2003 sta·

1149 2019 1251 2047 tuam
1271 2010 1468 2057 exfilussse,
1497 2024 1618 2062 neque
1647 2013 1730 2051 loca
1748 2013 1816 2051 alia
1837 2013 2002 2062 Virgilii,
2031 2014 2091 2052 ubi
2110 2017 2195 2053 emi-

1149 2061 1417 2100 care'dicuntur
1442 2065 1614 2101 homines
1634 2091 1645 2108 ,
1678 2063 1842 2102 indicant
1872 2075 1936 2101 eos
1959 2063 2106 2109 sedisse,
2134 2066 2195 2106 sed

1142 2111 1220 2199 {agn
1251 2112 1371 2151 restos
1398 2112 1551 2160 stetiffe,
1577 2122 1777 2164 antequam
1805 2114 1934 2153 saltum
1966 2114 2106 2154 darent.
2143 2118 2196 2165 ita

1162 2172 1171 2198 i
1198 2190 1206 2199 .
1230 2175 1282 2201 vx.
1300 2176 1334 2212 ς.

1370 2216 1548 2264 juvenum
1569 2228 1695 2254 manus
1715 2215 1842 2255 emicat
1859 2215 1986 2255 ardens

1198 2263 1295 2302 Litus
1313 2265 1353 2303 in
1373 2267 1579 2317 Hesperium.

1146 2314 1184 2352 &
1211 2315 1349 2363 paffim.
1381 2317 1559 2356 Ceterum
1591 2318 1675 2356 alias
1697 2319 1893 2357 Minervae
1913 2318 2064 2364 statuas}
2090 2328 2130 2360 ut
2151 2324 2191 2361 δε

1144 2365 1271 2403 Strabo
1291 2366 1425 2411 docet,
1454 2368 1556 2406 fuiffe
1576 2369 1739 2407 sedentes
1767 2371 2000 2407 manifestum
2023 2371 2093 2414 est;
2137 2374 2187 2410 ita

1143 2415 1347 2462 Lanificae,
1360 2419 1631 2456 domisedarum
1647 2429 1896 2457 matronarum
1910 2420 2073 2457 numinis
2085 2447 2095 2465 ,
2110 2423 2186 2458 Mi-

1141 2477 1278 2505 nervae
1292 2480 1406 2517 ,quae
1431 2481 1477 2506 ex
1497 2469 1665 2517 AEgypto
1686 2469 1904 2517 repetenda,
1932 2469 2086 2507 sedebat.
2107 2471 2186 2519 vid.{

1145 2516 1306 2555 Eustath.
1326 2518 1427 2556 lliad.
1448 2520 1488 2556 A.
1515 2531 1574 2567 3¹·
1600 2521 1638 2555 ὃς
1658 2520 1706 2556 ita
1737 2521 1881 2556 Romae
1902 2519 2087 2557 sedentem
2110 2522 2189 2566 Mif

1145 2577 1296 2605 nervam
1320 2567 1422 2606 fuisse
1452 2569 1578 2618 aliquis
1605 2569 1791 2617 colligeret
1820 2581 1864 2606 ex
1887 2569 2038 2607 Sueton.
2068 2571 2188 2620 Calig.·

1147 2629 1211 2664 ις.
1241 2618 1300 2656 ubi
1321 2619 1496 2665 infantem
1519 2619 1663 2665 Juliam
1687 2618 1878 2668 Drufillam
1899 2620 2029 2657 dicitur
2049 2622 2188 2659 Miner-

1143 2681 1214 2704 vae
1227 2671 1356 2717 gremio
1367 2670 1570 2719 imposuisse:
1585 2671 1642 2708 ubi
1658 2670 1769 2708 credo
1783 2670 2028 2718 Capitolinam
2043 2673 2190 2717 Minerff

1145 2730 1230 2756 vam
1251 2721 1425 2769 intelligi,
1451 2733 1562 2771 quain
1595 2733 1679 2758 cum
1711 2722 1804 2768 Jove
1827 2725 1862 2758 δε
1894 2721 2042 2768 Junone
2063 2723 2188 2760 cathe-

1144 2769 1229 2807 drae
1249 2771 1463 2809 inridentem
1500 2785 1543 2810 ex
1567 2783 1726 2810 nummo
1757 2772 1939 2809 Antonini
1966 2772 2017 2810 Pii
2039 2775 2189 2813 exhibet

1146 2821 1307 2868 Ryckius
1330 2822 1374 2859 de
1397 2822 1586 2871 Capitolio
1616 2834 1692 2871 cap.
1715 2835 1803 2860 xm.
1824 2823 1885 2859 ubi
1909 2823 1947 2860 ὃ(
1968 2823 2055 2860 alios
2076 2836 2188 2863 nuin-

1145 2881 1226 2908 mos
1258 2872 1436 2912 adducit.
1496 2873 1531 2909 in
1566 2874 1694 2917 quibus
1724 2874 1851 2910 eadem
1882 2873 2033 2911 numina
2060 2875 2186 2913 stantia

1144 2921 1422 2969 conspiciuntur.
1451 2923 1515 2960 nisi
1539 2924 1576 2960 ὃ(
1605 2925 1650 2961 ibi
1676 2935 1719 2960 ex
1753 2924 1957 2961 Homerica
1976 2925 2188 2969 locutione,

1142 2971 1187 3008 de
1207 2983 1279 3019 qua
1302 2974 1418 3010 modo
1436 2975 1577 3022 egimus
1593 3002 1602 3017 ,
1631 2975 1814 3022 capiamus
1835 2986 1900 3023 pro
1926 2975 1973 3010 ad
1995 2976 2091 3023 pedes
2105 3004 2115 3020 ‚
2136 2978 2183 3012 ad

1136 3022 1306 3069 gremium
1335 3024 1456 3071 posuit.
1500 3024 1559 3062 sed
1592 3037 1717 3073 parurn
1752 3025 1813 3062 sibi
1845 3026 2010 3062 constant
2046 3035 2186 3064 veteres

1143 3075 1178 3109 in
1204 3072 1321 3120 figuris
1346 3075 1524 3113 Deorum.
1550 3075 1595 3113 de
1618 3088 1695 3125 quo
1717 3078 1774 3125 egi
1796 3076 1900 3114 latius
1924 3078 1960 3114 in
1982 3077 2077 3122 Jove
2102 3077 2187 3118 Fui-2

1141 3133 1308 3172 geratore
1329 3136 1405 3175 cap.
1426 3138 1517 3165 xiix.
1537 3128 1573 3164 &
1597 3139 1678 3165 xiv,
1709 3127 1838 3164 Burin.

1191 3203 1274 3237 424.
1301 3193 1522 3242 Hocsnperest
1544 3192 1646 3244 illia]
1678 3179 2187 3236 Urfinicodex,illflHrmsss

1143 3241 1195 3279 Ita
1227 3245 1264 3280 ὅ(
1287 3242 1456 3281 Francos.
2181 3289 2186 3293 ,

1196 3293 1279 3339 426.
1308 3295 1458 3331 Memno
1483 3294 1674 3346 reddidit.]
1700 3295 1865 3348 Mentitus
1885 3292 1991 3331 edidit
2011 3290 2096 3327 alter
2115 3289 2187 3331 Pae

1143 3352 1239 3385 tean-

1318 3395 1411 3436 Eee
1439 3407 1459 3435 2
1951 3402 2032 3439 47-7·
2062 3385 2198 3426 ΛΜΨ
