2495 3675
519 194 1450 258 FASTORUM
1559 197 1889 258 Lrall,

2147 218 2239 262 133

534 320 623 374 Ox
649 318 737 372 ubi
765 313 1057 374 transierit,
1093 309 1251 364 solito
1278 307 1578 364 celebretur
1605 309 1842 375 honore,

244 397 348 462 640

149 603 234 653 636.
262 609 376 652 Larga
389 601 559 653 precaturi
578 599 708 649 sumite
725 597 814 634 vina
833 596 981 646 manu.]
1029 601 1142 633 Parca

100 653 190 692 vina
222 656 361 692 Mazar¹
391 656 429 692 ὅ(
471 664 535 701 pro
568 650 702 688 diversa
740 648 901 687 lectione
934 647 1142 685 Voffianus.

101 705 258 754 optime.
284 717 331 742 ne
355 704 487 742 dubita.
514 701 605 738 Non
633 702 731 737 enim
763 699 896 747 pocula
920 698 1085 736 describit
1102 699 1140 735 in

91 755 250 794 ‘salutem
270 754 440 801 Principis
458 751 655 788 haurienda
668 778 678 794 ,
705 750 807 799 quod
823 750 950 787 volunt
965 749 1140 797 interpre-

100 816 178 851 tes,
204 807 262 844 sed
289 804 521 844 libationem,
549 812 643 849 quae
673 812 783 850 parco
816 812 920 837 mero
948 801 985 837 in
1009 801 1136 837 focum

101 865 163 895 aut
181 855 340 894 mensam
361 851 476 890 effuso
506 851 627 889 fiebat.
654 851 785 899 utjam
806 851 1025 888 videbimus.
1062 851 1137 888 duo

102 907 270 950 codices,
290 914 471 953 precatura
483 915 605 939 manu.
632 913 724 939 unus
738 901 876 938 Medic.
903 914 1041 938 manus.
1064 902 1137 938 Le-

95 969 142 1007 ge
159 985 169 1001 ,
195 963 305 993 Parca
330 963 529 1002 precaturae
551 952 680 1000 sumite
703 952 792 988 vina
821 964 948 987 manus
972 979 983 997 ,
1022 960 1061 989 ut
1082 951 1136 989 su-

99 1019 161 1056 pra
190 1006 413 1044 monuimus.
449 1003 497 1042 fic
517 1012 624 1041 antea
645 1004 718 1040 hoc
740 1003 854 1047 libro,
882 1001 963 1052 198.
997 1001 1043 1040 de
1071 1002 1138 1041 Fa-

97 1058 185 1096 biis:

150 1107 280 1146 Sumite
295 1106 436 1156 gentiles
454 1118 556 1143 arma
570 1103 708 1155 profeffa
728 1117 865 1143 manus.

98 1158 161 1198 lib.
181 1171 232 1196 tv.
253 1170 334 1207 542.

150 1213 196 1247 Et
203 1209 342 1255 feriunt
358 1208 473 1247 molles
494 1217 615 1247 taurea
634 1218 728 1256 terga
747 1219 884 1245 manus.

101 1259 208 1299 Trist.
229 1273 255 1298 1.
276 1272 340 1298 111.
363 1259 422 1304 78.

151 1315 196 1347 Et
206 1312 343 1358 feriunt
360 1310 499 1357 moesiae
516 1312 648 1360 pefflora
666 1309 761 1346 nuda
780 1321 917 1347 manus.

102 1360 211 1400 Trist.
230 1374 293 1399 111.
318 1374 345 1399 1.
364 1362 423 1399 82.

98 1462 137 1501 H
152 1413 283 1449 Sumite
297 1412 444 1462 plebejae
468 1411 626 1449 carmina
644 1410 755 1459 nostra
777 1422 915 1449 manus.

143 1475 246 1502 Eius.

152 1515 237 1564 637.
265 1519 334 1558 Et,
361 1514 442 1551 bene
461 1513 560 1562 vos]
616 1514 718 1550 Nota
747 1509 904 1549 formula
926 1509 1018 1546 haec
1044 1508 1140 1547 inter

100 1564 256 1613 scyphos
275 1566 311 1601 δε
333 1565 464 1614 pocula
485 1566 736 1613 antiquorum.
780 1560 881 1598 Vide
911 1560 1081 1597 Plautum
1101 1560 1140 1597 in

98 1614 202 1653 Persa
224 1615 322 1659 Ac'tu
341 1627 378 1653 v.
411 1613 526 1652 Scena
554 1611 692 1663 prima,
717 1613 755 1650 ὃς
778 1613 816 1651 in
835 1611 962 1649 Sticho
985 1610 1084 1648 actu
1104 1622 1139 1647 v.

101 1664 218 1704 scena
235 1664 371 1714 quarta.
400 1666 575 1702 Nestor.

153 1715 238 1764 637.
264 1721 364 1759 Bene,
384 1727 423 1752 tu
434 1715 571 1764 patriae
583 1724 683 1765 pater
698 1743 708 1759 ‚
721 1714 842 1763 optime
856 1711 1011 1762 Caesam]
1027 1711 1112 1749 Inio
1127 1739 1139 1756 ,

104 1764 184 1803 bene
203 1794 212 1810 ,
230 1776 262 1803 te
276 1766 411 1814 patriae
427 1776 524 1814 pater
537 1782 548 1802 .·
577 1765 679 1815 quod
698 1766 734 1802 &
747 1773 938 1802 annotarat
961 1763 1138 1811 Scaliger,

103 1816 144 1854 &
164 1816 220 1854 alii
246 1816 323 1866 Jam
345 1816 590 1854 observarunt.
635 1816 781 1853 Notum
811 1815 923 1858 illud,
951 1819 1039 1850 Bene
1054 1826 1139 1857 vos,

103 1865 184 1903 bene
203 1880 280 1912 nos,
307 1866 384 1904 bene
402 1878 434 1903 te
447 1895 457 1912 ,
488 1866 569 1903 bene
588 1880 661 1910 me,
690 1865 769 1903 bene
781 1866 929 1912 nostram
949 1864 1056 1900 etiam
1067 1870 1138 1900 Ste-

93 1916 291 1966 phanium,
318 1929 364 1955 ex
388 1918 550 1955 Comico
578 1919 615 1954 δ(
640 1917 825 1954 convivali
855 1915 1025 1954 formula.
1070 1917 1140 1951 Τὸν

103 1967 201 2004 actua
228 1964 268 2004 εὖ
307 1968 416 2016 ζώειν.
453 1968 557 2006 DAN.
588 1968 732 2005 Heius.
784 1973 873 2004 Bene
905 1977 938 2003 te
969 1966 1140 2003 meliores

102 2029 246 2056 omnes.
272 2019 380 2057 recle.
402 2019 446 2056 de
467 2031 543 2068 quo
566 2018 649 2056 vide
669 2029 763 2068 quae
782 2018 911 2055 notavi
932 2016 992 2054 lib.
1013 2029 1039 2053 i.
1070 2017 1140 2053 Ar-

101 2069 146 2106 tis
168 2069 257 2106 Am.
275 2069 330 2111 Μ.
352 2071 437 2106 όοῐ.
475 2070 556 2107 Nec
575 2070 712 2106 accedo
734 2068 942 2110 codicibus,
970 2067 1034 2116 qui
1056 2065 1134 2105 bene

102 2131 160 2155 nos
178 2119 324 2157 habent.
361 2119 527 2168 Augusto
547 2119 688 2157 Caesari
715 2120 775 2157 hic
793 2117 981 2167 ingeniose
999 2117 1137 2155 blandi--

100 2177 182 2214 tur,
209 2170 320 2219 idque
339 2182 384 2208 ex
407 2172 476 2208 ritu
499 2170 726 2209 Graecorum
751 2197 761 2213 ,
796 2171 860 2218 qui
879 2168 985 2207 finito
1007 2169 1135 2205 convi-

101 2220 165 2257 vio
185 2221 359 2268 poculum
378 2221 592 2259 hauriebant
612 2249 623 2266 ,
648 2223 726 2262 Διὸς
749 2222 900 2264 σωτῆρος
922 2220 984 2255 καῖ
1003 2218 1137 2262 ἀγαθοῦ

100 2268 256 2314 satanicae
282 2271 446 2315 dictum,
471 2281 512 2309 ut
539 2284 585 2309 ex
616 2273 811 2309 Athenaeo
844 2271 991 2319 aliisque
1026 2269 1075 2306 sat
1095 2270 1138 2306 li-

98 2330 199 2368 quet.
219 2323 351 2360 horum
364 2323 451 2360 loco
462 2322 619 2360 Ovidius
635 2322 790 2366 Caesari,
808 2322 946 2359 Patriae
958 2321 1050 2358 Patri
1066 2347 1076 2363 ,
1100 2322 1137 2356 ὃς

102 2369 254 2409 Laribus
271 2373 456 2410 libandum
476 2372 610 2410 suadet.
638 2373 734 2410 Nani
757 2372 881 2416 ἀγαθοὶ
901 2370 1062 2414 δαίμονες
1083 2371 1138 2407 ni-

101 2419 153 2456 hil
174 2420 268 2458 aliud
287 2421 400 2469 quam
429 2422 552 2460 Genii.
579 2431 619 2460 ut
644 2422 741 2460 recte
764 2423 907 2459 Servius
937 2423 1050 2458 etiam
1070 2432 1139 2457 no-

103 2470 196 2506 tavit
216 2470 260 2507 ad
288 2472 425 2519 Georg.
453 2483 515 2508 111.
543 2472 668 2515 ἰιγαθοῑ
688 2472 847 2514 δκίμονες
868 2498 878 2513 ,
915 2484 995 2518 quos
1015 2470 1139 2506 Latine

103 2518 225 2555 Genios
243 2530 381 2557 vocant.
408 2520 521 2557 Genii
542 2531 630 2556 vero
656 2521 805 2557 Laribus
825 2520 950 2556 iidem.
978 2519 1024 2556 fic
1044 2519 1141 2565 apud

100 2567 313 2616 scriptorem
344 2570 499 2618 Queroli
530 2568 550 2606 a
584 2568 693 2606 Petro
723 2569 878 2606 Daniele
904 2569 1044 2606 editum
1069 2567 1141 2615 ipse

101 2619 312 2667 Qucrohss,
342 2625 464 2657 Larem
484 2619 651 2666 optimum
675 2619 860 2656 Geniorum
889 2618 1054 2666 appellat.
1081 2617 1141 2655 sed

102 2669 147 2706 de
169 2669 296 2707 Geniis
317 2670 538 2707 Domesticis
558 2669 732 2707 videndus
747 2669 1055 2715 Censorinusxcap.
1076 2679 1138 2704 iii.

101 2718 176 2766 Agi
198 2729 321 2757 autem
355 2720 400 2757 de
432 2722 520 2757 vino
550 2732 626 2757 non
654 2719 835 2761 bibendo,
862 2719 920 2756 sed
949 2720 986 2756 in
1008 2719 1137 2755 focum

102 2768 329 2808 effundendo
343 2770 429 2808 illud
452 2770 553 2818 quod
567 2771 724 2819 sequitur
738 2769 880 2819 ‚suffufh
899 2782 1003 2812 mero,
1023 2769 1138 2806 abun-

102 2818 148 2856 de
167 2819 346 2863 ostendit,
374 2832 416 2858 ac
436 2820 588 2869 proinde
614 2827 724 2858 Parca
741 2821 829 2857 vina
850 2820 945 2857 recte
965 2819 1139 2866 superiori

99 2870 202 2908 versu
224 2869 244 2907 a
266 2870 370 2909 nobis
390 2872 529 2919 reponi.
556 2870 735 2919 Apposite
755 2872 914 2908 omnino
935 2871 974 2908 ὅ(
994 2869 1040 2908 ad
1059 2881 1138 2908 rem

101 2919 276 2958 Horatius
297 2921 358 2958 lib.
378 2933 431 2958 iv.
459 2920 570 2958 Ovid.
594 2933 627 2958 v.
655 2921 700 2958 ad
723 2921 950 2970 Augustum:

152 2971 280 3007 Condit
302 2971 442 3021 quisque
460 2972 550 3007 diem
573 2971 710 3008 collibus
728 2971 765 3007 in
781 2973 873 3017 suis,

152 3025 199 3057 Et
217 3022 327 3058 vitem
347 3022 474 3059 viduas
492 3021 588 3058 ducit
607 3022 654 3058 ad
674 3022 829 3058 arbores.-

202 3071 294 3108 Hinc
314 3071 362 3108 ad
378 3072 466 3108 vina
484 3072 574 3108 redit
595 3072 706 3108 laetus
720 3098 731 3116 ,
759 3083 802 3112 <9⁶
824 3071 943 3110 alteris

200 3126 246 3157 Te
264 3120 383 3168 menfis
404 3121 542 3158 adhibet
564 3122 677 3158 deum.

153 3174 198 3206 Te
215 3171 331 3208 multa
347 3181 459 3220 prece,
487 3184 519 3208 te
533 3172 746 3221 prosequitur
772 3185 863 3209 mero
876 3199 888 3217 ,

155 3222 278 3267 Defuso
291 3223 416 3268 pateris
431 3250 441 3266 ,
468 3234 510 3262 <9¹
532 3224 678 3259 Laribus
699 3232 801 3258 tuum

203 3270 324 3316 Miscet
342 3284 468 3308 numen
481 3300 491 3315 ‚
519 3284 570 3309 uti
592 3274 736 3308 Graecia
755 3272 922 3322 castoris,

204 3322 251 3356 Et
271 3321 388 3370 magni
408 3335 535 3360 memor
556 3322 720 3361 nerontis.

607 392 819 463 Separat
844 383 1047 440 indicio
1072 382 1164 456 qui
1191 382 1339 437 Deus
1365 399 1484 438 arva
1510 383 1619 438 suo,
2097 458 2155 512 T

2158 475 2240 512 er-

1196 596 1306 634 Hanc
1323 597 1541 637 libationem
1562 596 1672 634 etiam
1696 595 1844 634 Graecis
1866 594 1900 631 in
1922 592 1985 630 usu
2005 592 2106 630 fuiffe
2120 594 2238 632 Athe·

1195 659 1306 686 naeus
1325 649 1385 687 lib.
1406 662 1467 686 xv.
1495 648 1617 685 docet.
1649 649 1846 698 ΦιλόχορΘυ
1867 645 1904 683 (ν’)
1928 643 2065 695 ἓώτέρῳ
2082 644 2234 686 Ἀτθίδος

1196 702 1253 747 ιφᾷ
1272 701 1419 750 θεσμός,
1448 705 1564 751 φησιν,
1593 704 1689 744 ἐτέθη
1712 704 1785 741 τότε
1805 703 2027 750 awo-<peperat
2047 702 2098 749 p&
2117 697 2165 735 τοὶ
2184 716 2235 737 ,τι-

1196 753 1248 792 ⁷1¹ae
1269 759 1367 794 πᾶσιν
1387 754 1642 807 οἱκΕφἾέμῇυῶυ,
1668 754 1695 795 ἓν
1717 760 1832 808 Ύεῦμσι
1850 756 1908 804 qq.)
1927 754 2052 806 δεῖγμα
2073 757 2127 794 τ’ἧς
2144 751 2237 791 δυναί-

1193 826 1277 859 μεως
1298 811 1323 853 ἒ
1342 811 1472 857 dyas}
1489 814 1564 851 323.
1625 812 1772 849 Deinde
1795 810 1934 849 mensas
1964 807 2066 847 fuiffe
2092 818 2236 844 amotas

1194 876 1240 900 ex
1260 865 1395 902 eodem
1417 866 1567 903 constat.
1584 877 1796 915 quanquam
1822 865 2023 904 Eustatliius
2045 865 2081 902 in
2106 861 2238 911 Odyff.

1192 918 1229 952 Γ.
1256 915 1293 953 id
1317 914 1447 953 mensis
1465 917 1545 965 jam
1567 919 1719 954 remotis
1746 917 1900 955 factitari
1930 916 2074 953 solitum
2098 912 2236 951 asseve-

1192 974 1257 1003 rat.
1286 965 1475 1004 Salmasius
1490 967 1527 1003 in
1546 966 1637 1005 libro
1653 994 1663 1010 ,
1690 979 1802 1017 quern
1831 966 1892 1004 sub
1915 968 2067 1004 nomine
2089 963 2238 1013 Simpli-

1193 1016 1241 1053 cii
1272 1017 1402 1054 Verini
1433 1017 1599 1055 adversus
1638 1018 1759 1056 virum
1797 1018 1983 1056 summurn
2028 1017 2236 1064 Hugonem

1194 1066 1370 1105 Grotium
1402 1066 1517 1106 edidit
1536 1097 1545 1112 ‚
1585 1069 1679 1106 inter
1699 1070 1830 1118 primas
1851 1068 1888 1106 ὅτ
1909 1066 2079 1105 secundas
2098 1065 2238 1103 mensas

1193 1117 1292 1155 hanc
1315 1118 1527 1156 libationem
1548 1118 1690 1157 solitam
1711 1119 1845 1157 institui
1857 1118 2070 1161 contendit,
2098 1118 2238 1163 impro-

1193 1167 1328 1217 batque
1349 1168 1564 1207 sententiam
1584 1170 1752 1219 Scaligeri
1767 1170 1850 1220 ‚qui
1861 1167 2002 1214 :mensis
2018 1167 2180 1205 secundis
2200 1165 2237 1204 id

1196 1216 1217 1255 a
1238 1219 1418 1257 Romanis
1439 1220 1642 1258 factitatum
1657 1248 1667 1264 ,
1697 1221 1898 1270 calicesque
1911 1218 2134 1257 circumferri
2157 1217 2239 1254 soli-

1194 1276 1252 1307 tos
1273 1269 1481 1308 adfirmarit.
1500 1283 1566 1319 pro
1594 1272 1776 1320 Scaligero
1808 1281 1933 1309 tamen
1952 1270 2016 1307 stat
2042 1269 2103 1306 hic
2122 1268 2238 1304 Naso-

1194 1321 1249 1357 nis
1269 1320 1394 1365 locus,
1420 1321 1485 1369 qui
1513 1320 1534 1358 a
1568 1322 1735 1360 convivis
1753 1323 1956 1359 dormitum
1978 1320 2078 1358 ituris
2097 1317 2158 1355 sub
2182 1318 2237 1354 ul-

1194 1372 1324 1408 timam
1347 1371 1496 1408 noctem
1515 1371 1552 1408 id
1573 1371 1649 1410 fieri
1668 1372 1782 1410 solere
1799 1370 2032 1410 demonstrat.
2064 1370 2104 1407 In
2117 1368 2241 1406 Dido-

1194 1422 1250 1458 nis
1267 1421 1363 1470 apud
1383 1423 1582 1459 Maronem
1603 1424 1781 1461 convivio
1799 1422 1877 1471 post
1894 1422 2107 1460 libationem
2131 1431 2240 1457 men-

1193 1471 1249 1508 sae
1265 1471 1443 1509 secundae
1471 1472 1676 1521 appositae,
1703 1475 1800 1512 unde
1822 1483 2034 1512 tamennon
2059 1470 2234 1520 sequitur,

1194 1521 1295 1560 idem
1318 1522 1414 1572 apud
1437 1524 1630 1562 Romanos
1650 1524 1713 1562 usu
1740 1523 1890 1562 veniffe.
1935 1522 2006 1561 Sed
2029 1524 2065 1559 δε
2084 1523 2119 1558 in
2143 1532 2236 1558 con-

1195 1574 1301 1611 viviis
1316 1601 1325 1617 ,
1348 1573 1374 1611 fi
1392 1574 1458 1611 viri
1478 1575 1651 1623 principis
1668 1575 1770 1614 saluti
1792 1575 1967 1624 poculum
1987 1573 2157 1614 libarent,
2185 1572 2238 1609 ei·-

1196 1623 1281 1661 dem
1312 1625 1407 1662 bene
1433 1625 1692 1672 precabantur,
1719 1634 1759 1663 ut
1780 1626 1839 1663 hic
1868 1623 2033 1673 Augusto
2063 1623 2237 1660 Ovidius.

1194 1674 1308 1722 Apud
1336 1675 1544 1713 Lucianum
1573 1677 1608 1713 in
1641 1676 1796 1724 Cataplo
1819 1675 2083 1724 Megapentlies
2114 1682 2239 1721 tyran-

1195 1737 1262 1763 nus
1280 1726 1358 1774 jam
1382 1734 1569 1768 mOYtUUSs
1601 1729 1656 1775 1φοῖ
1675 1730 1733 1777 μὲν
1754 1726 1929 1768 σπένδοντες
1948 1725 1984 1763 o’v
2013 1728 2075 1764 τοῖς
2104 1740 2235 1773 συμπο-

1196 1780 1293 1833 σίοις,
1322 1781 1461 1837 μεγάλῃ
1486 1786 1526 1835 τῇ
1546 1787 1635 1831 φωνῇ
1659 1780 1835 1832 ἐπηιῖχοντό
1853 1798 1911 1832 μοι
1931 1778 2033 1819 πολλοὶ
2051 1783 2082 1832 ’53
2103 1776 2232 1824 ansati.

1197 1840 1235 1875 ln
1256 1850 1302 1874 eo
1326 1849 1479 1886 quoque
1508 1836 1724 1886 gratificatur
1749 1837 1912 1884 Augusto
1928 1836 2058 1872 Noller
2081 1861 2091 1876 ‚
2125 1843 2236 1881 atque

1196 1901 1239 1926 ex
1253 1887 1324 1926 fide
1343 1888 1509 1926 historiae
1520 1889 1592 1936 agit
1610 1915 1621 1931 ‚
1651 1887 1754 1935 quod
1774 1899 1859 1925 euni
1881 1886 2031 1923 Laribus
2050 1884 2214 1932 adjungit
2229 1909 2240 1925 ,

1196 1940 1297 1987 cujus
1314 1940 1453 1977 Genius
1473 1940 1566 1976 inter
1592 1938 1685 1976 duos
1706 1939 1818 1975 Lares
1840 1937 1982 1975 medius
2005 1935 2042 1972 in
2062 1935 2236 1983 compitis

1196 1989 1281 2028 effer
1299 1989 1509 2035 dedicatus,
1538 1989 1582 2026 de
1603 2001 1680 2038 quo
1707 1989 1822 2033 infra,

1247 2055 1349 2091 Mille
1366 2061 1470 2092 Lares
1482 2055 1697 2102 Geniumque
1717 2054 1811 2090 ducis
1824 2081 1834 2097 ‚
1863 2052 1923 2103 qui
1944 2051 2094 2088 tradidit
2111 2049 2205 2095 illos,

1294 2105 1378 2143 Urbs
1399 2106 1525 2149 habet,
1553 2115 1597 2145 ω’
1613 2105 1685 2141 vici
1698 2105 1845 2142 numina
1867 2104 1963 2140 trina
1986 2103 2114 2139 colunt.

1194 2169 1337 2206 Heme.
1376 2168 1542 2204 Dubium
1566 2166 1653 2216 quid
1676 2167 1846 2214 praestet,
1875 2164 1954 2201 bene
1976 2178 2056 2208 nos,
2084 2175 2128 2201 an
2150 2177 2233 2206 vos,

1194 2231 1277 2256 cuni
1300 2218 1418 2266 scripti
1440 2220 1478 2256 &
1498 2218 1586 2255 editi
1609 2219 1760 2254 varient.
1788 2217 1812 2254 si
1832 2230 1889 2252 nos
1909 2217 2129 2253 retineamus
2143 2242 2153 2258 ,
2182 2215 2238 2250 iii-

1193 2270 1398 2317 telligemus
1429 2276 1561 2306 votum
1592 2280 1657 2317 pro
1683 2268 1793 2305 salute
1823 2267 1974 2315 Populi,
2002 2277 2097 2315 quac
2117 2266 2236 2302 coriti-

1193 2329 1298 2357 netur
1313 2319 1471 2357 Caesaris
1482 2319 1649 2362 salute;&
1662 2319 1710 2356 ita
1723 2318 1867 2356 duoilla
1877 2329 1922 2354 ex
1936 2317 2153 2365 morejungi
2168 2326 2237 2351 nu-

1194 2383 1258 2419 per
1269 2371 1322 2408 vir
1333 2370 1462 2407 doctus
1482 2369 1638 2406 ostendit
1660 2370 1695 2405 in
1716 2367 2097 2405 differtationeinserta
2112 2364 2236 2401 Histo-

1194 2422 1267 2459 riae
1288 2421 1445 2458 Criticae
1461 2419 1579 2467 Reipl.
1596 2420 1748 2456 Literar.
1770 2419 1886 2459 §.x11.
1903 2429 1981 2465 pag.
1999 2427 2077 2464 123.
2106 2415 2235 2452 Euam.

1247 2472 1330 2518 637.
1360 2469 1502 2506 Patriae
1525 2475 1639 2504 Pater.
1656 2470 1669 2515 i
1711 2468 1894 2504 Piaculum
1918 2469 2016 2503 enirn
2048 2466 2114 2501 fuit
2135 2464 2233 2512 apud

1192 2521 1383 2567 antiquos,
1399 2521 1434 2555 in
1447 2519 1574 2565 quavis
1594 2516 1736 2565 public-51
1757 2517 1828 2553 sive
1850 2515 1988 2563 privata
2008 2513 2232 2558 mens-.i,suo

1193 2570 1305 2606 etiam
1339 2569 1496 2616 Principi
1527 2579 1602 2604 non
1636 2568 1726 2603 bene
1748 2567 1894 2613 precari.
1919 2566 1979 2602 hic
1999 2565 2234 2608 defluebam,

1194 2631 1280 2656 cum
1300 2620 1401 2656 venit
1421 2627 1505 2655 ante
1526 2617 1653 2654 oculos
1675 2616 1884 2654 Ambrosius
1914 2617 1950 2653 in
1982 2616 2071 2652 haec
2099 2615 2231 2653 verba:

1195 2669 1294 2716 Qid
1313 2681 1496 2706 memorem
1510 2667 1753 2713 sacramentis,
1781 2680 1866 2716 quae
1883 2666 2013 2703 violare
2025 2666 2119 2712 nefas
2140 2664 2236 2702 arbi-

1193 2728 1362 2757 trantur:²
1393 2717 1556 2755 Bibamus
1574 2745 1585 2760 ,
1611 2717 1800 2767 inquiunt,
1824 2727 1884 2765 pro
1902 2717 2017 2764 salute
2052 2723 2236 2765 Imperato-

1193 2783 1297 2813 rum;
1326 2769 1386 2816 qui
1404 2782 1472 2804 non
1491 2768 1612 2805 biberit
1626 2766 1694 2816 ,sit
1725 2782 1799 2804 reus
1817 2766 2057 2804 indevotionis.
2096 2766 2237 2803 Videtur

1193 2821 1284 2857 enim
1314 2833 1381 2856 non
1412 2832 1532 2856 amare
1563 2824 1802 2865 Imperatorem
1823 2846 1833 2862 ,
1869 2818 1929 2868 qui
1948 2827 2010 2865 pro
2029 2818 2099 2865 ejus
2126 2817 2237 2862 salute

1194 2884 1262 2907 non
1283 2869 1416 2907 biberit.
1461 2876 1490 2905 Ο
1508 2869 1583 2916 piae
1606 2869 1795 2905 devotionis
1823 2868 2040 2918 obsequium!
2069 2868 2236 2904 Bibamus·

1189 2930 1250 2969 pro
1267 2920 1383 2968 salute
1409 2920 1621 2956 exercituum
1643 2947 1652 2962 ‚
1686 2929 1744 2967 pro
1772 2919 1949 2956 Comitum
1978 2919 2113 2955 virtute
2133 2946 2144 2962 ‚
2174 2928 2234 2966 pro

1184 2970 1342 3018 filiorum
1358 2970 1512 3016 sanitate
1532 2986 1540 3005 .-
1579 2980 1621 3008 (9⁴
1649 2969 1731 3005 haec
1758 2979 1842 3006 vota
1862 2969 1909 3004 ad
1929 2975 2044 3005 Deum
2059 2969 2237 3016 pervenire

1188 3021 1363 3069 judicant.
1399 3021 1458 3056 De
1478 3018 1588 3057 Helia
1608 3020 1644 3057 δε
1666 3020 1814 3067 jejunio
1837 3030 1914 3068 cap.
1934 3031 2030 3056 xvii.
2060 3020 2237 3056 Nestor..

1247 3074 1335 3120 638.
1365 3070 1477 3106 Dicite
1490 3070 1618 3118 suffufis
1634 3080 1691 3118 per
1707 3069 1812 3118 fizcra
1833 3069 1938 3106 verba
1960 3070 2090 3118 mer0.]
2138 3070 2234 3116 Qui-

1196 3120 1279 3159 dam
1309 3130 1448 3157 veteres
1463 3148 1473 3163 ,
1496 3120 1563 3169 post
1574 3125 1677 3169 sacra
1697 3119 1814 3158 verba.
1834 3120 1906 3169 sim
1924 3120 2011 3157 bona
2028 3120 2134 3156 verba
2155 3121 2235 3155 Ma·

1197 3183 1270 3209 zar.
1291 3169 1392 3208 Voss.
1424 3172 1553 3214 Laeti,
1582 3183 1633 3219 pr.
1656 3171 1823 3208 Ainbros.
1844 3180 1953 3220 atque
1976 3171 2037 3207 alii
2058 3169 2235 3206 nonnulli.

1198 3222 1239 3259 In
1263 3222 1412 3259 Zulich.
1436 3221 1573 3258 Hamb.
1604 3222 1641 3258 ὃ(
1671 3222 1870 3269 Gottorpli.
1895 3220 2090 3270 fintsacra.
2113 3220 2236 3254 Petav.

1196 3272 1383 3309 Arondel.
1411 3270 1529 3308 Urfin.
1557 3273 1593 3308 ὃς
1620 3271 1766 3319 plurimi
1793 3271 1875 3315 alii,
1905 3272 1941 3307 in
1964 3270 2087 3318 sacra,
2114 3266 2239 3303 hiante

1194 3322 1311 3362 versu.
1345 3323 1450 3409 nge
1465 3348 1475 3366 ,
1494 3321 1568 3370 fim
1587 3334 1668 3360 rata
1689 3321 1794 3360 verba
1807 3348 1819 3367 ,
1847 3320 1928 3365 vel,
1955 3330 2005 3355 nr
2024 3328 2103 3355 rata
2123 3314 2243 3389 verba,

1440 3383 1461 3423 3
2159 3376 2218 3403 au.
2234 3389 2245 3410 2
