<?xml version="1.0" encoding="UTF-8"?>
<!DOCTYPE html PUBLIC "-//W3C//DTD XHTML 1.0 Transitional//EN"
    "http://www.w3.org/TR/xhtml1/DTD/xhtml1-transitional.dtd">
<html xmlns="http://www.w3.org/1999/xhtml" xml:lang="en" lang="en">
 <head>
  <title>
</title>
<meta http-equiv="Content-Type" content="text/html;charset=utf-8" />
  <meta name='ocr-system' content='tesseract 3.04.00' />
  <meta name='ocr-capabilities' content='ocr_page ocr_carea ocr_par ocr_line ocrx_word'/>
</head>
<body>
  <div class='ocr_page' id='page_1' title='image "./publiiovidiinaso03ovid_0655.png"; bbox 0 0 2495 3675; ppageno 0'>
   <div class='ocr_carea' id='block_1_1' title="bbox 472 183 1106 246">
    <p class='ocr_par' dir='ltr' id='par_1_1' title="bbox 472 183 1106 246">
     <span class='ocr_line' id='line_1_1' title="bbox 472 183 1106 246; baseline -0.008 0"><span class='ocrx_word' id='word_1_1' title='bbox 472 183 1106 246; x_wconf 87' lang='lat' dir='ltr'>TRISTIUM</span> 
     </span>
    </p>
   </div>
   <div class='ocr_carea' id='block_1_2' title="bbox 1179 183 2236 264">
    <p class='ocr_par' dir='ltr' id='par_1_2' title="bbox 1179 183 2236 264">
     <span class='ocr_line' id='line_1_2' title="bbox 1179 183 2236 264; baseline 0.006 -24"><span class='ocrx_word' id='word_1_2' title='bbox 1179 183 1232 240; x_wconf 93' lang='lat' dir='ltr'>L</span> <span class='ocrx_word' id='word_1_3' title='bbox 1267 204 1288 241; x_wconf 96' lang='lat'>1</span> <span class='ocrx_word' id='word_1_4' title='bbox 1325 204 1373 241; x_wconf 76' lang='grc' dir='ltr'><strong>Β.</strong></span> <span class='ocrx_word' id='word_1_5' title='bbox 1445 184 1541 244; x_wconf 91' lang='lat' dir='ltr'><strong>lV.</strong></span> <span class='ocrx_word' id='word_1_6' title='bbox 1617 187 1788 245; x_wconf 65' lang='lat' dir='ltr'><strong>Eme.</strong></span> <span class='ocrx_word' id='word_1_7' title='bbox 1828 191 1922 251; x_wconf 72' lang='lat' dir='ltr'><strong>VI,</strong></span> <span class='ocrx_word' id='word_1_8' title='bbox 2134 199 2236 264; x_wconf 65' lang='lat'><strong>635</strong></span> 
     </span>
    </p>
   </div>
   <div class='ocr_carea' id='block_1_3' title="bbox 206 282 1946 652">
    <p class='ocr_par' dir='ltr' id='par_1_3' title="bbox 206 282 1946 652">
     <span class='ocr_line' id='line_1_3' title="bbox 206 282 1830 365; baseline -0.006 -17"><span class='ocrx_word' id='word_1_9' title='bbox 206 282 212 283; x_wconf 10' lang='grc' dir='ltr'><strong><em>ἶ</em></strong></span> <span class='ocrx_word' id='word_1_10' title='bbox 237 311 261 359; x_wconf 80' lang='lat'><strong>3</strong></span> <span class='ocrx_word' id='word_1_11' title='bbox 271 309 301 360; x_wconf 90' lang='lat'>5</span> <span class='ocrx_word' id='word_1_12' title='bbox 375 290 502 347; x_wconf 89' lang='lat' dir='ltr'><strong>Fert</strong></span> <span class='ocrx_word' id='word_1_13' title='bbox 528 289 665 347; x_wconf 90' lang='lat' dir='ltr'><strong>bene</strong></span> <span class='ocrx_word' id='word_1_14' title='bbox 691 289 1005 365; x_wconf 86' lang='lat' dir='ltr'><strong>praecipites</strong></span> <span class='ocrx_word' id='word_1_15' title='bbox 1026 286 1170 343; x_wconf 88' lang='lat' dir='ltr'><strong>navis</strong></span> <span class='ocrx_word' id='word_1_16' title='bbox 1194 284 1364 341; x_wconf 90' lang='lat' dir='ltr'><strong>modo</strong></span> <span class='ocrx_word' id='word_1_17' title='bbox 1386 283 1520 339; x_wconf 67' lang='lat' dir='ltr'><strong>facia</strong></span> <span class='ocrx_word' id='word_1_18' title='bbox 1544 284 1830 357; x_wconf 84' lang='lat' dir='ltr'><strong>procellas:</strong></span> 
     </span>
     <span class='ocr_line' id='line_1_4' title="bbox 441 357 1615 439; baseline -0.009 -18"><span class='ocrx_word' id='word_1_19' title='bbox 441 365 749 439; x_wconf 86' lang='lat' dir='ltr'><strong>Quamlibet</strong></span> <span class='ocrx_word' id='word_1_20' title='bbox 772 367 972 434; x_wconf 84' lang='lat' dir='ltr'><strong>exiguo</strong></span> <span class='ocrx_word' id='word_1_21' title='bbox 1007 361 1226 416; x_wconf 87' lang='lat' dir='ltr'><strong>solvitur</strong></span> <span class='ocrx_word' id='word_1_22' title='bbox 1250 357 1422 414; x_wconf 90' lang='lat' dir='ltr'><strong>imbre</strong></span> <span class='ocrx_word' id='word_1_23' title='bbox 1446 371 1615 414; x_wconf 82' lang='lat' dir='ltr'><strong>vetus,</strong></span> 
     </span>
     <span class='ocr_line' id='line_1_5' title="bbox 359 430 1946 511; baseline -0.006 -17"><span class='ocrx_word' id='word_1_24' title='bbox 359 437 475 494; x_wconf 92' lang='lat' dir='ltr'><strong>Nos</strong></span> <span class='ocrx_word' id='word_1_25' title='bbox 503 456 751 511; x_wconf 88' lang='lat' dir='ltr'><strong>quoque,</strong></span> <span class='ocrx_word' id='word_1_26' title='bbox 790 454 926 509; x_wconf 89' lang='lat' dir='ltr'><strong>quae</strong></span> <span class='ocrx_word' id='word_1_27' title='bbox 953 435 1201 496; x_wconf 74' lang='lat' dir='ltr'><strong>ferimuS‚</strong></span> <span class='ocrx_word' id='word_1_28' title='bbox 1247 433 1460 487; x_wconf 87' lang='lat' dir='ltr'><strong>tulimus</strong></span> <span class='ocrx_word' id='word_1_29' title='bbox 1483 430 1770 506; x_wconf 85' lang='lat' dir='ltr'><strong>patientius</strong></span> <span class='ocrx_word' id='word_1_30' title='bbox 1796 441 1946 493; x_wconf 84' lang='lat' dir='ltr'><strong>ante;</strong></span> 
     </span>
     <span class='ocr_line' id='line_1_6' title="bbox 435 505 1509 579; baseline -0.006 -12"><span class='ocrx_word' id='word_1_31' title='bbox 435 512 506 567; x_wconf 82' lang='lat' dir='ltr'><strong>Et</strong></span> <span class='ocrx_word' id='word_1_32' title='bbox 537 512 668 566; x_wconf 85' lang='lat' dir='ltr'><strong>mala</strong></span> <span class='ocrx_word' id='word_1_33' title='bbox 697 511 814 564; x_wconf 87' lang='lat' dir='ltr'><strong>sunt</strong></span> <span class='ocrx_word' id='word_1_34' title='bbox 844 511 1006 578; x_wconf 85' lang='lat' dir='ltr'><strong>longo</strong></span> <span class='ocrx_word' id='word_1_35' title='bbox 1033 507 1381 579; x_wconf 85' lang='lat' dir='ltr'><strong>multiplicata</strong></span> <span class='ocrx_word' id='word_1_36' title='bbox 1405 505 1509 561; x_wconf 86' lang='lat' dir='ltr'><strong>die.</strong></span> 
     </span>
     <span class='ocr_line' id='line_1_7' title="bbox 359 579 1814 652; baseline -0.006 -12"><span class='ocrx_word' id='word_1_37' title='bbox 359 583 611 648; x_wconf 86' lang='lat' dir='ltr'><strong>Credite,</strong></span> <span class='ocrx_word' id='word_1_38' title='bbox 650 582 872 640; x_wconf 83' lang='lat' dir='ltr'><strong>deficio,</strong></span> <span class='ocrx_word' id='word_1_39' title='bbox 915 579 1202 650; x_wconf 83' lang='lat' dir='ltr'><strong>nostroque</strong></span> <span class='ocrx_word' id='word_1_40' title='bbox 1231 581 1258 633; x_wconf 73' lang='lat' dir='ltr'><strong>a</strong></span> <span class='ocrx_word' id='word_1_41' title='bbox 1285 596 1516 650; x_wconf 89' lang='lat' dir='ltr'><strong>corpore</strong></span> <span class='ocrx_word' id='word_1_42' title='bbox 1553 590 1814 652; x_wconf 90' lang='lat' dir='ltr'><strong>quantum</strong></span> 
     </span>
    </p>
   </div>
   <div class='ocr_carea' id='block_1_4' title="bbox 1164 796 1863 868">
    <p class='ocr_par' dir='ltr' id='par_1_4' title="bbox 1164 796 1863 868">
     <span class='ocr_line' id='line_1_8' title="bbox 1164 796 1863 868; baseline 0 -18"><span class='ocrx_word' id='word_1_43' title='bbox 1164 814 1298 868; x_wconf 90' lang='lat' dir='ltr'><strong>quae</strong></span> <span class='ocrx_word' id='word_1_44' title='bbox 1325 810 1469 868; x_wconf 83' lang='lat' dir='ltr'><strong>tegat</strong></span> <span class='ocrx_word' id='word_1_45' title='bbox 1497 796 1629 861; x_wconf 81' lang='lat' dir='ltr'><strong>ossa,</strong></span> <span class='ocrx_word' id='word_1_46' title='bbox 1663 812 1863 852; x_wconf 87' lang='lat' dir='ltr'><strong>cutem.</strong></span> 
     </span>
    </p>
   </div>
   <div class='ocr_carea' id='block_1_5' title="bbox 2104 1354 2238 1413">
    <p class='ocr_par' dir='ltr' id='par_1_5' title="bbox 2104 1354 2238 1413">
     <span class='ocr_line' id='line_1_9' title="bbox 2104 1354 2238 1413; baseline 0 -1"><span class='ocrx_word' id='word_1_47' title='bbox 2104 1354 2238 1413; x_wconf 65' lang='lat' dir='ltr'><strong>Una&lt;-</strong></span> 
     </span>
    </p>
   </div>
   <div class='ocr_carea' id='block_1_6' title="bbox 77 651 2001 1553">
    <p class='ocr_par' dir='ltr' id='par_1_6' title="bbox 77 651 2001 1553">
     <span class='ocr_line' id='line_1_10' title="bbox 217 651 1646 727; baseline -0.003 -17"><span class='ocrx_word' id='word_1_48' title='bbox 217 673 286 727; x_wconf 88' lang='lat'><strong>40</strong></span> <span class='ocrx_word' id='word_1_49' title='bbox 430 661 714 727; x_wconf 83' lang='lat' dir='ltr'><strong>Auguror,</strong></span> <span class='ocrx_word' id='word_1_50' title='bbox 750 651 1010 707; x_wconf 90' lang='lat' dir='ltr'><strong>accedent</strong></span> <span class='ocrx_word' id='word_1_51' title='bbox 1038 664 1279 723; x_wconf 88' lang='lat' dir='ltr'><strong>tempora</strong></span> <span class='ocrx_word' id='word_1_52' title='bbox 1302 668 1460 723; x_wconf 88' lang='lat' dir='ltr'><strong>parva</strong></span> <span class='ocrx_word' id='word_1_53' title='bbox 1485 654 1646 707; x_wconf 71' lang='lat' dir='ltr'><strong>maliS.</strong></span> 
     </span>
     <span class='ocr_line' id='line_1_11' title="bbox 359 721 1940 800; baseline -0.006 -15"><span class='ocrx_word' id='word_1_54' title='bbox 359 731 497 786; x_wconf 89' lang='lat' dir='ltr'><strong>Nam</strong></span> <span class='ocrx_word' id='word_1_55' title='bbox 523 745 699 800; x_wconf 88' lang='lat' dir='ltr'><strong>neque</strong></span> <span class='ocrx_word' id='word_1_56' title='bbox 726 727 842 781; x_wconf 90' lang='lat' dir='ltr'><strong>sunt</strong></span> <span class='ocrx_word' id='word_1_57' title='bbox 868 726 1031 787; x_wconf 79' lang='lat' dir='ltr'><strong>vireS,</strong></span> <span class='ocrx_word' id='word_1_58' title='bbox 1070 741 1245 796; x_wconf 90' lang='lat' dir='ltr'><strong>neque</strong></span> <span class='ocrx_word' id='word_1_59' title='bbox 1272 724 1362 796; x_wconf 88' lang='lat' dir='ltr'><strong>qui</strong></span> <span class='ocrx_word' id='word_1_60' title='bbox 1392 726 1543 777; x_wconf 90' lang='lat' dir='ltr'><strong>color</strong></span> <span class='ocrx_word' id='word_1_61' title='bbox 1566 742 1686 780; x_wconf 88' lang='lat' dir='ltr'><strong>ante</strong></span> <span class='ocrx_word' id='word_1_62' title='bbox 1715 721 1940 778; x_wconf 83' lang='lat' dir='ltr'><strong>solebat:</strong></span> 
     </span>
     <span class='ocr_line' id='line_1_12' title="bbox 434 800 1124 872; baseline -0.012 -15"><span class='ocrx_word' id='word_1_63' title='bbox 434 802 653 872; x_wconf 82' lang='lat' dir='ltr'><strong>Vixque</strong></span> <span class='ocrx_word' id='word_1_64' title='bbox 678 800 849 855; x_wconf 91' lang='lat' dir='ltr'><strong>habeo</strong></span> <span class='ocrx_word' id='word_1_65' title='bbox 875 812 1091 852; x_wconf 89' lang='lat' dir='ltr'><strong>tenuem</strong></span> <span class='ocrx_word' id='word_1_66' title='bbox 1109 835 1124 859; x_wconf 93' lang='lat'><strong>,</strong></span> 
     </span>
     <span class='ocr_line' id='line_1_13' title="bbox 361 870 1850 948; baseline -0.005 -18"><span class='ocrx_word' id='word_1_67' title='bbox 361 875 611 948; x_wconf 88' lang='lat' dir='ltr'><strong>Corpore</strong></span> <span class='ocrx_word' id='word_1_68' title='bbox 637 874 725 928; x_wconf 91' lang='lat' dir='ltr'><strong>sed</strong></span> <span class='ocrx_word' id='word_1_69' title='bbox 750 889 898 926; x_wconf 86' lang='lat' dir='ltr'><strong>mens</strong></span> <span class='ocrx_word' id='word_1_70' title='bbox 924 870 1000 925; x_wconf 90' lang='lat' dir='ltr'><strong>est</strong></span> <span class='ocrx_word' id='word_1_71' title='bbox 1025 887 1186 940; x_wconf 85' lang='lat' dir='ltr'><strong>aegro</strong></span> <span class='ocrx_word' id='word_1_72' title='bbox 1212 870 1374 940; x_wconf 84' lang='lat' dir='ltr'><strong>magis</strong></span> <span class='ocrx_word' id='word_1_73' title='bbox 1400 887 1584 942; x_wconf 88' lang='lat' dir='ltr'><strong>aegra,</strong></span> <span class='ocrx_word' id='word_1_74' title='bbox 1619 874 1850 941; x_wconf 87' lang='lat' dir='ltr'><strong>malique</strong></span> 
     </span>
     <span class='ocr_line' id='line_1_14' title="bbox 435 942 1404 1016; baseline -0.006 -14"><span class='ocrx_word' id='word_1_75' title='bbox 435 948 491 1002; x_wconf 90' lang='lat' dir='ltr'><strong>In</strong></span> <span class='ocrx_word' id='word_1_76' title='bbox 518 945 902 1016; x_wconf 58' lang='lat' dir='ltr'><strong>circumspeeiu</strong></span> <span class='ocrx_word' id='word_1_77' title='bbox 930 943 1022 997; x_wconf 83' lang='lat' dir='ltr'><strong>stat</strong></span> <span class='ocrx_word' id='word_1_78' title='bbox 1050 942 1157 997; x_wconf 85' lang='lat' dir='ltr'><strong>fine</strong></span> <span class='ocrx_word' id='word_1_79' title='bbox 1183 943 1289 997; x_wconf 89' lang='lat' dir='ltr'><strong>fine</strong></span> <span class='ocrx_word' id='word_1_80' title='bbox 1316 942 1404 997; x_wconf 90' lang='lat' dir='ltr'><strong>sui.</strong></span> 
     </span>
     <span class='ocr_line' id='line_1_15' title="bbox 217 1015 1768 1091; baseline -0.003 -16"><span class='ocrx_word' id='word_1_81' title='bbox 217 1039 285 1091; x_wconf 81' lang='lat'><strong>45</strong></span> <span class='ocrx_word' id='word_1_82' title='bbox 358 1019 520 1075; x_wconf 86' lang='lat' dir='ltr'><strong>Urbis</strong></span> <span class='ocrx_word' id='word_1_83' title='bbox 551 1019 690 1073; x_wconf 87' lang='lat' dir='ltr'><strong>abest</strong></span> <span class='ocrx_word' id='word_1_84' title='bbox 715 1018 902 1082; x_wconf 86' lang='lat' dir='ltr'><strong>facies,</strong></span> <span class='ocrx_word' id='word_1_85' title='bbox 941 1015 1164 1080; x_wconf 87' lang='lat' dir='ltr'><strong>absunt,</strong></span> <span class='ocrx_word' id='word_1_86' title='bbox 1201 1033 1320 1070; x_wconf 91' lang='lat' dir='ltr'><strong>mea</strong></span> <span class='ocrx_word' id='word_1_87' title='bbox 1347 1033 1500 1076; x_wconf 88' lang='lat' dir='ltr'><strong>cura,</strong></span> <span class='ocrx_word' id='word_1_88' title='bbox 1540 1016 1768 1071; x_wconf 88' lang='lat' dir='ltr'><strong>sodales:</strong></span> 
     </span>
     <span class='ocr_line' id='line_1_16' title="bbox 436 1089 1595 1164; baseline -0.003 -17"><span class='ocrx_word' id='word_1_89' title='bbox 436 1092 540 1155; x_wconf 86' lang='lat' dir='ltr'><strong>Et,</strong></span> <span class='ocrx_word' id='word_1_90' title='bbox 580 1095 684 1164; x_wconf 61' lang='lat' dir='ltr'><strong>quii</strong></span> <span class='ocrx_word' id='word_1_91' title='bbox 715 1092 853 1146; x_wconf 89' lang='lat' dir='ltr'><strong>nulla</strong></span> <span class='ocrx_word' id='word_1_92' title='bbox 879 1090 1008 1145; x_wconf 88' lang='lat' dir='ltr'><strong>mihi</strong></span> <span class='ocrx_word' id='word_1_93' title='bbox 1033 1090 1235 1152; x_wconf 88' lang='lat' dir='ltr'><strong>carior,</strong></span> <span class='ocrx_word' id='word_1_94' title='bbox 1277 1105 1415 1142; x_wconf 82' lang='lat' dir='ltr'><strong>uxor</strong></span> <span class='ocrx_word' id='word_1_95' title='bbox 1444 1089 1595 1144; x_wconf 85' lang='lat' dir='ltr'><strong>abest.</strong></span> 
     </span>
     <span class='ocr_line' id='line_1_17' title="bbox 357 1161 2001 1239; baseline -0.002 -17"><span class='ocrx_word' id='word_1_96' title='bbox 357 1165 566 1236; x_wconf 82' lang='lat' dir='ltr'><strong>Vulgus</strong></span> <span class='ocrx_word' id='word_1_97' title='bbox 593 1164 738 1219; x_wconf 89' lang='lat' dir='ltr'><strong>adest</strong></span> <span class='ocrx_word' id='word_1_98' title='bbox 765 1163 1105 1239; x_wconf 82' lang='lat' dir='ltr'><strong>Scythicum3</strong></span> <span class='ocrx_word' id='word_1_99' title='bbox 1149 1162 1498 1234; x_wconf 88' lang='lat' dir='ltr'><strong>braccataque</strong></span> <span class='ocrx_word' id='word_1_100' title='bbox 1524 1161 1677 1216; x_wconf 87' lang='lat' dir='ltr'><strong>turba</strong></span> <span class='ocrx_word' id='word_1_101' title='bbox 1703 1162 2001 1218; x_wconf 75' lang='lat' dir='ltr'><strong>Getarum,-</strong></span> 
     </span>
     <span class='ocr_line' id='line_1_18' title="bbox 435 1235 1793 1310; baseline -0.003 -16"><span class='ocrx_word' id='word_1_102' title='bbox 435 1239 522 1293; x_wconf 84' lang='lat' dir='ltr'><strong>Sic</strong></span> <span class='ocrx_word' id='word_1_103' title='bbox 547 1238 681 1293; x_wconf 89' lang='lat' dir='ltr'><strong>male</strong></span> <span class='ocrx_word' id='word_1_104' title='bbox 708 1255 843 1310; x_wconf 88' lang='lat' dir='ltr'><strong>quae</strong></span> <span class='ocrx_word' id='word_1_105' title='bbox 870 1236 1059 1300; x_wconf 89' lang='lat' dir='ltr'><strong>vide0‚</strong></span> <span class='ocrx_word' id='word_1_106' title='bbox 1098 1253 1208 1291; x_wconf 89' lang='lat' dir='ltr'><strong>non</strong></span> <span class='ocrx_word' id='word_1_107' title='bbox 1232 1235 1536 1308; x_wconf 82' lang='lat' dir='ltr'><strong>videoque,</strong></span> <span class='ocrx_word' id='word_1_108' title='bbox 1575 1249 1793 1291; x_wconf 87' lang='lat' dir='ltr'><strong>nocent.</strong></span> 
     </span>
     <span class='ocr_line' id='line_1_19' title="bbox 77 1502 270 1553; baseline -0.016 -7"><span class='ocrx_word' id='word_1_109' title='bbox 77 1507 117 1546; x_wconf 71' lang='grc' dir='ltr'><strong>δε</strong></span> <span class='ocrx_word' id='word_1_110' title='bbox 134 1517 164 1544; x_wconf 83' lang='lat'><strong>1.</strong></span> <span class='ocrx_word' id='word_1_111' title='bbox 183 1502 270 1553; x_wconf 80' lang='lat'>436.</span> 
     </span>
    </p>
   </div>
   <div class='ocr_carea' id='block_1_7' title="bbox 128 1567 625 1620">
    <p class='ocr_par' dir='ltr' id='par_1_7' title="bbox 128 1567 625 1620">
     <span class='ocr_line' id='line_1_20' title="bbox 128 1567 625 1620; baseline -0.008 -13"><span class='ocrx_word' id='word_1_112' title='bbox 128 1569 269 1620; x_wconf 84' lang='lat' dir='ltr'><strong>Postque</strong></span> <span class='ocrx_word' id='word_1_113' title='bbox 288 1567 379 1606; x_wconf 85' lang='lat' dir='ltr'><strong>diem</strong></span> <span class='ocrx_word' id='word_1_114' title='bbox 397 1567 534 1618; x_wconf 86' lang='lat' dir='ltr'><strong>longam</strong></span> <span class='ocrx_word' id='word_1_115' title='bbox 552 1574 625 1607; x_wconf 57' lang='lat' dir='ltr'><strong>(Vc.</strong></span> 
     </span>
    </p>
   </div>
   <div class='ocr_carea' id='block_1_8' title="bbox 76 1627 1123 1679">
    <p class='ocr_par' dir='ltr' id='par_1_8' title="bbox 76 1627 1123 1679">
     <span class='ocr_line' id='line_1_21' title="bbox 76 1627 1123 1679; baseline -0.008 -6"><span class='ocrx_word' id='word_1_116' title='bbox 76 1633 140 1672; x_wconf 89' lang='lat' dir='ltr'><strong>ubi</strong></span> <span class='ocrx_word' id='word_1_117' title='bbox 161 1642 286 1672; x_wconf 88' lang='lat' dir='ltr'><strong>tamen</strong></span> <span class='ocrx_word' id='word_1_118' title='bbox 324 1642 439 1672; x_wconf 86' lang='lat' dir='ltr'><strong>certus</strong></span> <span class='ocrx_word' id='word_1_119' title='bbox 468 1632 558 1671; x_wconf 87' lang='lat' dir='ltr'><strong>liber</strong></span> <span class='ocrx_word' id='word_1_120' title='bbox 582 1659 593 1676; x_wconf 95' lang='lat'>‚</span> <span class='ocrx_word' id='word_1_121' title='bbox 641 1628 792 1679; x_wconf 82' lang='lat' dir='ltr'><strong>longum.</strong></span> <span class='ocrx_word' id='word_1_122' title='bbox 850 1627 1027 1666; x_wconf 88' lang='lat' dir='ltr'><strong>Ceterum</strong></span> <span class='ocrx_word' id='word_1_123' title='bbox 1057 1628 1123 1666; x_wconf 89' lang='lat' dir='ltr'><strong>isto</strong></span> 
     </span>
    </p>
   </div>
   <div class='ocr_carea' id='block_1_9' title="bbox 72 1679 1125 1727">
    <p class='ocr_par' dir='ltr' id='par_1_9' title="bbox 72 1679 1125 1727">
     <span class='ocr_line' id='line_1_22' title="bbox 72 1679 1125 1727; baseline -0.008 -4"><span class='ocrx_word' id='word_1_124' title='bbox 72 1683 176 1723; x_wconf 82' lang='lat' dir='ltr'><strong>sensu</strong></span> <span class='ocrx_word' id='word_1_125' title='bbox 193 1686 440 1723; x_wconf 86' lang='lat' dir='ltr'><strong>foemininum</strong></span> <span class='ocrx_word' id='word_1_126' title='bbox 462 1684 635 1722; x_wconf 88' lang='lat' dir='ltr'><strong>exhibent</strong></span> <span class='ocrx_word' id='word_1_127' title='bbox 645 1682 754 1719; x_wconf 87' lang='lat' dir='ltr'><strong>etiam</strong></span> <span class='ocrx_word' id='word_1_128' title='bbox 767 1679 864 1727; x_wconf 86' lang='lat' dir='ltr'><strong>JCti.</strong></span> <span class='ocrx_word' id='word_1_129' title='bbox 883 1687 1036 1716; x_wconf 86' lang='lat' dir='ltr'><strong>veteres.</strong></span> <span class='ocrx_word' id='word_1_130' title='bbox 1062 1680 1125 1716; x_wconf 88' lang='lat' dir='ltr'><strong>Ci-</strong></span> 
     </span>
    </p>
   </div>
   <div class='ocr_carea' id='block_1_10' title="bbox 74 1731 1125 2383">
    <p class='ocr_par' dir='ltr' id='par_1_10' title="bbox 74 1731 1125 2383">
     <span class='ocr_line' id='line_1_23' title="bbox 76 1731 1124 1785; baseline -0.004 -13"><span class='ocrx_word' id='word_1_131' title='bbox 76 1735 352 1785; x_wconf 87' lang='lat' dir='ltr'><strong>cero,Virgilius</strong></span> <span class='ocrx_word' id='word_1_132' title='bbox 366 1732 816 1783; x_wconf 58' lang='lat' dir='ltr'><strong>HoratiusqueAucroa</strong></span> <span class='ocrx_word' id='word_1_133' title='bbox 833 1731 979 1768; x_wconf 65' lang='lat' dir='ltr'><strong>Etzcr</strong></span> <span class='ocrx_word' id='word_1_134' title='bbox 995 1731 1124 1769; x_wconf 63' lang='lat' dir='ltr'><strong>Erow.</strong></span> 
     </span>
     <span class='ocr_line' id='line_1_24' title="bbox 77 1781 1117 1829; baseline -0.004 -6"><span class='ocrx_word' id='word_1_135' title='bbox 77 1786 209 1824; x_wconf 89' lang='lat' dir='ltr'><strong>eadem</strong></span> <span class='ocrx_word' id='word_1_136' title='bbox 228 1787 304 1825; x_wconf 90' lang='lat' dir='ltr'><strong>fere</strong></span> <span class='ocrx_word' id='word_1_137' title='bbox 324 1786 428 1825; x_wconf 83' lang='lat' dir='ltr'><strong>tradit</strong></span> <span class='ocrx_word' id='word_1_138' title='bbox 449 1787 593 1823; x_wconf 86' lang='lat' dir='ltr'><strong>Manut.</strong></span> <span class='ocrx_word' id='word_1_139' title='bbox 614 1783 659 1822; x_wconf 88' lang='lat' dir='ltr'><strong>ad</strong></span> <span class='ocrx_word' id='word_1_140' title='bbox 681 1784 855 1820; x_wconf 79' lang='lat' dir='ltr'><strong>Ciceron.</strong></span> <span class='ocrx_word' id='word_1_141' title='bbox 872 1781 930 1818; x_wconf 91' lang='lat' dir='ltr'><strong>lib.</strong></span> <span class='ocrx_word' id='word_1_142' title='bbox 951 1793 980 1818; x_wconf 87' lang='lat'><strong>1.</strong></span> <span class='ocrx_word' id='word_1_143' title='bbox 1007 1781 1117 1829; x_wconf 84' lang='lat' dir='ltr'><strong>Epist.</strong></span> 
     </span>
     <span class='ocr_line' id='line_1_25' title="bbox 75 1830 1118 1887; baseline -0.007 -12"><span class='ocrx_word' id='word_1_144' title='bbox 75 1835 183 1875; x_wconf 85' lang='lat' dir='ltr'><strong>Fam.</strong></span> <span class='ocrx_word' id='word_1_145' title='bbox 204 1847 240 1875; x_wconf 89' lang='lat'><strong>2.</strong></span> <span class='ocrx_word' id='word_1_146' title='bbox 266 1836 326 1876; x_wconf 89' lang='lat' dir='ltr'><strong>sed</strong></span> <span class='ocrx_word' id='word_1_147' title='bbox 346 1849 416 1887; x_wconf 88' lang='lat' dir='ltr'><strong>ego</strong></span> <span class='ocrx_word' id='word_1_148' title='bbox 435 1838 525 1875; x_wconf 91' lang='lat' dir='ltr'><strong>haec</strong></span> <span class='ocrx_word' id='word_1_149' title='bbox 547 1834 887 1873; x_wconf 82' lang='lat' dir='ltr'><strong>Grammaticorum</strong></span> <span class='ocrx_word' id='word_1_150' title='bbox 912 1830 982 1869; x_wconf 83' lang='lat' dir='ltr'><strong>effe</strong></span> <span class='ocrx_word' id='word_1_151' title='bbox 1004 1831 1118 1869; x_wconf 63' lang='lat' dir='ltr'><strong>dieta-</strong></span> 
     </span>
     <span class='ocr_line' id='line_1_26' title="bbox 74 1883 1117 1937; baseline -0.004 -12"><span class='ocrx_word' id='word_1_152' title='bbox 74 1894 112 1925; x_wconf 88' lang='lat' dir='ltr'><strong>ta</strong></span> <span class='ocrx_word' id='word_1_153' title='bbox 132 1888 304 1934; x_wconf 86' lang='lat' dir='ltr'><strong>arbitror,</strong></span> <span class='ocrx_word' id='word_1_154' title='bbox 333 1889 370 1926; x_wconf 63' lang='grc' dir='ltr'><strong>δὲ</strong></span> <span class='ocrx_word' id='word_1_155' title='bbox 390 1900 456 1937; x_wconf 88' lang='lat' dir='ltr'><strong>pro</strong></span> <span class='ocrx_word' id='word_1_156' title='bbox 477 1887 622 1926; x_wconf 86' lang='lat' dir='ltr'><strong>arbitrio</strong></span> <span class='ocrx_word' id='word_1_157' title='bbox 641 1886 751 1923; x_wconf 89' lang='lat' dir='ltr'><strong>licere</strong></span> <span class='ocrx_word' id='word_1_158' title='bbox 771 1883 861 1921; x_wconf 83' lang='lat' dir='ltr'><strong>diem</strong></span> <span class='ocrx_word' id='word_1_159' title='bbox 883 1883 956 1920; x_wconf 85' lang='lat' dir='ltr'><strong>slve</strong></span> <span class='ocrx_word' id='word_1_160' title='bbox 977 1891 1117 1921; x_wconf 88' lang='lat' dir='ltr'><strong>certum</strong></span> 
     </span>
     <span class='ocr_line' id='line_1_27' title="bbox 75 1933 1118 1988; baseline -0.005 -13"><span class='ocrx_word' id='word_1_161' title='bbox 75 1937 175 1976; x_wconf 88' lang='lat' dir='ltr'><strong>diem</strong></span> <span class='ocrx_word' id='word_1_162' title='bbox 192 1967 202 1983; x_wconf 96' lang='lat'><strong>,</strong></span> <span class='ocrx_word' id='word_1_163' title='bbox 231 1938 306 1976; x_wconf 89' lang='lat' dir='ltr'><strong>five</strong></span> <span class='ocrx_word' id='word_1_164' title='bbox 325 1946 471 1988; x_wconf 89' lang='lat' dir='ltr'><strong>tempus</strong></span> <span class='ocrx_word' id='word_1_165' title='bbox 490 1946 618 1982; x_wconf 88' lang='lat' dir='ltr'><strong>notet,</strong></span> <span class='ocrx_word' id='word_1_166' title='bbox 645 1945 804 1985; x_wconf 84' lang='lat' dir='ltr'><strong>utroque</strong></span> <span class='ocrx_word' id='word_1_167' title='bbox 829 1945 962 1983; x_wconf 85' lang='lat' dir='ltr'><strong>genere</strong></span> <span class='ocrx_word' id='word_1_168' title='bbox 982 1933 1118 1979; x_wconf 87' lang='lat' dir='ltr'><strong>dicere,</strong></span> 
     </span>
     <span class='ocr_line' id='line_1_28' title="bbox 76 1984 1118 2038; baseline -0.004 -13"><span class='ocrx_word' id='word_1_169' title='bbox 76 1987 115 2025; x_wconf 88' lang='lat' dir='ltr'><strong>in</strong></span> <span class='ocrx_word' id='word_1_170' title='bbox 136 2001 248 2038; x_wconf 87' lang='lat' dir='ltr'><strong>quam</strong></span> <span class='ocrx_word' id='word_1_171' title='bbox 271 2002 348 2028; x_wconf 87' lang='lat' dir='ltr'><strong>rem</strong></span> <span class='ocrx_word' id='word_1_172' title='bbox 368 1991 560 2028; x_wconf 86' lang='lat' dir='ltr'><strong>innumera</strong></span> <span class='ocrx_word' id='word_1_173' title='bbox 583 1988 752 2036; x_wconf 84' lang='lat' dir='ltr'><strong>exempla</strong></span> <span class='ocrx_word' id='word_1_174' title='bbox 774 1985 818 2023; x_wconf 89' lang='lat' dir='ltr'><strong>ad</strong></span> <span class='ocrx_word' id='word_1_175' title='bbox 841 1996 993 2023; x_wconf 87' lang='lat' dir='ltr'><strong>manum</strong></span> <span class='ocrx_word' id='word_1_176' title='bbox 1015 1984 1118 2029; x_wconf 88' lang='lat' dir='ltr'><strong>sunt,</strong></span> 
     </span>
     <span class='ocr_line' id='line_1_29' title="bbox 76 2036 1119 2087; baseline -0.002 -11"><span class='ocrx_word' id='word_1_177' title='bbox 76 2039 139 2077; x_wconf 89' lang='lat' dir='ltr'><strong>sed</strong></span> <span class='ocrx_word' id='word_1_178' title='bbox 159 2051 236 2078; x_wconf 88' lang='lat' dir='ltr'><strong>non</strong></span> <span class='ocrx_word' id='word_1_179' title='bbox 249 2051 354 2079; x_wconf 88' lang='lat' dir='ltr'><strong>vacat</strong></span> <span class='ocrx_word' id='word_1_180' title='bbox 373 2041 442 2079; x_wconf 89' lang='lat' dir='ltr'><strong>istis</strong></span> <span class='ocrx_word' id='word_1_181' title='bbox 455 2039 719 2087; x_wconf 82' lang='lat' dir='ltr'><strong>nuncimplere</strong></span> <span class='ocrx_word' id='word_1_182' title='bbox 741 2038 805 2075; x_wconf 87' lang='lat' dir='ltr'><strong>has</strong></span> <span class='ocrx_word' id='word_1_183' title='bbox 827 2037 978 2073; x_wconf 87' lang='lat' dir='ltr'><strong>chartas.</strong></span> <span class='ocrx_word' id='word_1_184' title='bbox 1005 2036 1119 2083; x_wconf 88' lang='lat' dir='ltr'><strong>Apud</strong></span> 
     </span>
     <span class='ocr_line' id='line_1_30' title="bbox 78 2086 1119 2140; baseline -0.003 -14"><span class='ocrx_word' id='word_1_185' title='bbox 78 2090 264 2129; x_wconf 86' lang='lat' dir='ltr'><strong>Ovidium</strong></span> <span class='ocrx_word' id='word_1_186' title='bbox 296 2092 373 2130; x_wconf 90' lang='lat' dir='ltr'><strong>fere</strong></span> <span class='ocrx_word' id='word_1_187' title='bbox 401 2092 542 2140; x_wconf 88' lang='lat' dir='ltr'><strong>semper</strong></span> <span class='ocrx_word' id='word_1_188' title='bbox 571 2091 754 2127; x_wconf 84' lang='lat' dir='ltr'><strong>variarunt</strong></span> <span class='ocrx_word' id='word_1_189' title='bbox 778 2086 940 2128; x_wconf 88' lang='lat' dir='ltr'><strong>librarii,</strong></span> <span class='ocrx_word' id='word_1_190' title='bbox 979 2086 1016 2123; x_wconf 91' lang='lat'>&amp;</span> <span class='ocrx_word' id='word_1_191' title='bbox 1046 2086 1119 2134; x_wconf 89' lang='lat' dir='ltr'><strong>ipse</strong></span> 
     </span>
     <span class='ocr_line' id='line_1_31' title="bbox 76 2137 1121 2189; baseline -0.005 -11"><span class='ocrx_word' id='word_1_192' title='bbox 76 2140 177 2178; x_wconf 86' lang='lat' dir='ltr'><strong>Naso</strong></span> <span class='ocrx_word' id='word_1_193' title='bbox 209 2153 287 2179; x_wconf 93' lang='lat' dir='ltr'><strong>non</strong></span> <span class='ocrx_word' id='word_1_194' title='bbox 328 2142 493 2180; x_wconf 90' lang='lat' dir='ltr'><strong>observat</strong></span> <span class='ocrx_word' id='word_1_195' title='bbox 528 2149 719 2189; x_wconf 82' lang='lat' dir='ltr'><strong>praecepta</strong></span> <span class='ocrx_word' id='word_1_196' title='bbox 757 2137 1121 2175; x_wconf 84' lang='lat' dir='ltr'><strong>Grammaticorum:</strong></span> 
     </span>
     <span class='ocr_line' id='line_1_32' title="bbox 76 2187 1123 2239; baseline -0.005 -10"><span class='ocrx_word' id='word_1_197' title='bbox 76 2201 164 2229; x_wconf 81' lang='lat' dir='ltr'><strong>nam</strong></span> <span class='ocrx_word' id='word_1_198' title='bbox 187 2191 368 2238; x_wconf 86' lang='lat' dir='ltr'><strong>&amp;festam</strong></span> <span class='ocrx_word' id='word_1_199' title='bbox 391 2194 429 2230; x_wconf 71' lang='grc' dir='ltr'><strong>ὅ(</strong></span> <span class='ocrx_word' id='word_1_200' title='bbox 447 2191 576 2239; x_wconf 82' lang='lat' dir='ltr'><strong>festum</strong></span> <span class='ocrx_word' id='word_1_201' title='bbox 606 2191 707 2227; x_wconf 87' lang='lat' dir='ltr'><strong>diem</strong></span> <span class='ocrx_word' id='word_1_202' title='bbox 740 2188 841 2226; x_wconf 85' lang='lat' dir='ltr'><strong>dixit.</strong></span> <span class='ocrx_word' id='word_1_203' title='bbox 869 2188 944 2225; x_wconf 87' lang='lat' dir='ltr'><strong>vid.</strong></span> <span class='ocrx_word' id='word_1_204' title='bbox 972 2199 1006 2224; x_wconf 91' lang='lat' dir='ltr'><strong>v.</strong></span> <span class='ocrx_word' id='word_1_205' title='bbox 1034 2187 1123 2225; x_wconf 70' lang='lat' dir='ltr'><strong>r‘ast,</strong></span> 
     </span>
     <span class='ocr_line' id='line_1_33' title="bbox 77 2237 1125 2290; baseline -0.002 -12"><span class='ocrx_word' id='word_1_206' title='bbox 77 2242 164 2287; x_wconf 89' lang='lat'><strong>670.</strong></span> <span class='ocrx_word' id='word_1_207' title='bbox 191 2254 226 2281; x_wconf 78' lang='lat' dir='ltr'><strong>v,</strong></span> <span class='ocrx_word' id='word_1_208' title='bbox 249 2242 358 2281; x_wconf 82' lang='lat' dir='ltr'><strong>Trist.</strong></span> <span class='ocrx_word' id='word_1_209' title='bbox 386 2254 422 2281; x_wconf 89' lang='lat' dir='ltr'><strong>v.</strong></span> <span class='ocrx_word' id='word_1_210' title='bbox 444 2254 477 2290; x_wconf 85' lang='lat'><strong>3.</strong></span> <span class='ocrx_word' id='word_1_211' title='bbox 503 2242 562 2279; x_wconf 90' lang='lat' dir='ltr'><strong>sed</strong></span> <span class='ocrx_word' id='word_1_212' title='bbox 588 2240 736 2278; x_wconf 79' lang='lat' dir='ltr'><strong>desino:</strong></span> <span class='ocrx_word' id='word_1_213' title='bbox 766 2238 893 2276; x_wconf 87' lang='lat' dir='ltr'><strong>omnia</strong></span> <span class='ocrx_word' id='word_1_214' title='bbox 925 2237 1024 2275; x_wconf 87' lang='lat' dir='ltr'><strong>enim</strong></span> <span class='ocrx_word' id='word_1_215' title='bbox 1049 2239 1125 2276; x_wconf 87' lang='lat' dir='ltr'><strong>fere</strong></span> 
     </span>
     <span class='ocr_line' id='line_1_34' title="bbox 79 2287 1123 2340; baseline -0.004 -10"><span class='ocrx_word' id='word_1_216' title='bbox 79 2291 323 2338; x_wconf 87' lang='lat' dir='ltr'><strong>Ovidiiloca,</strong></span> <span class='ocrx_word' id='word_1_217' title='bbox 352 2292 411 2331; x_wconf 92' lang='lat' dir='ltr'><strong>ubi</strong></span> <span class='ocrx_word' id='word_1_218' title='bbox 433 2293 501 2330; x_wconf 85' lang='lat' dir='ltr'><strong>dies</strong></span> <span class='ocrx_word' id='word_1_219' title='bbox 519 2303 604 2331; x_wconf 90' lang='lat' dir='ltr'><strong>cum</strong></span> <span class='ocrx_word' id='word_1_220' title='bbox 616 2289 803 2340; x_wconf 68' lang='lat' dir='ltr'><strong>adjetftivo</strong></span> <span class='ocrx_word' id='word_1_221' title='bbox 815 2289 967 2339; x_wconf 87' lang='lat' dir='ltr'><strong>ponitur</strong></span> <span class='ocrx_word' id='word_1_222' title='bbox 980 2317 991 2334; x_wconf 94' lang='lat'><strong>,</strong></span> <span class='ocrx_word' id='word_1_223' title='bbox 1011 2287 1123 2327; x_wconf 80' lang='lat' dir='ltr'><strong>essent</strong></span> 
     </span>
     <span class='ocr_line' id='line_1_35' title="bbox 77 2342 463 2383; baseline 0 -1"><span class='ocrx_word' id='word_1_224' title='bbox 77 2342 302 2383; x_wconf 84' lang='lat' dir='ltr'><strong>adducenda.</strong></span> <span class='ocrx_word' id='word_1_225' title='bbox 331 2344 463 2382; x_wconf 66' lang='lat' dir='ltr'><strong>Euam.</strong></span> 
     </span>
    </p>
   </div>
   <div class='ocr_carea' id='block_1_11' title="bbox 77 2408 1122 2602">
    <p class='ocr_par' dir='ltr' id='par_1_11' title="bbox 77 2408 1122 2602">
     <span class='ocr_line' id='line_1_36' title="bbox 131 2408 1120 2461; baseline -0.003 -12"><span class='ocrx_word' id='word_1_226' title='bbox 131 2421 192 2460; x_wconf 85' lang='lat'><strong>39.</strong></span> <span class='ocrx_word' id='word_1_227' title='bbox 218 2412 358 2449; x_wconf 83' lang='lat' dir='ltr'><strong>Credite</strong></span> <span class='ocrx_word' id='word_1_228' title='bbox 376 2410 528 2461; x_wconf 82' lang='lat' dir='ltr'><strong>deficio.]</strong></span> <span class='ocrx_word' id='word_1_229' title='bbox 564 2412 654 2449; x_wconf 87' lang='lat' dir='ltr'><strong>Hoc</strong></span> <span class='ocrx_word' id='word_1_230' title='bbox 682 2409 862 2448; x_wconf 82' lang='lat' dir='ltr'><strong>distichon</strong></span> <span class='ocrx_word' id='word_1_231' title='bbox 893 2408 941 2446; x_wconf 90' lang='lat' dir='ltr'><strong>est</strong></span> <span class='ocrx_word' id='word_1_232' title='bbox 965 2417 1120 2458; x_wconf 84' lang='lat' dir='ltr'><strong>nugato-</strong></span> 
     </span>
     <span class='ocr_line' id='line_1_37' title="bbox 77 2460 1122 2506; baseline -0.001 -8"><span class='ocrx_word' id='word_1_233' title='bbox 77 2460 124 2498; x_wconf 84' lang='lat' dir='ltr'><strong>ris</strong></span> <span class='ocrx_word' id='word_1_234' title='bbox 152 2489 163 2506; x_wconf 96' lang='lat'><strong>,</strong></span> <span class='ocrx_word' id='word_1_235' title='bbox 207 2473 284 2500; x_wconf 91' lang='lat' dir='ltr'><strong>non</strong></span> <span class='ocrx_word' id='word_1_236' title='bbox 323 2463 555 2500; x_wconf 87' lang='lat' dir='ltr'><strong>Nasonianae</strong></span> <span class='ocrx_word' id='word_1_237' title='bbox 587 2472 727 2499; x_wconf 87' lang='lat' dir='ltr'><strong>manus.</strong></span> <span class='ocrx_word' id='word_1_238' title='bbox 769 2462 913 2497; x_wconf 62' lang='lat' dir='ltr'><strong>Herus.</strong></span> <span class='ocrx_word' id='word_1_239' title='bbox 968 2461 1122 2498; x_wconf 82' lang='lat' dir='ltr'><strong>Nostrae</strong></span> 
     </span>
     <span class='ocr_line' id='line_1_38' title="bbox 77 2511 1121 2562; baseline 0.001 -14"><span class='ocrx_word' id='word_1_240' title='bbox 77 2512 315 2551; x_wconf 82' lang='lat' dir='ltr'><strong>membranae</strong></span> <span class='ocrx_word' id='word_1_241' title='bbox 330 2540 340 2557; x_wconf 94' lang='lat'>‚</span> <span class='ocrx_word' id='word_1_242' title='bbox 368 2524 608 2562; x_wconf 75' lang='lat' dir='ltr'><strong>quantumque</strong></span> <span class='ocrx_word' id='word_1_243' title='bbox 635 2525 656 2548; x_wconf 93' lang='lat' dir='ltr'><strong>a</strong></span> <span class='ocrx_word' id='word_1_244' title='bbox 677 2522 804 2561; x_wconf 83' lang='lat' dir='ltr'><strong>corpore</strong></span> <span class='ocrx_word' id='word_1_245' title='bbox 823 2511 941 2558; x_wconf 80' lang='lat' dir='ltr'><strong>nostro.</strong></span> <span class='ocrx_word' id='word_1_246' title='bbox 959 2511 1020 2549; x_wconf 88' lang='lat' dir='ltr'><strong>sed</strong></span> <span class='ocrx_word' id='word_1_247' title='bbox 1040 2511 1121 2549; x_wconf 88' lang='lat' dir='ltr'><strong>scri-</strong></span> 
     </span>
     <span class='ocr_line' id='line_1_39' title="bbox 79 2560 390 2602; baseline 0.01 -4"><span class='ocrx_word' id='word_1_248' title='bbox 79 2560 244 2601; x_wconf 88' lang='lat' dir='ltr'><strong>bendum</strong></span> <span class='ocrx_word' id='word_1_249' title='bbox 257 2564 367 2602; x_wconf 86' lang='lat' dir='ltr'><strong>credo</strong></span> <span class='ocrx_word' id='word_1_250' title='bbox 381 2577 390 2601; x_wconf 71' lang='grc' dir='ltr'>ι</span> 
     </span>
    </p>
   </div>
   <div class='ocr_carea' id='block_1_12' title="bbox 130 2628 1094 2730">
    <p class='ocr_par' dir='ltr' id='par_1_12' title="bbox 130 2628 1094 2730">
     <span class='ocr_line' id='line_1_40' title="bbox 130 2628 1094 2679; baseline -0.004 -12"><span class='ocrx_word' id='word_1_251' title='bbox 130 2630 271 2668; x_wconf 84' lang='lat' dir='ltr'><strong>Credite</strong></span> <span class='ocrx_word' id='word_1_252' title='bbox 290 2658 300 2675; x_wconf 92' lang='lat'>‚</span> <span class='ocrx_word' id='word_1_253' title='bbox 330 2629 443 2679; x_wconf 80' lang='lat' dir='ltr'><strong>deficio</strong></span> <span class='ocrx_word' id='word_1_254' title='bbox 461 2658 470 2674; x_wconf 96' lang='lat'>‚</span> <span class='ocrx_word' id='word_1_255' title='bbox 498 2629 679 2678; x_wconf 80' lang='lat' dir='ltr'><strong>nostrisque</strong></span> <span class='ocrx_word' id='word_1_256' title='bbox 702 2628 748 2676; x_wconf 87' lang='lat' dir='ltr'><strong>(a</strong></span> <span class='ocrx_word' id='word_1_257' title='bbox 769 2636 898 2676; x_wconf 85' lang='lat' dir='ltr'><strong>corpore</strong></span> <span class='ocrx_word' id='word_1_258' title='bbox 919 2636 1094 2678; x_wconf 80' lang='lat' dir='ltr'><strong>quantum</strong></span> 
     </span>
     <span class='ocr_line' id='line_1_41' title="bbox 183 2679 1009 2730; baseline -0.004 -12"><span class='ocrx_word' id='word_1_259' title='bbox 183 2681 376 2730; x_wconf 80' lang='lat' dir='ltr'><strong>Auguror)</strong></span> <span class='ocrx_word' id='word_1_260' title='bbox 403 2681 569 2718; x_wconf 78' lang='lat' dir='ltr'><strong>accedunt</strong></span> <span class='ocrx_word' id='word_1_261' title='bbox 588 2689 738 2730; x_wconf 86' lang='lat' dir='ltr'><strong>tempora</strong></span> <span class='ocrx_word' id='word_1_262' title='bbox 757 2688 876 2729; x_wconf 85' lang='lat' dir='ltr'><strong>parva</strong></span> <span class='ocrx_word' id='word_1_263' title='bbox 896 2679 1009 2716; x_wconf 79' lang='lat' dir='ltr'><strong>malis.</strong></span> 
     </span>
    </p>
   </div>
   <div class='ocr_carea' id='block_1_13' title="bbox 80 2743 1120 2894">
    <p class='ocr_par' dir='ltr' id='par_1_13' title="bbox 80 2743 1120 2894">
     <span class='ocr_line' id='line_1_42' title="bbox 80 2743 1119 2784; baseline -0.005 -1"><span class='ocrx_word' id='word_1_264' title='bbox 80 2743 128 2783; x_wconf 89' lang='lat' dir='ltr'><strong>fic</strong></span> <span class='ocrx_word' id='word_1_265' title='bbox 146 2746 337 2784; x_wconf 87' lang='lat' dir='ltr'><strong>neminem</strong></span> <span class='ocrx_word' id='word_1_266' title='bbox 362 2744 514 2783; x_wconf 85' lang='lat' dir='ltr'><strong>disticho</strong></span> <span class='ocrx_word' id='word_1_267' title='bbox 536 2744 689 2783; x_wconf 84' lang='lat' dir='ltr'><strong>libenter</strong></span> <span class='ocrx_word' id='word_1_268' title='bbox 702 2745 910 2783; x_wconf 87' lang='lat' dir='ltr'><strong>cariturum.</strong></span> <span class='ocrx_word' id='word_1_269' title='bbox 945 2743 1119 2780; x_wconf 64' lang='lat' dir='ltr'><strong>Aucroa</strong></span> 
     </span>
     <span class='ocr_line' id='line_1_43' title="bbox 80 2793 1120 2843; baseline -0.003 -10"><span class='ocrx_word' id='word_1_270' title='bbox 80 2795 506 2835; x_wconf 60' lang='lat' dir='ltr'><strong>ErecroaAEronms.</strong></span> <span class='ocrx_word' id='word_1_271' title='bbox 541 2808 617 2834; x_wconf 91' lang='lat' dir='ltr'><strong>non</strong></span> <span class='ocrx_word' id='word_1_272' title='bbox 648 2794 839 2843; x_wconf 86' lang='lat' dir='ltr'><strong>displicet,</strong></span> <span class='ocrx_word' id='word_1_273' title='bbox 876 2793 936 2831; x_wconf 88' lang='lat' dir='ltr'><strong>sed</strong></span> <span class='ocrx_word' id='word_1_274' title='bbox 966 2793 1120 2830; x_wconf 77' lang='lat' dir='ltr'><strong>faciliori</strong></span> 
     </span>
     <span class='ocr_line' id='line_1_44' title="bbox 81 2842 1008 2894; baseline -0.002 -10"><span class='ocrx_word' id='word_1_275' title='bbox 81 2855 193 2885; x_wconf 87' lang='lat' dir='ltr'><strong>manu</strong></span> <span class='ocrx_word' id='word_1_276' title='bbox 216 2847 364 2886; x_wconf 79' lang='lat' dir='ltr'><strong>forsitan</strong></span> <span class='ocrx_word' id='word_1_277' title='bbox 383 2849 432 2885; x_wconf 88' lang='lat' dir='ltr'><strong>ita</strong></span> <span class='ocrx_word' id='word_1_278' title='bbox 456 2847 695 2885; x_wconf 81' lang='lat' dir='ltr'><strong>emendatum</strong></span> <span class='ocrx_word' id='word_1_279' title='bbox 712 2846 842 2894; x_wconf 85' lang='lat' dir='ltr'><strong>corrigi</strong></span> <span class='ocrx_word' id='word_1_280' title='bbox 867 2842 1008 2892; x_wconf 74' lang='lat' dir='ltr'><strong>posse-t,</strong></span> 
     </span>
    </p>
   </div>
   <div class='ocr_carea' id='block_1_14' title="bbox 131 2910 1074 3018">
    <p class='ocr_par' dir='ltr' id='par_1_14' title="bbox 131 2910 1074 3018">
     <span class='ocr_line' id='line_1_45' title="bbox 131 2910 1074 2966; baseline -0.005 -14"><span class='ocrx_word' id='word_1_281' title='bbox 131 2917 296 2963; x_wconf 78' lang='lat' dir='ltr'><strong>Credite,</strong></span> <span class='ocrx_word' id='word_1_282' title='bbox 322 2917 460 2966; x_wconf 81' lang='lat' dir='ltr'><strong>deficio:</strong></span> <span class='ocrx_word' id='word_1_283' title='bbox 488 2927 730 2966; x_wconf 74' lang='lat' dir='ltr'><strong>quantumque</strong></span> <span class='ocrx_word' id='word_1_284' title='bbox 755 2927 796 2950; x_wconf 78' lang='lat' dir='ltr'><strong>ex</strong></span> <span class='ocrx_word' id='word_1_285' title='bbox 818 2921 945 2960; x_wconf 82' lang='lat' dir='ltr'><strong>corpore</strong></span> <span class='ocrx_word' id='word_1_286' title='bbox 967 2910 1074 2953; x_wconf 74' lang='lat' dir='ltr'><strong>nostro</strong></span> 
     </span>
     <span class='ocr_line' id='line_1_46' title="bbox 180 2963 988 3018; baseline -0.007 -12"><span class='ocrx_word' id='word_1_287' title='bbox 180 2974 344 3018; x_wconf 80' lang='lat' dir='ltr'><strong>Auguror</strong></span> <span class='ocrx_word' id='word_1_288' title='bbox 358 2997 368 3014; x_wconf 91' lang='lat'><strong>,</strong></span> <span class='ocrx_word' id='word_1_289' title='bbox 394 2968 553 3006; x_wconf 74' lang='lat' dir='ltr'><strong>actedent</strong></span> <span class='ocrx_word' id='word_1_290' title='bbox 571 2976 720 3015; x_wconf 82' lang='lat' dir='ltr'><strong>tempora</strong></span> <span class='ocrx_word' id='word_1_291' title='bbox 737 2973 854 3013; x_wconf 84' lang='lat' dir='ltr'><strong>parva</strong></span> <span class='ocrx_word' id='word_1_292' title='bbox 873 2963 988 3001; x_wconf 77' lang='lat' dir='ltr'><strong>matis.</strong></span> 
     </span>
    </p>
   </div>
   <div class='ocr_carea' id='block_1_15' title="bbox 83 3030 1122 3388">
    <p class='ocr_par' dir='ltr' id='par_1_15' title="bbox 83 3030 1122 3388">
     <span class='ocr_line' id='line_1_47' title="bbox 84 3030 1121 3084; baseline -0.006 -13"><span class='ocrx_word' id='word_1_293' title='bbox 84 3035 218 3072; x_wconf 84' lang='lat' dir='ltr'><strong>namin</strong></span> <span class='ocrx_word' id='word_1_294' title='bbox 237 3034 398 3082; x_wconf 88' lang='lat' dir='ltr'><strong>Juniano</strong></span> <span class='ocrx_word' id='word_1_295' title='bbox 416 3038 552 3084; x_wconf 89' lang='lat' dir='ltr'><strong>(quem</strong></span> <span class='ocrx_word' id='word_1_296' title='bbox 568 3032 727 3070; x_wconf 89' lang='lat' dir='ltr'><strong>eundem</strong></span> <span class='ocrx_word' id='word_1_297' title='bbox 747 3030 903 3080; x_wconf 89' lang='lat' dir='ltr'><strong>suspicor</strong></span> <span class='ocrx_word' id='word_1_298' title='bbox 918 3057 927 3073; x_wconf 97' lang='lat'>‚</span> <span class='ocrx_word' id='word_1_299' title='bbox 951 3030 988 3066; x_wconf 88' lang='lat'>&amp;</span> <span class='ocrx_word' id='word_1_300' title='bbox 1002 3040 1121 3066; x_wconf 88' lang='lat' dir='ltr'><strong>mem-</strong></span> 
     </span>
     <span class='ocr_line' id='line_1_48' title="bbox 84 3083 1119 3131; baseline -0.005 -11"><span class='ocrx_word' id='word_1_301' title='bbox 84 3083 207 3124; x_wconf 87' lang='lat' dir='ltr'><strong>branas</strong></span> <span class='ocrx_word' id='word_1_302' title='bbox 235 3087 335 3125; x_wconf 66' lang='lat' dir='ltr'><strong>docti</strong></span> <span class='ocrx_word' id='word_1_303' title='bbox 368 3086 488 3131; x_wconf 88' lang='lat' dir='ltr'><strong>viri‚)</strong></span> <span class='ocrx_word' id='word_1_304' title='bbox 518 3086 554 3122; x_wconf 69' lang='grc' dir='ltr'><strong>ὃ(</strong></span> <span class='ocrx_word' id='word_1_305' title='bbox 585 3084 656 3120; x_wconf 81' lang='lat' dir='ltr'><strong>alio</strong></span> <span class='ocrx_word' id='word_1_306' title='bbox 688 3092 763 3120; x_wconf 87' lang='lat' dir='ltr'><strong>erat</strong></span> <span class='ocrx_word' id='word_1_307' title='bbox 783 3109 793 3126; x_wconf 92' lang='lat'>‚</span> <span class='ocrx_word' id='word_1_308' title='bbox 837 3091 1079 3131; x_wconf 78' lang='lat' dir='ltr'><strong>quantumque</strong></span> <span class='ocrx_word' id='word_1_309' title='bbox 1098 3093 1119 3115; x_wconf 91' lang='lat' dir='ltr'><strong>a</strong></span> 
     </span>
     <span class='ocr_line' id='line_1_49' title="bbox 84 3131 1118 3186; baseline -0.005 -15"><span class='ocrx_word' id='word_1_310' title='bbox 84 3145 211 3186; x_wconf 79' lang='lat' dir='ltr'><strong>corpore</strong></span> <span class='ocrx_word' id='word_1_311' title='bbox 229 3137 347 3184; x_wconf 87' lang='lat' dir='ltr'><strong>nostro.</strong></span> <span class='ocrx_word' id='word_1_312' title='bbox 370 3151 391 3174; x_wconf 79' lang='lat' dir='ltr'><strong>a</strong></span> <span class='ocrx_word' id='word_1_313' title='bbox 409 3138 536 3186; x_wconf 65' lang='lat' dir='ltr'><strong>peo‘iore</strong></span> <span class='ocrx_word' id='word_1_314' title='bbox 560 3136 665 3172; x_wconf 84' lang='lat' dir='ltr'><strong>Leid.</strong></span> <span class='ocrx_word' id='word_1_315' title='bbox 688 3134 725 3170; x_wconf 70' lang='grc' dir='ltr'><strong>ὃ(</strong></span> <span class='ocrx_word' id='word_1_316' title='bbox 750 3133 895 3170; x_wconf 83' lang='lat' dir='ltr'><strong>Lovan.</strong></span> <span class='ocrx_word' id='word_1_317' title='bbox 914 3143 980 3179; x_wconf 87' lang='lat' dir='ltr'><strong>pro</strong></span> <span class='ocrx_word' id='word_1_318' title='bbox 1005 3131 1118 3175; x_wconf 61' lang='lat' dir='ltr'><strong>deficio</strong></span> 
     </span>
     <span class='ocr_line' id='line_1_50' title="bbox 83 3182 1093 3234; baseline -0.005 -11"><span class='ocrx_word' id='word_1_319' title='bbox 83 3195 158 3224; x_wconf 86' lang='lat' dir='ltr'><strong>erat</strong></span> <span class='ocrx_word' id='word_1_320' title='bbox 177 3187 333 3234; x_wconf 59' lang='lat' dir='ltr'><strong>defuneto</strong></span> <span class='ocrx_word' id='word_1_321' title='bbox 352 3190 388 3226; x_wconf 89' lang='lat' dir='ltr'><strong>in</strong></span> <span class='ocrx_word' id='word_1_322' title='bbox 413 3189 559 3225; x_wconf 73' lang='lat' dir='ltr'><strong>Lovan.</strong></span> <span class='ocrx_word' id='word_1_323' title='bbox 579 3186 743 3222; x_wconf 78' lang='lat' dir='ltr'><strong>accedunt</strong></span> <span class='ocrx_word' id='word_1_324' title='bbox 771 3183 934 3220; x_wconf 85' lang='lat' dir='ltr'><strong>sscrnens.</strong></span> <span class='ocrx_word' id='word_1_325' title='bbox 964 3182 1093 3219; x_wconf 71' lang='lat' dir='ltr'><strong>ssunm.</strong></span> 
     </span>
     <span class='ocr_line' id='line_1_51' title="bbox 135 3234 1118 3288; baseline -0.006 -14"><span class='ocrx_word' id='word_1_326' title='bbox 135 3249 194 3283; x_wconf 77' lang='lat'><strong>4¹·</strong></span> <span class='ocrx_word' id='word_1_327' title='bbox 223 3238 491 3288; x_wconf 80' lang='lat' dir='ltr'><strong>Antesolebat.]</strong></span> <span class='ocrx_word' id='word_1_328' title='bbox 521 3237 646 3274; x_wconf 87' lang='lat' dir='ltr'><strong>Editio</strong></span> <span class='ocrx_word' id='word_1_329' title='bbox 661 3237 708 3273; x_wconf 84' lang='lat' dir='ltr'><strong>N.</strong></span> <span class='ocrx_word' id='word_1_330' title='bbox 732 3234 1047 3283; x_wconf 67' lang='lat' dir='ltr'><strong>Helsrs.nequequi</strong></span> <span class='ocrx_word' id='word_1_331' title='bbox 1070 3246 1118 3269; x_wconf 65' lang='lat' dir='ltr'><strong>cn-</strong></span> 
     </span>
     <span class='ocr_line' id='line_1_52' title="bbox 87 3284 1117 3339; baseline -0.002 -17"><span class='ocrx_word' id='word_1_332' title='bbox 87 3284 138 3322; x_wconf 84' lang='lat' dir='ltr'><strong>lor</strong></span> <span class='ocrx_word' id='word_1_333' title='bbox 155 3288 211 3336; x_wconf 77' lang='lat' dir='ltr'><strong>effe</strong></span> <span class='ocrx_word' id='word_1_334' title='bbox 222 3287 383 3336; x_wconf 85' lang='lat' dir='ltr'><strong>solebat.-</strong></span> <span class='ocrx_word' id='word_1_335' title='bbox 421 3290 552 3339; x_wconf 80' lang='lat' dir='ltr'><strong>vixque</strong></span> <span class='ocrx_word' id='word_1_336' title='bbox 580 3287 694 3324; x_wconf 81' lang='lat' dir='ltr'><strong>habeo.</strong></span> <span class='ocrx_word' id='word_1_337' title='bbox 730 3297 850 3335; x_wconf 76' lang='lat' dir='ltr'><strong>neque</strong></span> <span class='ocrx_word' id='word_1_338' title='bbox 879 3289 1117 3322; x_wconf 72' lang='lat' dir='ltr'><strong>monstratum</strong></span> 
     </span>
     <span class='ocr_line' id='line_1_53' title="bbox 85 3334 1122 3388; baseline -0.005 -11"><span class='ocrx_word' id='word_1_339' title='bbox 85 3337 199 3384; x_wconf 57' lang='lat' dir='ltr'><strong>unde.</strong></span> <span class='ocrx_word' id='word_1_340' title='bbox 225 3350 312 3388; x_wconf 84' lang='lat' dir='ltr'><strong>quas</strong></span> <span class='ocrx_word' id='word_1_341' title='bbox 334 3339 472 3388; x_wconf 78' lang='lat' dir='ltr'><strong>inspexi</strong></span> <span class='ocrx_word' id='word_1_342' title='bbox 492 3367 502 3386; x_wconf 93' lang='lat'><strong>,</strong></span> <span class='ocrx_word' id='word_1_343' title='bbox 532 3352 589 3377; x_wconf 79' lang='lat' dir='ltr'><strong>nec</strong></span> <span class='ocrx_word' id='word_1_344' title='bbox 610 3338 670 3388; x_wconf 81' lang='lat' dir='ltr'><strong>qui</strong></span> <span class='ocrx_word' id='word_1_345' title='bbox 693 3337 777 3375; x_wconf 87' lang='lat' dir='ltr'><strong>color</strong></span> <span class='ocrx_word' id='word_1_346' title='bbox 796 3337 854 3386; x_wconf 77' lang='lat' dir='ltr'><strong>effe</strong></span> <span class='ocrx_word' id='word_1_347' title='bbox 872 3334 1026 3386; x_wconf 82' lang='lat' dir='ltr'><strong>solebat.-</strong></span> <span class='ocrx_word' id='word_1_348' title='bbox 1057 3335 1122 3372; x_wconf 76' lang='lat' dir='ltr'><strong>vix</strong></span> 
     </span>
    </p>
   </div>
   <div class='ocr_carea' id='block_1_16' title="bbox 1177 1495 2223 1652">
    <p class='ocr_par' dir='ltr' id='par_1_16' title="bbox 1177 1495 2223 1652">
     <span class='ocr_line' id='line_1_54' title="bbox 1178 1495 2223 1544; baseline -0.003 -8"><span class='ocrx_word' id='word_1_349' title='bbox 1178 1499 1294 1538; x_wconf 80' lang='lat' dir='ltr'><strong>habeo.</strong></span> <span class='ocrx_word' id='word_1_350' title='bbox 1319 1499 1460 1539; x_wconf 88' lang='lat' dir='ltr'><strong>secutus</strong></span> <span class='ocrx_word' id='word_1_351' title='bbox 1483 1499 1560 1539; x_wconf 72' lang='lat' dir='ltr'><strong>suna</strong></span> <span class='ocrx_word' id='word_1_352' title='bbox 1581 1499 1812 1539; x_wconf 83' lang='lat' dir='ltr'><strong>membranas</strong></span> <span class='ocrx_word' id='word_1_353' title='bbox 1824 1495 2110 1542; x_wconf 85' lang='lat' dir='ltr'><strong>nostras,bene‚</strong></span> <span class='ocrx_word' id='word_1_354' title='bbox 2140 1497 2223 1544; x_wconf 80' lang='lat' dir='ltr'><strong>opi-</strong></span> 
     </span>
     <span class='ocr_line' id='line_1_55' title="bbox 1178 1548 2222 1600; baseline -0.003 -12"><span class='ocrx_word' id='word_1_355' title='bbox 1178 1562 1248 1588; x_wconf 87' lang='lat' dir='ltr'><strong>nor</strong></span> <span class='ocrx_word' id='word_1_356' title='bbox 1269 1579 1280 1596; x_wconf 94' lang='lat'><strong>,</strong></span> <span class='ocrx_word' id='word_1_357' title='bbox 1308 1550 1488 1590; x_wconf 84' lang='lat' dir='ltr'><strong>servantes</strong></span> <span class='ocrx_word' id='word_1_358' title='bbox 1515 1563 1596 1590; x_wconf 84' lang='lat' dir='ltr'><strong>ante</strong></span> <span class='ocrx_word' id='word_1_359' title='bbox 1610 1551 1753 1600; x_wconf 70' lang='lat' dir='ltr'><strong>solebat.</strong></span> <span class='ocrx_word' id='word_1_360' title='bbox 1772 1551 1830 1589; x_wconf 82' lang='lat' dir='ltr'><strong>sed</strong></span> <span class='ocrx_word' id='word_1_361' title='bbox 1861 1551 1899 1587; x_wconf 65' lang='grc' dir='ltr'><strong>ὃς</strong></span> <span class='ocrx_word' id='word_1_362' title='bbox 1920 1548 2072 1598; x_wconf 85' lang='lat' dir='ltr'><strong>sequens</strong></span> <span class='ocrx_word' id='word_1_363' title='bbox 2102 1549 2222 1586; x_wconf 78' lang='lat' dir='ltr'><strong>causas</strong></span> 
     </span>
     <span class='ocr_line' id='line_1_56' title="bbox 1177 1601 1810 1652; baseline 0.002 -13"><span class='ocrx_word' id='word_1_364' title='bbox 1177 1602 1288 1640; x_wconf 82' lang='lat' dir='ltr'><strong>habet</strong></span> <span class='ocrx_word' id='word_1_365' title='bbox 1305 1601 1534 1652; x_wconf 88' lang='lat' dir='ltr'><strong>suspicionis:</strong></span> <span class='ocrx_word' id='word_1_366' title='bbox 1564 1605 1601 1641; x_wconf 62' lang='grc' dir='ltr'><strong>ὃς</strong></span> <span class='ocrx_word' id='word_1_367' title='bbox 1620 1603 1783 1652; x_wconf 85' lang='lat' dir='ltr'><strong>legebam</strong></span> <span class='ocrx_word' id='word_1_368' title='bbox 1800 1631 1810 1647; x_wconf 88' lang='lat'><strong>,</strong></span> 
     </span>
    </p>
   </div>
   <div class='ocr_carea' id='block_1_17' title="bbox 1173 1663 2223 1965">
    <p class='ocr_par' dir='ltr' id='par_1_17' title="bbox 1173 1663 2223 1965">
     <span class='ocr_line' id='line_1_57' title="bbox 1235 1663 2198 1717; baseline -0.002 -13"><span class='ocrx_word' id='word_1_369' title='bbox 1235 1673 1335 1704; x_wconf 82' lang='lat' dir='ltr'><strong>Nam</strong></span> <span class='ocrx_word' id='word_1_370' title='bbox 1357 1680 1463 1716; x_wconf 84' lang='lat' dir='ltr'><strong>neque</strong></span> <span class='ocrx_word' id='word_1_371' title='bbox 1477 1668 1569 1716; x_wconf 85' lang='lat' dir='ltr'><strong>sunt</strong></span> <span class='ocrx_word' id='word_1_372' title='bbox 1586 1668 1678 1704; x_wconf 79' lang='lat' dir='ltr'><strong>vires</strong></span> <span class='ocrx_word' id='word_1_373' title='bbox 1691 1695 1700 1709; x_wconf 87' lang='lat'>‚</span> <span class='ocrx_word' id='word_1_374' title='bbox 1715 1680 1755 1703; x_wconf 85' lang='lat' dir='ltr'><strong>ne</strong></span> <span class='ocrx_word' id='word_1_375' title='bbox 1775 1665 1836 1717; x_wconf 78' lang='lat' dir='ltr'><strong>qui</strong></span> <span class='ocrx_word' id='word_1_376' title='bbox 1858 1665 1943 1703; x_wconf 89' lang='lat' dir='ltr'><strong>color</strong></span> <span class='ocrx_word' id='word_1_377' title='bbox 1958 1674 2040 1702; x_wconf 88' lang='lat' dir='ltr'><strong>ante</strong></span> <span class='ocrx_word' id='word_1_378' title='bbox 2053 1663 2198 1713; x_wconf 76' lang='lat' dir='ltr'><strong>fhlebat.</strong></span> 
     </span>
     <span class='ocr_line' id='line_1_58' title="bbox 1288 1716 2044 1767; baseline -0.004 -12"><span class='ocrx_word' id='word_1_379' title='bbox 1288 1719 1354 1755; x_wconf 81' lang='lat' dir='ltr'><strong>Vix</strong></span> <span class='ocrx_word' id='word_1_380' title='bbox 1373 1719 1455 1754; x_wconf 85' lang='lat' dir='ltr'><strong>adeo</strong></span> <span class='ocrx_word' id='word_1_381' title='bbox 1474 1719 1586 1755; x_wconf 85' lang='lat' dir='ltr'><strong>tenuis</strong></span> <span class='ocrx_word' id='word_1_382' title='bbox 1600 1747 1609 1763; x_wconf 96' lang='lat'><strong>,</strong></span> <span class='ocrx_word' id='word_1_383' title='bbox 1637 1732 1723 1767; x_wconf 81' lang='lat' dir='ltr'><strong>quae</strong></span> <span class='ocrx_word' id='word_1_384' title='bbox 1745 1728 1836 1765; x_wconf 83' lang='lat' dir='ltr'><strong>tegat</strong></span> <span class='ocrx_word' id='word_1_385' title='bbox 1856 1717 1920 1765; x_wconf 83' lang='lat' dir='ltr'><strong>offa</strong></span> <span class='ocrx_word' id='word_1_386' title='bbox 1944 1716 2044 1752; x_wconf 77' lang='lat' dir='ltr'><strong>cutis.</strong></span> 
     </span>
     <span class='ocr_line' id='line_1_59' title="bbox 1184 1764 2223 1816; baseline -0.003 -10"><span class='ocrx_word' id='word_1_387' title='bbox 1184 1769 1361 1806; x_wconf 71' lang='lat' dir='ltr'><strong>Aucroa</strong></span> <span class='ocrx_word' id='word_1_388' title='bbox 1386 1769 1593 1806; x_wconf 64' lang='lat' dir='ltr'><strong>Erucron.</strong></span> <span class='ocrx_word' id='word_1_389' title='bbox 1620 1769 1749 1805; x_wconf 71' lang='lat' dir='ltr'><strong>Eron.</strong></span> <span class='ocrx_word' id='word_1_390' title='bbox 1787 1780 1893 1816; x_wconf 82' lang='lat' dir='ltr'><strong>neque</strong></span> <span class='ocrx_word' id='word_1_391' title='bbox 1920 1765 2090 1804; x_wconf 83' lang='lat' dir='ltr'><strong>Heinsius</strong></span> <span class='ocrx_word' id='word_1_392' title='bbox 2113 1764 2223 1803; x_wconf 69' lang='lat' dir='ltr'><strong>habet·</strong></span> 
     </span>
     <span class='ocr_line' id='line_1_60' title="bbox 1175 1816 2221 1870; baseline -0.005 -13"><span class='ocrx_word' id='word_1_393' title='bbox 1175 1831 1221 1858; x_wconf 80' lang='lat' dir='ltr'><strong>ex</strong></span> <span class='ocrx_word' id='word_1_394' title='bbox 1257 1819 1396 1856; x_wconf 85' lang='lat' dir='ltr'><strong>Moreti</strong></span> <span class='ocrx_word' id='word_1_395' title='bbox 1425 1819 1529 1857; x_wconf 85' lang='lat' dir='ltr'><strong>libro.</strong></span> <span class='ocrx_word' id='word_1_396' title='bbox 1579 1821 1714 1870; x_wconf 76' lang='lat' dir='ltr'><strong>vixque</strong></span> <span class='ocrx_word' id='word_1_397' title='bbox 1744 1830 1789 1856; x_wconf 88' lang='lat' dir='ltr'><strong>ex</strong></span> <span class='ocrx_word' id='word_1_398' title='bbox 1820 1818 1948 1854; x_wconf 84' lang='lat' dir='ltr'><strong>Italico</strong></span> <span class='ocrx_word' id='word_1_399' title='bbox 1970 1816 2112 1854; x_wconf 87' lang='lat' dir='ltr'><strong>codice.</strong></span> <span class='ocrx_word' id='word_1_400' title='bbox 2140 1826 2221 1852; x_wconf 85' lang='lat' dir='ltr'><strong>ante</strong></span> 
     </span>
     <span class='ocr_line' id='line_1_61' title="bbox 1173 1866 2221 1919; baseline -0.005 -11"><span class='ocrx_word' id='word_1_401' title='bbox 1173 1872 1283 1908; x_wconf 87' lang='lat' dir='ltr'><strong>etiam</strong></span> <span class='ocrx_word' id='word_1_402' title='bbox 1310 1871 1346 1908; x_wconf 90' lang='lat' dir='ltr'><strong>in</strong></span> <span class='ocrx_word' id='word_1_403' title='bbox 1375 1878 1534 1919; x_wconf 85' lang='lat' dir='ltr'><strong>quatuor</strong></span> <span class='ocrx_word' id='word_1_404' title='bbox 1554 1870 1696 1908; x_wconf 88' lang='lat' dir='ltr'><strong>invenit</strong></span> <span class='ocrx_word' id='word_1_405' title='bbox 1710 1870 1770 1914; x_wconf 88' lang='lat'><strong>,&amp;</strong></span> <span class='ocrx_word' id='word_1_406' title='bbox 1792 1868 1944 1917; x_wconf 87' lang='lat' dir='ltr'><strong>probare</strong></span> <span class='ocrx_word' id='word_1_407' title='bbox 1964 1867 1999 1905; x_wconf 89' lang='lat' dir='ltr'><strong>se</strong></span> <span class='ocrx_word' id='word_1_408' title='bbox 2020 1866 2163 1905; x_wconf 83' lang='lat' dir='ltr'><strong>notavit</strong></span> <span class='ocrx_word' id='word_1_409' title='bbox 2183 1866 2221 1903; x_wconf 83' lang='lat' dir='ltr'><strong>in</strong></span> 
     </span>
     <span class='ocr_line' id='line_1_62' title="bbox 1175 1920 2068 1965; baseline -0.006 -6"><span class='ocrx_word' id='word_1_410' title='bbox 1175 1922 1306 1959; x_wconf 86' lang='lat' dir='ltr'><strong>codice</strong></span> <span class='ocrx_word' id='word_1_411' title='bbox 1325 1921 1414 1965; x_wconf 85' lang='lat' dir='ltr'><strong>sno,</strong></span> <span class='ocrx_word' id='word_1_412' title='bbox 1443 1921 1569 1960; x_wconf 84' lang='lat' dir='ltr'><strong>addito</strong></span> <span class='ocrx_word' id='word_1_413' title='bbox 1590 1922 1677 1959; x_wconf 80' lang='lat' dir='ltr'><strong>loco</strong></span> <span class='ocrx_word' id='word_1_414' title='bbox 1700 1932 1744 1958; x_wconf 86' lang='lat' dir='ltr'><strong>ex</strong></span> <span class='ocrx_word' id='word_1_415' title='bbox 1766 1920 1826 1958; x_wconf 88' lang='lat' dir='ltr'><strong>lib.</strong></span> <span class='ocrx_word' id='word_1_416' title='bbox 1847 1930 1910 1956; x_wconf 83' lang='lat'>111.</span> <span class='ocrx_word' id='word_1_417' title='bbox 1932 1930 1984 1955; x_wconf 88' lang='lat' dir='ltr'><strong>1v.</strong></span> <span class='ocrx_word' id='word_1_418' title='bbox 2007 1920 2068 1965; x_wconf 90' lang='lat'><strong>67.</strong></span> 
     </span>
    </p>
   </div>
   <div class='ocr_carea' id='block_1_18' title="bbox 1226 1981 2197 2037">
    <p class='ocr_par' dir='ltr' id='par_1_18' title="bbox 1226 1981 2197 2037">
     <span class='ocr_line' id='line_1_63' title="bbox 1226 1981 2197 2037; baseline 0.001 -17"><span class='ocrx_word' id='word_1_419' title='bbox 1226 1990 1325 2021; x_wconf 87' lang='lat' dir='ltr'><strong>Ante</strong></span> <span class='ocrx_word' id='word_1_420' title='bbox 1340 1983 1523 2031; x_wconf 79' lang='lat' dir='ltr'><strong>solebatis,</strong></span> <span class='ocrx_word' id='word_1_421' title='bbox 1546 1985 1708 2037; x_wconf 79' lang='lat' dir='ltr'><strong>gratique</strong></span> <span class='ocrx_word' id='word_1_422' title='bbox 1737 1995 1811 2022; x_wconf 87' lang='lat' dir='ltr'><strong>erat</strong></span> <span class='ocrx_word' id='word_1_423' title='bbox 1832 1983 1941 2031; x_wconf 81' lang='lat' dir='ltr'><strong>instar</strong></span> <span class='ocrx_word' id='word_1_424' title='bbox 1963 1981 2098 2020; x_wconf 83' lang='lat' dir='ltr'><strong>honoris</strong></span> <span class='ocrx_word' id='word_1_425' title='bbox 2124 1993 2197 2022; x_wconf 65' lang='lat' dir='ltr'><strong>&amp;c-</strong></span> 
     </span>
    </p>
   </div>
   <div class='ocr_carea' id='block_1_19' title="bbox 1175 2045 2245 2756">
    <p class='ocr_par' dir='ltr' id='par_1_19' title="bbox 1175 2045 2224 2502">
     <span class='ocr_line' id='line_1_64' title="bbox 1175 2045 2222 2096; baseline 0.001 -13"><span class='ocrx_word' id='word_1_426' title='bbox 1175 2045 1312 2096; x_wconf 87' lang='lat' dir='ltr'><strong>reliqua</strong></span> <span class='ocrx_word' id='word_1_427' title='bbox 1334 2074 1344 2090; x_wconf 87' lang='lat'><strong>‚</strong></span> <span class='ocrx_word' id='word_1_428' title='bbox 1390 2058 1484 2096; x_wconf 88' lang='lat' dir='ltr'><strong>quae</strong></span> <span class='ocrx_word' id='word_1_429' title='bbox 1516 2046 1590 2084; x_wconf 87' lang='lat' dir='ltr'><strong>fine</strong></span> <span class='ocrx_word' id='word_1_430' title='bbox 1621 2048 1716 2085; x_wconf 88' lang='lat' dir='ltr'><strong>libris</strong></span> <span class='ocrx_word' id='word_1_431' title='bbox 1744 2047 1917 2084; x_wconf 86' lang='lat' dir='ltr'><strong>emendat</strong></span> <span class='ocrx_word' id='word_1_432' title='bbox 1937 2058 1982 2082; x_wconf 83' lang='lat' dir='ltr'><strong>ex</strong></span> <span class='ocrx_word' id='word_1_433' title='bbox 2007 2046 2222 2094; x_wconf 70' lang='lat' dir='ltr'><strong>conjeciura</strong></span> 
     </span>
     <span class='ocr_line' id='line_1_65' title="bbox 1177 2096 2224 2145; baseline 0.003 -13"><span class='ocrx_word' id='word_1_434' title='bbox 1177 2096 1233 2133; x_wconf 89' lang='lat' dir='ltr'><strong>vir</strong></span> <span class='ocrx_word' id='word_1_435' title='bbox 1251 2096 1475 2142; x_wconf 58' lang='lat' dir='ltr'><strong>doctus-,vix</strong></span> <span class='ocrx_word' id='word_1_436' title='bbox 1497 2097 1618 2135; x_wconf 87' lang='lat' dir='ltr'><strong>audeo</strong></span> <span class='ocrx_word' id='word_1_437' title='bbox 1637 2097 1900 2145; x_wconf 91' lang='lat' dir='ltr'><strong>comprobare:</strong></span> <span class='ocrx_word' id='word_1_438' title='bbox 1930 2108 2015 2133; x_wconf 81' lang='lat' dir='ltr'><strong>nam</strong></span> <span class='ocrx_word' id='word_1_439' title='bbox 2040 2098 2224 2144; x_wconf 65' lang='lat' dir='ltr'><strong>implicata</strong></span> 
     </span>
     <span class='ocr_line' id='line_1_66' title="bbox 1178 2147 2220 2193; baseline 0 -10"><span class='ocrx_word' id='word_1_440' title='bbox 1178 2147 1227 2184; x_wconf 89' lang='lat' dir='ltr'><strong>est</strong></span> <span class='ocrx_word' id='word_1_441' title='bbox 1246 2148 1388 2185; x_wconf 83' lang='lat' dir='ltr'><strong>locutio</strong></span> <span class='ocrx_word' id='word_1_442' title='bbox 1405 2175 1416 2193; x_wconf 94' lang='lat'><strong>,</strong></span> <span class='ocrx_word' id='word_1_443' title='bbox 1457 2148 1522 2184; x_wconf 86' lang='lat' dir='ltr'><strong>vix</strong></span> <span class='ocrx_word' id='word_1_444' title='bbox 1552 2147 1636 2185; x_wconf 79' lang='lat' dir='ltr'><strong>adeo</strong></span> <span class='ocrx_word' id='word_1_445' title='bbox 1665 2148 1777 2185; x_wconf 73' lang='lat' dir='ltr'><strong>tenuis</strong></span> <span class='ocrx_word' id='word_1_446' title='bbox 1805 2148 1891 2184; x_wconf 79' lang='lat' dir='ltr'><strong>cutis</strong></span> <span class='ocrx_word' id='word_1_447' title='bbox 1918 2159 2001 2184; x_wconf 87' lang='lat' dir='ltr'><strong>curn</strong></span> <span class='ocrx_word' id='word_1_448' title='bbox 2037 2148 2220 2184; x_wconf 71' lang='lat' dir='ltr'><strong>videretur</strong></span> 
     </span>
     <span class='ocr_line' id='line_1_67' title="bbox 1179 2196 2221 2245; baseline -0.002 -10"><span class='ocrx_word' id='word_1_449' title='bbox 1179 2199 1299 2245; x_wconf 88' lang='lat' dir='ltr'><strong>potius</strong></span> <span class='ocrx_word' id='word_1_450' title='bbox 1327 2198 1526 2236; x_wconf 80' lang='lat' dir='ltr'><strong>dicendum</strong></span> <span class='ocrx_word' id='word_1_451' title='bbox 1551 2227 1561 2242; x_wconf 78' lang='grc'>,</span> <span class='ocrx_word' id='word_1_452' title='bbox 1601 2200 1690 2237; x_wconf 86' lang='lat' dir='ltr'><strong>cutis</strong></span> <span class='ocrx_word' id='word_1_453' title='bbox 1712 2200 1774 2237; x_wconf 80' lang='lat' dir='ltr'><strong>vix</strong></span> <span class='ocrx_word' id='word_1_454' title='bbox 1795 2199 1889 2236; x_wconf 81' lang='lat' dir='ltr'><strong>adeo</strong></span> <span class='ocrx_word' id='word_1_455' title='bbox 1910 2196 2017 2236; x_wconf 79' lang='lat' dir='ltr'><strong>crassa</strong></span> <span class='ocrx_word' id='word_1_456' title='bbox 2042 2226 2052 2240; x_wconf 91' lang='lat'><strong>,</strong></span> <span class='ocrx_word' id='word_1_457' title='bbox 2089 2197 2194 2235; x_wconf 72' lang='lat' dir='ltr'><strong>densa</strong></span> <span class='ocrx_word' id='word_1_458' title='bbox 2210 2225 2221 2241; x_wconf 85' lang='lat'><strong>,</strong></span> 
     </span>
     <span class='ocr_line' id='line_1_68' title="bbox 1180 2247 2220 2298; baseline -0.002 -12"><span class='ocrx_word' id='word_1_459' title='bbox 1180 2249 1369 2294; x_wconf 73' lang='lat' dir='ltr'><strong>verdum,</strong></span> <span class='ocrx_word' id='word_1_460' title='bbox 1398 2258 1459 2294; x_wconf 88' lang='lat' dir='ltr'><strong>ut,</strong></span> <span class='ocrx_word' id='word_1_461' title='bbox 1490 2249 1548 2286; x_wconf 91' lang='lat' dir='ltr'><strong>vel</strong></span> <span class='ocrx_word' id='word_1_462' title='bbox 1576 2261 1694 2298; x_wconf 88' lang='lat' dir='ltr'><strong>quae,</strong></span> <span class='ocrx_word' id='word_1_463' title='bbox 1722 2247 1923 2298; x_wconf 78' lang='lat' dir='ltr'><strong>tegatossa.</strong></span> <span class='ocrx_word' id='word_1_464' title='bbox 1951 2248 2012 2286; x_wconf 81' lang='lat' dir='ltr'><strong>etsi</strong></span> <span class='ocrx_word' id='word_1_465' title='bbox 2036 2248 2119 2285; x_wconf 74' lang='lat' dir='ltr'><strong>scio.</strong></span> <span class='ocrx_word' id='word_1_466' title='bbox 2141 2260 2220 2295; x_wconf 80' lang='lat' dir='ltr'><strong>quo</strong></span> 
     </span>
     <span class='ocr_line' id='line_1_69' title="bbox 1177 2297 2219 2349; baseline -0.002 -12"><span class='ocrx_word' id='word_1_467' title='bbox 1177 2300 1287 2348; x_wconf 62' lang='lat' dir='ltr'><strong>paeto</strong></span> <span class='ocrx_word' id='word_1_468' title='bbox 1309 2300 1460 2339; x_wconf 90' lang='lat' dir='ltr'><strong>defendi</strong></span> <span class='ocrx_word' id='word_1_469' title='bbox 1481 2297 1610 2349; x_wconf 74' lang='lat' dir='ltr'><strong>posset.</strong></span> <span class='ocrx_word' id='word_1_470' title='bbox 1637 2312 1705 2339; x_wconf 87' lang='lat' dir='ltr'><strong>nos</strong></span> <span class='ocrx_word' id='word_1_471' title='bbox 1724 2312 1828 2344; x_wconf 81' lang='lat' dir='ltr'><strong>ante,</strong></span> <span class='ocrx_word' id='word_1_472' title='bbox 1855 2299 1957 2348; x_wconf 83' lang='lat' dir='ltr'><strong>quod</strong></span> <span class='ocrx_word' id='word_1_473' title='bbox 1980 2302 2016 2336; x_wconf 66' lang='grc' dir='ltr'><strong>δε</strong></span> <span class='ocrx_word' id='word_1_474' title='bbox 2034 2298 2219 2335; x_wconf 60' lang='grc' dir='ltr'><strong>μείἀιωίίε</strong></span> 
     </span>
     <span class='ocr_line' id='line_1_70' title="bbox 1176 2350 2218 2400; baseline -0.002 -12"><span class='ocrx_word' id='word_1_475' title='bbox 1176 2352 1307 2395; x_wconf 88' lang='lat' dir='ltr'><strong>habet,</strong></span> <span class='ocrx_word' id='word_1_476' title='bbox 1344 2361 1496 2400; x_wconf 87' lang='lat' dir='ltr'><strong>recepto</strong></span> <span class='ocrx_word' id='word_1_477' title='bbox 1519 2379 1529 2394; x_wconf 90' lang='lat'><strong>,</strong></span> <span class='ocrx_word' id='word_1_478' title='bbox 1575 2352 1712 2400; x_wconf 88' lang='lat' dir='ltr'><strong>reliqua</strong></span> <span class='ocrx_word' id='word_1_479' title='bbox 1743 2363 1788 2389; x_wconf 86' lang='lat' dir='ltr'><strong>ex</strong></span> <span class='ocrx_word' id='word_1_480' title='bbox 1820 2350 1893 2388; x_wconf 81' lang='lat' dir='ltr'><strong>side</strong></span> <span class='ocrx_word' id='word_1_481' title='bbox 1921 2350 2218 2387; x_wconf 73' lang='lat' dir='ltr'><strong>membranarum</strong></span> 
     </span>
     <span class='ocr_line' id='line_1_71' title="bbox 1176 2399 2217 2452; baseline -0.003 -13"><span class='ocrx_word' id='word_1_482' title='bbox 1176 2403 1428 2452; x_wconf 87' lang='lat' dir='ltr'><strong>relinquimus.</strong></span> <span class='ocrx_word' id='word_1_483' title='bbox 1463 2403 1545 2451; x_wconf 81' lang='lat' dir='ltr'><strong>tegit</strong></span> <span class='ocrx_word' id='word_1_484' title='bbox 1566 2403 1676 2441; x_wconf 88' lang='lat' dir='ltr'><strong>etiam</strong></span> <span class='ocrx_word' id='word_1_485' title='bbox 1703 2403 1741 2441; x_wconf 89' lang='lat' dir='ltr'><strong>in</strong></span> <span class='ocrx_word' id='word_1_486' title='bbox 1764 2402 1939 2449; x_wconf 82' lang='lat' dir='ltr'><strong>juniano.</strong></span> <span class='ocrx_word' id='word_1_487' title='bbox 1975 2400 2035 2438; x_wconf 79' lang='lat' dir='ltr'><strong>sed</strong></span> <span class='ocrx_word' id='word_1_488' title='bbox 2058 2399 2217 2445; x_wconf 55' lang='lat' dir='ltr'><strong>rectius,</strong></span> 
     </span>
     <span class='ocr_line' id='line_1_72' title="bbox 1176 2453 1445 2502; baseline 0.004 -13"><span class='ocrx_word' id='word_1_489' title='bbox 1176 2462 1281 2502; x_wconf 78' lang='lat' dir='ltr'><strong>tegat.</strong></span> <span class='ocrx_word' id='word_1_490' title='bbox 1309 2453 1445 2490; x_wconf 54' lang='lat' dir='ltr'><strong>Buram.</strong></span> 
     </span>
    </p>

    <p class='ocr_par' dir='ltr' id='par_1_20' title="bbox 1228 2501 1855 2552">
     <span class='ocr_line' id='line_1_73' title="bbox 1228 2501 1855 2552; baseline -0.003 -11"><span class='ocrx_word' id='word_1_491' title='bbox 1228 2518 1289 2550; x_wconf 78' lang='lat'><strong>45.</strong></span> <span class='ocrx_word' id='word_1_492' title='bbox 1321 2502 1501 2552; x_wconf 81' lang='lat' dir='ltr'><strong>Absunt.]</strong></span> <span class='ocrx_word' id='word_1_493' title='bbox 1532 2504 1666 2552; x_wconf 84' lang='lat' dir='ltr'><strong>Desunt</strong></span> <span class='ocrx_word' id='word_1_494' title='bbox 1687 2501 1855 2539; x_wconf 87' lang='lat' dir='ltr'><strong>Bernens.</strong></span> 
     </span>
    </p>

    <p class='ocr_par' dir='ltr' id='par_1_21' title="bbox 1177 2550 2245 2654">
     <span class='ocr_line' id='line_1_74' title="bbox 1226 2550 2245 2604; baseline -0.004 -11"><span class='ocrx_word' id='word_1_495' title='bbox 1226 2555 1285 2601; x_wconf 86' lang='grc'><strong>46.</strong></span> <span class='ocrx_word' id='word_1_496' title='bbox 1313 2559 1381 2599; x_wconf 82' lang='lat' dir='ltr'><strong>Et,</strong></span> <span class='ocrx_word' id='word_1_497' title='bbox 1409 2567 1477 2604; x_wconf 87' lang='lat' dir='ltr'><strong>qua</strong></span> <span class='ocrx_word' id='word_1_498' title='bbox 1491 2554 1590 2591; x_wconf 80' lang='lat' dir='ltr'><strong>nulla</strong></span> <span class='ocrx_word' id='word_1_499' title='bbox 1607 2553 1696 2591; x_wconf 76' lang='lat' dir='ltr'><strong>mihi</strong></span> <span class='ocrx_word' id='word_1_500' title='bbox 1717 2554 1849 2597; x_wconf 66' lang='lat' dir='ltr'><strong>carior,</strong></span> <span class='ocrx_word' id='word_1_501' title='bbox 1877 2566 1963 2590; x_wconf 70' lang='lat' dir='ltr'><strong>uxor</strong></span> <span class='ocrx_word' id='word_1_502' title='bbox 1982 2550 2100 2602; x_wconf 65' lang='lat' dir='ltr'><strong>abest]</strong></span> <span class='ocrx_word' id='word_1_503' title='bbox 2132 2551 2220 2589; x_wconf 52' lang='lat' dir='ltr'><strong>Libss</strong></span> <span class='ocrx_word' id='word_1_504' title='bbox 2243 2580 2245 2583; x_wconf 87' lang='lat'><em>-</em></span> 
     </span>
     <span class='ocr_line' id='line_1_75' title="bbox 1177 2606 1418 2654; baseline -0.004 -10"><span class='ocrx_word' id='word_1_505' title='bbox 1177 2617 1214 2644; x_wconf 88' lang='lat' dir='ltr'><strong>v.</strong></span> <span class='ocrx_word' id='word_1_506' title='bbox 1235 2606 1336 2654; x_wconf 81' lang='lat' dir='ltr'><strong>Eleg‚</strong></span> <span class='ocrx_word' id='word_1_507' title='bbox 1357 2618 1418 2644; x_wconf 85' lang='lat' dir='ltr'><strong>xv.</strong></span> 
     </span>
    </p>

    <p class='ocr_par' dir='ltr' id='par_1_22' title="bbox 1229 2651 2191 2706">
     <span class='ocr_line' id='line_1_76' title="bbox 1229 2651 2191 2706; baseline -0.001 -14"><span class='ocrx_word' id='word_1_508' title='bbox 1229 2659 1379 2706; x_wconf 54' lang='lat' dir='ltr'><strong>{Quanta</strong></span> <span class='ocrx_word' id='word_1_509' title='bbox 1399 2656 1463 2693; x_wconf 82' lang='lat' dir='ltr'><strong>tibi</strong></span> <span class='ocrx_word' id='word_1_510' title='bbox 1488 2655 1640 2692; x_wconf 80' lang='lat' dir='ltr'><strong>dederim</strong></span> <span class='ocrx_word' id='word_1_511' title='bbox 1659 2654 1777 2702; x_wconf 79' lang='lat' dir='ltr'><strong>nostris</strong></span> <span class='ocrx_word' id='word_1_512' title='bbox 1799 2665 2024 2692; x_wconf 71' lang='lat' dir='ltr'><strong>monumenta</strong></span> <span class='ocrx_word' id='word_1_513' title='bbox 2044 2651 2166 2691; x_wconf 75' lang='lat' dir='ltr'><strong>libellis</strong></span> <span class='ocrx_word' id='word_1_514' title='bbox 2178 2680 2191 2700; x_wconf 89' lang='lat'>‚</span> 
     </span>
    </p>

    <p class='ocr_par' dir='ltr' id='par_1_23' title="bbox 1281 2706 2013 2756">
     <span class='ocr_line' id='line_1_77' title="bbox 1281 2706 2013 2756; baseline -0.001 -12"><span class='ocrx_word' id='word_1_515' title='bbox 1281 2714 1311 2743; x_wconf 92' lang='lat' dir='ltr'><strong>O</strong></span> <span class='ocrx_word' id='word_1_516' title='bbox 1331 2707 1420 2744; x_wconf 79' lang='lat' dir='ltr'><strong>mihi</strong></span> <span class='ocrx_word' id='word_1_517' title='bbox 1439 2721 1490 2744; x_wconf 85' lang='lat' dir='ltr'><strong>me</strong></span> <span class='ocrx_word' id='word_1_518' title='bbox 1512 2709 1635 2756; x_wconf 83' lang='lat' dir='ltr'><strong>conjux</strong></span> <span class='ocrx_word' id='word_1_519' title='bbox 1656 2706 1784 2750; x_wconf 74' lang='lat' dir='ltr'><strong>carior,</strong></span> <span class='ocrx_word' id='word_1_520' title='bbox 1813 2707 1883 2755; x_wconf 80' lang='lat' dir='ltr'><strong>ipsa</strong></span> <span class='ocrx_word' id='word_1_521' title='bbox 1904 2706 2013 2744; x_wconf 74' lang='lat' dir='ltr'><strong>vicies.</strong></span> 
     </span>
    </p>
   </div>
   <div class='ocr_carea' id='block_1_20' title="bbox 1176 2767 2245 3417">
    <p class='ocr_par' dir='ltr' id='par_1_24' title="bbox 1176 2767 2245 3417">
     <span class='ocr_line' id='line_1_78' title="bbox 1177 2767 2219 2822; baseline -0.004 -14"><span class='ocrx_word' id='word_1_522' title='bbox 1177 2771 1346 2808; x_wconf 77' lang='lat' dir='ltr'><strong>CIOFAN.</strong></span> <span class='ocrx_word' id='word_1_523' title='bbox 1378 2771 1504 2809; x_wconf 87' lang='lat' dir='ltr'><strong>Scribo</strong></span> <span class='ocrx_word' id='word_1_524' title='bbox 1519 2799 1528 2815; x_wconf 91' lang='lat'><strong><em>‚</em></strong></span> <span class='ocrx_word' id='word_1_525' title='bbox 1555 2783 1624 2822; x_wconf 80' lang='lat' dir='ltr'><strong>qua</strong></span> <span class='ocrx_word' id='word_1_526' title='bbox 1646 2783 1741 2806; x_wconf 83' lang='lat' dir='ltr'><strong>nemo</strong></span> <span class='ocrx_word' id='word_1_527' title='bbox 1764 2769 1853 2806; x_wconf 76' lang='lat' dir='ltr'><strong>mihi</strong></span> <span class='ocrx_word' id='word_1_528' title='bbox 1873 2771 1992 2805; x_wconf 82' lang='lat' dir='ltr'><strong>carior.</strong></span> <span class='ocrx_word' id='word_1_529' title='bbox 2013 2767 2078 2806; x_wconf 83' lang='lat' dir='ltr'><strong>nisi</strong></span> <span class='ocrx_word' id='word_1_530' title='bbox 2101 2767 2219 2813; x_wconf 73' lang='lat' dir='ltr'><strong>malis,</strong></span> 
     </span>
     <span class='ocr_line' id='line_1_79' title="bbox 1177 2819 2219 2872; baseline -0.003 -14"><span class='ocrx_word' id='word_1_531' title='bbox 1177 2826 1222 2858; x_wconf 84' lang='lat' dir='ltr'><strong>Et</strong></span> <span class='ocrx_word' id='word_1_532' title='bbox 1244 2822 1333 2859; x_wconf 79' lang='lat' dir='ltr'><strong>mihi</strong></span> <span class='ocrx_word' id='word_1_533' title='bbox 1348 2835 1418 2872; x_wconf 73' lang='lat' dir='ltr'><strong>qua</strong></span> <span class='ocrx_word' id='word_1_534' title='bbox 1441 2821 1493 2858; x_wconf 72' lang='lat' dir='ltr'><strong>nil</strong></span> <span class='ocrx_word' id='word_1_535' title='bbox 1510 2822 1553 2868; x_wconf 83' lang='lat' dir='ltr'><strong>est</strong></span> <span class='ocrx_word' id='word_1_536' title='bbox 1572 2821 1696 2858; x_wconf 80' lang='lat' dir='ltr'><strong>carius.</strong></span> <span class='ocrx_word' id='word_1_537' title='bbox 1726 2821 1869 2857; x_wconf 60' lang='lat' dir='ltr'><strong>Hiems.</strong></span> <span class='ocrx_word' id='word_1_538' title='bbox 1912 2821 1947 2856; x_wconf 69' lang='lat' dir='ltr'><strong>Si</strong></span> <span class='ocrx_word' id='word_1_539' title='bbox 1967 2821 2058 2857; x_wconf 66' lang='lat' dir='ltr'><strong>haec</strong></span> <span class='ocrx_word' id='word_1_540' title='bbox 2084 2819 2219 2856; x_wconf 64' lang='lat' dir='ltr'><strong>sarissa--</strong></span> 
     </span>
     <span class='ocr_line' id='line_1_80' title="bbox 1179 2869 2221 2921; baseline -0.004 -11"><span class='ocrx_word' id='word_1_541' title='bbox 1179 2884 1261 2910; x_wconf 89' lang='lat' dir='ltr'><strong>cere</strong></span> <span class='ocrx_word' id='word_1_542' title='bbox 1280 2885 1355 2910; x_wconf 88' lang='lat' dir='ltr'><strong>non</strong></span> <span class='ocrx_word' id='word_1_543' title='bbox 1380 2871 1547 2921; x_wconf 75' lang='lat' dir='ltr'><strong>poliunt,</strong></span> <span class='ocrx_word' id='word_1_544' title='bbox 1587 2873 1707 2920; x_wconf 81' lang='lat' dir='ltr'><strong>cogita</strong></span> <span class='ocrx_word' id='word_1_545' title='bbox 1734 2872 1916 2919; x_wconf 81' lang='lat' dir='ltr'><strong>numquid</strong></span> <span class='ocrx_word' id='word_1_546' title='bbox 1940 2869 2058 2907; x_wconf 85' lang='lat' dir='ltr'><strong>minus</strong></span> <span class='ocrx_word' id='word_1_547' title='bbox 2079 2870 2124 2907; x_wconf 68' lang='lat' dir='ltr'><strong>sic</strong></span> <span class='ocrx_word' id='word_1_548' title='bbox 2157 2870 2221 2906; x_wconf 80' lang='lat' dir='ltr'><strong>fri-</strong></span> 
     </span>
     <span class='ocr_line' id='line_1_81' title="bbox 1179 2921 2223 2972; baseline -0.005 -12"><span class='ocrx_word' id='word_1_549' title='bbox 1179 2933 1261 2972; x_wconf 86' lang='lat' dir='ltr'><strong>geat</strong></span> <span class='ocrx_word' id='word_1_550' title='bbox 1288 2923 1476 2961; x_wconf 81' lang='lat' dir='ltr'><strong>sententia.</strong></span> <span class='ocrx_word' id='word_1_551' title='bbox 1503 2923 1627 2970; x_wconf 82' lang='lat' dir='ltr'><strong>absunt</strong></span> <span class='ocrx_word' id='word_1_552' title='bbox 1650 2935 1725 2959; x_wconf 83' lang='lat' dir='ltr'><strong>mea</strong></span> <span class='ocrx_word' id='word_1_553' title='bbox 1756 2935 1838 2958; x_wconf 73' lang='lat' dir='ltr'><strong>cura</strong></span> <span class='ocrx_word' id='word_1_554' title='bbox 1859 2921 2007 2971; x_wconf 54' lang='lat' dir='ltr'><strong>sofista.</strong></span> <span class='ocrx_word' id='word_1_555' title='bbox 2061 2926 2106 2957; x_wconf 81' lang='lat' dir='ltr'><strong>Et</strong></span> <span class='ocrx_word' id='word_1_556' title='bbox 2126 2921 2223 2970; x_wconf 70' lang='lat' dir='ltr'><strong>quei:</strong></span> 
     </span>
     <span class='ocr_line' id='line_1_82' title="bbox 1181 2971 2245 3020; baseline -0.001 -11"><span class='ocrx_word' id='word_1_557' title='bbox 1181 2987 1253 3010; x_wconf 84' lang='lat' dir='ltr'><strong>una</strong></span> <span class='ocrx_word' id='word_1_558' title='bbox 1275 2974 1362 3011; x_wconf 75' lang='lat' dir='ltr'><strong>mihi</strong></span> <span class='ocrx_word' id='word_1_559' title='bbox 1384 2974 1493 3010; x_wconf 83' lang='lat' dir='ltr'><strong>carior</strong></span> <span class='ocrx_word' id='word_1_560' title='bbox 1512 2988 1597 3009; x_wconf 83' lang='lat' dir='ltr'><strong>uxor</strong></span> <span class='ocrx_word' id='word_1_561' title='bbox 1615 2973 1704 3020; x_wconf 81' lang='lat' dir='ltr'><strong>abest</strong></span> <span class='ocrx_word' id='word_1_562' title='bbox 1726 3001 1736 3016; x_wconf 95' lang='lat'><strong>,</strong></span> <span class='ocrx_word' id='word_1_563' title='bbox 1772 2973 1831 3010; x_wconf 84' lang='lat' dir='ltr'><strong>scu</strong></span> <span class='ocrx_word' id='word_1_564' title='bbox 1863 2973 1951 3009; x_wconf 77' lang='lat' dir='ltr'><strong>abes.</strong></span> <span class='ocrx_word' id='word_1_565' title='bbox 2006 2972 2142 3009; x_wconf 70' lang='lat' dir='ltr'><strong>Videre</strong></span> <span class='ocrx_word' id='word_1_566' title='bbox 2166 2971 2222 3008; x_wconf 73' lang='lat' dir='ltr'><strong>vi=</strong></span> <span class='ocrx_word' id='word_1_567' title='bbox 2241 2991 2245 2994; x_wconf 94' lang='lat'><em>·</em></span> 
     </span>
     <span class='ocr_line' id='line_1_83' title="bbox 1182 3023 2218 3073; baseline -0.004 -11"><span class='ocrx_word' id='word_1_568' title='bbox 1182 3026 1273 3062; x_wconf 86' lang='lat' dir='ltr'><strong>deor</strong></span> <span class='ocrx_word' id='word_1_569' title='bbox 1297 3053 1307 3070; x_wconf 92' lang='lat'><em>‚</em></span> <span class='ocrx_word' id='word_1_570' title='bbox 1361 3025 1451 3073; x_wconf 85' lang='lat' dir='ltr'><strong>quid</strong></span> <span class='ocrx_word' id='word_1_571' title='bbox 1482 3025 1665 3062; x_wconf 81' lang='lat' dir='ltr'><strong>librarium</strong></span> <span class='ocrx_word' id='word_1_572' title='bbox 1699 3023 1866 3061; x_wconf 76' lang='lat' dir='ltr'><strong>fefellerit</strong></span> <span class='ocrx_word' id='word_1_573' title='bbox 1895 3050 1906 3066; x_wconf 92' lang='lat'><strong>,</strong></span> <span class='ocrx_word' id='word_1_574' title='bbox 1954 3033 1992 3061; x_wconf 91' lang='lat' dir='ltr'><strong>ut</strong></span> <span class='ocrx_word' id='word_1_575' title='bbox 2024 3023 2123 3058; x_wconf 60' lang='lat' dir='ltr'><strong>nulla</strong></span> <span class='ocrx_word' id='word_1_576' title='bbox 2151 3032 2218 3070; x_wconf 84' lang='lat' dir='ltr'><strong>pro</strong></span> 
     </span>
     <span class='ocr_line' id='line_1_84' title="bbox 1182 3072 2220 3125; baseline -0.003 -13"><span class='ocrx_word' id='word_1_577' title='bbox 1182 3089 1253 3112; x_wconf 88' lang='lat' dir='ltr'><strong>una</strong></span> <span class='ocrx_word' id='word_1_578' title='bbox 1297 3077 1476 3125; x_wconf 86' lang='lat' dir='ltr'><strong>corrigere</strong></span> <span class='ocrx_word' id='word_1_579' title='bbox 1515 3084 1731 3120; x_wconf 80' lang='lat' dir='ltr'><strong>conaretur,</strong></span> <span class='ocrx_word' id='word_1_580' title='bbox 1776 3076 1952 3112; x_wconf 64' lang='lat' dir='ltr'><strong>Aneros.</strong></span> <span class='ocrx_word' id='word_1_581' title='bbox 1994 3075 2142 3111; x_wconf 57' lang='lat' dir='ltr'><strong>litter.</strong></span> <span class='ocrx_word' id='word_1_582' title='bbox 2170 3072 2220 3109; x_wconf 77' lang='lat' dir='ltr'><strong>E—</strong></span> 
     </span>
     <span class='ocr_line' id='line_1_85' title="bbox 1183 3138 1347 3165; baseline -0.006 0"><span class='ocrx_word' id='word_1_583' title='bbox 1183 3138 1347 3165; x_wconf 54' lang='lat' dir='ltr'><strong>Tonans</strong></span> 
     </span>
     <span class='ocr_line' id='line_1_86' title="bbox 1227 3172 2218 3225; baseline -0.006 -11"><span class='ocrx_word' id='word_1_584' title='bbox 1227 3190 1284 3225; x_wconf 72' lang='lat'><strong>47.</strong></span> <span class='ocrx_word' id='word_1_585' title='bbox 1314 3172 1666 3225; x_wconf 66' lang='lat' dir='ltr'><strong>nraciataqueturba</strong></span> <span class='ocrx_word' id='word_1_586' title='bbox 1686 3174 1896 3223; x_wconf 75' lang='lat' dir='ltr'><strong>Getarum]</strong></span> <span class='ocrx_word' id='word_1_587' title='bbox 1935 3175 1992 3213; x_wconf 71' lang='lat' dir='ltr'><strong>Sic</strong></span> <span class='ocrx_word' id='word_1_588' title='bbox 2020 3176 2097 3213; x_wconf 82' lang='lat' dir='ltr'><strong>iibri</strong></span> <span class='ocrx_word' id='word_1_589' title='bbox 2117 3182 2218 3209; x_wconf 80' lang='lat' dir='ltr'><strong>vete-</strong></span> 
     </span>
     <span class='ocr_line' id='line_1_87' title="bbox 1176 3223 2215 3276; baseline -0.011 -9"><span class='ocrx_word' id='word_1_590' title='bbox 1176 3241 1241 3267; x_wconf 64' lang='lat' dir='ltr'><strong>res.</strong></span> <span class='ocrx_word' id='word_1_591' title='bbox 1270 3229 1386 3268; x_wconf 60' lang='lat' dir='ltr'><strong>Cmp.</strong></span> <span class='ocrx_word' id='word_1_592' title='bbox 1435 3231 1506 3266; x_wconf 72' lang='lat' dir='ltr'><strong>Alii</strong></span> <span class='ocrx_word' id='word_1_593' title='bbox 1537 3229 1780 3275; x_wconf 44' lang='lat' dir='ltr'><strong>[acerbamque.</strong></span> <span class='ocrx_word' id='word_1_594' title='bbox 1809 3228 1907 3276; x_wconf 78' lang='lat' dir='ltr'><strong>quod</strong></span> <span class='ocrx_word' id='word_1_595' title='bbox 1929 3239 1971 3263; x_wconf 77' lang='lat' dir='ltr'><strong>ex</strong></span> <span class='ocrx_word' id='word_1_596' title='bbox 1991 3223 2215 3262; x_wconf 73' lang='lat' dir='ltr'><strong>viriol&#39;.1scri--</strong></span> 
     </span>
     <span class='ocr_line' id='line_1_88' title="bbox 1178 3274 2217 3329; baseline -0.01 -12"><span class='ocrx_word' id='word_1_597' title='bbox 1178 3290 1280 3329; x_wconf 77' lang='lat' dir='ltr'><strong>ptura</strong></span> <span class='ocrx_word' id='word_1_598' title='bbox 1303 3283 1403 3320; x_wconf 77' lang='lat' dir='ltr'><strong>venit</strong></span> <span class='ocrx_word' id='word_1_599' title='bbox 1427 3280 1565 3318; x_wconf 57' lang='lat' dir='ltr'><strong>saccula</strong></span> <span class='ocrx_word' id='word_1_600' title='bbox 1584 3309 1593 3327; x_wconf 88' lang='lat'><strong>,</strong></span> <span class='ocrx_word' id='word_1_601' title='bbox 1616 3290 1651 3319; x_wconf 74' lang='lat' dir='ltr'><strong>ut</strong></span> <span class='ocrx_word' id='word_1_602' title='bbox 1671 3289 1741 3317; x_wconf 60' lang='grc' dir='ltr'><strong>ε”.ῐῑ</strong></span> <span class='ocrx_word' id='word_1_603' title='bbox 1770 3291 1807 3316; x_wconf 81' lang='lat' dir='ltr'><strong>m</strong></span> <span class='ocrx_word' id='word_1_604' title='bbox 1832 3281 1973 3316; x_wconf 66' lang='lat' dir='ltr'><strong>somn.</strong></span> <span class='ocrx_word' id='word_1_605' title='bbox 2004 3274 2217 3319; x_wconf 44' lang='lat' dir='ltr'><strong>barbaraque</strong></span> 
     </span>
     <span class='ocr_line' id='line_1_89' title="bbox 1180 3333 2206 3381; baseline -0.004 -11"><span class='ocrx_word' id='word_1_606' title='bbox 1180 3333 1331 3381; x_wconf 62' lang='lat' dir='ltr'><strong>Regius.</strong></span> <span class='ocrx_word' id='word_1_607' title='bbox 2201 3370 2206 3374; x_wconf 92' lang='lat'>.</span> 
     </span>
     <span class='ocr_line' id='line_1_90' title="bbox 2087 3370 2227 3417; baseline -0.007 -10"><span class='ocrx_word' id='word_1_608' title='bbox 2087 3370 2146 3417; x_wconf 47' lang='grc' dir='ltr'><strong>ΑΒ.</strong></span> <span class='ocrx_word' id='word_1_609' title='bbox 2173 3375 2227 3417; x_wconf 55' lang='grc' dir='ltr'><strong>,5ιῆ</strong></span> 
     </span>
    </p>
   </div>
  </div>
 </body>
</html>
