2495 3675
417 176 1358 239 FASTORUM
1467 180 1662 242 L1n.

1736 188 1758 245 1
1770 191 1838 249 V.
2077 210 2179 264 303·

318 295 473 351 Diua
498 295 612 352 dies
636 296 759 352 hinc
791 296 866 352 est
896 295 1118 352 Vinalia.
1152 294 1401 377 Juppiter
1423 296 1564 353 illam

174 386 279 443 900

387 369 676 434 Vindicat,
715 369 771 424 &
796 369 935 424 festis
957 367 1155 440 gaudet
1180 368 1343 424 messe
1370 369 1484 426 suiS.

410 441 496 498 Ex
521 443 642 506 ubi,
681 460 820 514 quae
845 441 1066 502 restant,

1107 443 1250 497 luces
1275 444 1471 514 Aprilis
1495 443 1743 513 habebit;

482 516 541 572 In
568 515 752 571 medio
775 514 930 568 cursu
956 527 1199 587 tempora
1226 516 1363 571 veris
1390 532 1563 574 erunt.

321 589 393 645 Et
421 588 605 645 frustra
630 586 894 660 pecudem
922 604 1142 660 quaeres
1171 589 1583 648 Athamantidos
1608 592 1828 651 Helles:

389 663 654 734 Signaque
682 659 809 714 dant
836 660 1056 715 imbres:
1100 662 1451 736 exoriturque
1476 663 1652 724 Canis,

132 751 135 756 ·
174 755 277 806 905
317 735 442 792 Hac
469 733 596 787 mibi
620 733 899 787 Nomento
924 733 1161 789 Romam
1187 752 1311 790 cum
1339 737 1457 792 luce
1480 738 1741 804 redirem,

391 805 609 861 Obstitit
634 806 689 860 in
712 806 889 860 media
914 807 1142 861 candida
1165 824 1360 881 pompa
1388 811 1486 866 via.

314 879 535 935 Flamen
557 878 612 932 in
639 879 886 950 antiquae
916 879 1091 935 lucem
1116 880 1400 953 Robiginis
1424 883 1562 948 ibat,

387 951 529 1006 Exta
551 951 691 1006 canis
718 950 973 1016 flammiS‚
1012 968 1136 1007 exta
1163 954 1381 1010 daturus
1409 957 1538 1011 oviS.

314 1025 566 1081 Protinus
591 1023 813 1086 acceffi3
856 1025 988 1080 ritus
1012 1043 1080 1081 ne
1107 1028 1310 1082 nescius
1340 1027 1516 1084 essem.

172 1117 274 1171 910

79 1310 260 1351 Candidus
280 1309 414 1348 auratis
434 1307 542 1358 aperit
565 1321 642 1347 cum
664 1308 820 1346 cornibus
845 1322 982 1348 annum

78 1369 212 1402 Taurus
225 1390 237 1407 ,
264 1372 309 1402 ω’
329 1359 446 1408 averfh
465 1359 580 1397 cedens
599 1360 708 1398 Canis
728 1359 848 1398 occidit
869 1361 977 1411 astro.

28 1427 163 1471 Firmat
184 1428 295 1465 etiam
322 1426 482 1464 nostram
511 1425 812 1464 emendationem
835 1441 847 1469 ;
887 1427 989 1476 quod
1011 1428 1072 1467 ille

29 1477 65 1523 in
85 1479 217 1518 occasu
248 1477 474 1518 vehemens,
500 1476 663 1525 gelidus,
690 1476 848 1525 pluvius.
898 1478 1072 1518 Manilius

29 1530 120 1570 clare
138 1529 294 1579 suggerit
311 1527 402 1565 libro
423 1528 567 1576 primo:

76 1594 301 1644 Subsequitur
321 1594 438 1642 rapido
455 1602 614 1630 contenta
635 1593 808 1631 Canicula
827 1595 927 1643 cursu
939 1622 949 1639 ‚

78 1645 166 1696 Qd
185 1645 326 1682 nullum
343 1645 444 1682 terris
463 1643 651 1681 violentius
664 1644 812 1682 advenit
833 1648 968 1693 astrum
981 1673 992 1689 ,

77 1704 150 1735 Nec
165 1695 312 1744 gravius
333 1695 443 1732 cedit:
463 1707 616 1745 namque
633 1694 777 1733 horrida
789 1696 918 1744 frigore
934 1696 1066 1745 saevit;

80 1747 135 1785 Sic
163 1748 202 1785 in
223 1756 410 1834 uZlumquc
435 1755 550 1784 movet
580 1746 755 1785 mundum
775 1775 787 1793 ,
822 1757 866 1786 φ’
893 1747 1070 1785 contraria

203 1810 238 1836 re
287 1806 328 1836 tt.

28 1863 207 1903 Nmor.
265 1861 400 1902 Plinius
422 1873 552 1901 canem
583 1862 658 1900 hoc
685 1870 857 1912 ternpore
894 1864 943 1902 ait
973 1863 1074 1902 occi-

27 1914 115 1953 dere
136 1942 146 1958 ,
175 1915 285 1953 etiam
307 1914 565 1953 Columella&
585 1915 816 1952 Ptolemaeus
840 1943 850 1960 ,
878 1914 1015 1953 Nostro
1034 1916 1072 1953 in

31 1966 211 2004 contraria
231 1964 626 2014 eunte,quodmiror;
655 1966 888 2014 reprehendit
901 1966 979 2015 jam
998 1967 1073 2003 Na-

31 2015 157 2054 sonem
180 2016 254 2054 hoc
272 2017 426 2054 nornine
439 2016 632 2054 Solinianis
655 2017 1072 2055 ExercitationibusSal-

33 2066 175 2106 mafius.
206 2068 352 2104 Herus.
380 2067 515 2104 Occidit
538 2076 641 2117 atque
661 2068 770 2104 Canis
790 2067 930 2105 Fatnes.

84 2129 170 2167 905.
197 2124 273 2154 Hac
294 2117 384 2154 mihi
413 2117 622 2166 Nomento]
678 2117 896 2155 Sabinorum
919 2118 1072 2167 oppido.

35 2167 158 2206 Nem.
194 2175 288 2205 Haec
309 2182 360 2206 m.
378 2173 556 2206 Numento
575 2167 644 2206 alii.
665 2168 730 2205 hac
753 2182 801 2206 m.
821 2182 906 2206 nam
928 2169 1074 2207 memini

36 2219 172 2257 Moret.
187 2220 325 2258 tertius.

83 2281 169 2319 905.
196 2269 318 2319 Luca]
349 2275 449 2306 Forte
467 2269 555 2307 duo.
577 2282 657 2307 rure
674 2269 820 2316 Junian.

84 2323 168 2369 906.
199 2327 239 2357 In
257 2320 370 2358 media
389 2320 540 2357 candida
557 2320 662 2357 turba
680 2320 783 2371 via]
813 2320 979 2358 Candida
997 2330 1074 2357 tur-

35 2370 78 2408 ba
104 2371 183 2408 sunt
202 2371 383 2408 Flamines
401 2399 411 2415 ,
438 2372 502 2420 qui
529 2371 576 2408 ad
601 2371 826 2419 Rubiginem
859 2371 1071 2419 placandam

34 2421 276 2469 properabant
290 2449 300 2464 ,
326 2421 408 2458 albo
428 2421 545 2458 induti
565 2422 806 2458 vestimento:
837 2422 941 2459 color
959 2423 987 2460 is
1000 2431 1075 2460 erat

34 2470 322 2508 sacrificantium.
345 2471 512 2507 Valerius
526 2471 713 2507 Maximus
726 2472 900 2519 ,loquens
922 2472 968 2509 de
986 2473 1019 2509 S.
1033 2473 1076 2510 C.

38 2521 224 2571 publicato
244 2520 323 2567 post
341 2519 481 2556 cladem
506 2519 736 2556 Cannensem
753 2547 763 2563 ,
801 2532 878 2567 quo
902 2529 1050 2559 cautum
1067 2549 1077 2566 ‚

37 2580 79 2609 ut
99 2571 213 2608 luctui
231 2570 308 2618 ejus
329 2569 447 2616 stragis
475 2568 598 2606 diebus
631 2569 776 2617 triginta
795 2569 875 2608 finis
904 2571 1051 2609 daretur
1068 2599 1078 2616 ,

37 2633 84 2660 ne
104 2620 245 2670 publica
272 2620 310 2656 ὅ(
340 2619 476 2667 privata
500 2619 592 2656 sacra
621 2619 887 2664 desererentur;
919 2628 1078 2667 Matres,

40 2672 181 2721 inquit,
208 2683 248 2706 ac
258 2669 356 2717 filiae
369 2698 378 2714 ‚
407 2670 622 2718 conjugesque
642 2672 823 2718 &sorores
842 2680 948 2720 nuper
968 2672 1077 2709 inter-

34 2725 201 2770 festorum
225 2749 235 2765 ‚
271 2717 427 2768 abstersis
449 2720 612 2768 lacrymis
638 2720 852 2773 depositisque
881 2721 1004 2759 doloris
1022 2722 1079 2760 in-

32 2771 183 2821 signibus
197 2800 206 2815 ‚
233 2770 420 2807 candidam
440 2770 580 2807 induere
599 2771 727 2820 vestem
746 2783 790 2811 ω·
808 2773 879 2809 aris
893 2773 976 2810 dare
996 2773 1078 2810 thu·

41 2836 83 2860 ra
105 2824 234 2860 coactae
244 2821 342 2870 sunt.
369 2822 544 2859 NEAPOL.
580 2822 728 2860 Rectius
742 2851 753 2867 ‚
777 2832 920 2873 pompa,
941 2824 1084 2871 primus>

45 2873 211 2911 Ambros.
230 2874 368 2909 Mazar.
386 2873 422 2909 δε
453 2871 590 2920 septem
614 2873 672 2909 vel
701 2873 789 2911 ono
818 2874 889 2911 alii.
919 2873 967 2911 fic
981 2883 1077 2922 pom-

41 2932 120 2972 pam
140 2932 249 2962 vocat
268 2924 489 2961 comitatum
512 2922 613 2959 illum
637 2923 852 2962 Prudentius
869 2953 877 2965 .
905 2925 1080 2973 quiMar-

43 2982 136 3022 tyres
162 2974 206 3012 ad
234 2974 450 3022 supplicium
476 2972 605 3011 ductos
623 2972 836 3023 sequebatur
864 2976 943 3021 περὶ
962 2976 1080 3023 Στεφ.

44 3025 201 3074 Hymno
221 3026 340 3073 primo
357 3038 366 3063 :

96 3091 172 3138 Qo
190 3090 284 3126 viros
305 3090 414 3128 dolore
442 3099 548 3126 tortor
562 3117 571 3133 ,
601 3101 715 3140 quave
727 3099 846 3140 pompa
866 3092 1056 3129 ornaverit,

46 3154 94 3192 ita
122 3156 218 3192 enim
250 3167 297 3192 cx
326 3154 566 3193 vetustiffimis
590 3154 685 3191 libris
712 3154 937 3193 scribendum
959 3185 969 3202 ‚
1006 3167 1082 3193 non

45 3214 160 3253 poena.
187 3205 331 3242 Herus.
401 3206 565 3243 Imitatus
587 3204 634 3241 est
655 3205 753 3242 hunc
773 3206 898 3244 locum
920 3207 1084 3245 Sedulius

48 3254 109 3293 lib.
129 3265 180 3290 ιν.
214 3266 291 3299 ¹4¹·
317 3255 378 3294 ubi
396 3256 526 3293 eadem
547 3256 697 3292 varietas
727 3255 1034 3304 deprehenditur,

98 3315 262 3353 candida
273 3317 407 3365 felicem
426 3319 606 3357 revocavit
622 3328 744 3370 pompa
754 3328 949 3371 parentem.

385 1097 575 1152 Edidit
601 1097 733 1152 haec
758 1096 976 1155 Flamen
999 1099 1189 1165 verba,
1227 1100 1487 1174 Quirine,
1524 1116 1674 1161 tuus:

2007 1179 2181 1254 Aspe4

1128 1311 1178 1369 ita
1198 1311 1288 1353 olim
1310 1313 1508 1364 legebatur.
1543 1316 1719 1356 Cellarius
1750 1328 1796 1356 ex
1817 1317 2005 1358 Gronovii
2034 1316 2178 1363 restitue

1129 1370 1254 1409 tione,
1285 1365 1412 1410 turba,
1433 1366 1557 1406 edidit.
1585 1368 1717 1406 Buam.

1180 1416 1267 1459 906.
1296 1415 1418 1453 Media
1436 1417 1542 1468 vias]
1597 1418 1658 1457 De
1675 1420 1744 1458 hac
1766 1418 1931 1459 Servius:
1962 1419 2022 1457 Ab
2042 1419 2102 1457 hoc
2121 1421 2179 1470 opi

1122 1464 1201 1513 pido
1220 1467 1283 1505 via
1304 1472 1529 1506 Nomentana
1553 1469 1648 1507 diora
1669 1498 1679 1515 ,
1706 1483 1794 1522 quae
1821 1471 2004 1521 incipiebat
2019 1470 2044 1508 a
2067 1470 2178 1512 Vimiz

1126 1515 1203 1554 nali
1217 1517 1334 1566 portd.
1361 1519 1400 1556 &
1422 1519 1553 1567 priscus
1572 1521 1661 1569 lapis
1680 1534 1688 1558 :

1127 1634 1165 1670 N
1229 1583 1342 1621 VIAE
1371 1584 1746 1624 NOMENTANAE
1772 1586 2077 1627 PATRONVS.

1170 1646 1306 1673 sapor..

1178 1714 1265 1751 907.
1294 1709 1334 1740 In
1352 1703 1521 1752 antiquae
1541 1702 1697 1754 lucum]
1750 1703 1931 1753 Displicet
1949 1705 2086 1748 lecum
2115 1702 2177 1744 sed

1128 1751 1177 1791 fic
1199 1753 1364 1804 plerique
1385 1782 1395 1799 ‚
1435 1762 1576 1802 praeter
1603 1753 1696 1792 duos
1724 1755 1889 1802 optimos
1912 1782 1924 1799 ‚
1950 1757 2013 1806 qui
2040 1755 2177 1794 habent

1128 1804 1332 1856 antiquum.
1385 1807 1541 1854 Quanto
1570 1805 1700 1844 melius
1733 1805 1779 1843 ad
1819 1805 1945 1844 lucum
1980 1818 2092 1857 quam
2130 1805 2178 1845 ad

1129 1855 1354 1905 Rubiginem
1378 1856 1583 1904 epithetum
1605 1857 1752 1895 referre.
1806 1856 1975 1908 Antiqua
1994 1858 2076 1896 sane
2097 1858 2178 1896 Ru·

1130 1906 1257 1955 bigalia
1276 1919 1353 1945 non
1372 1906 1542 1945 insiteor:
1571 1907 1719 1946 instituit
1742 1908 1870 1946 Numa
1888 1909 2091 1958 Pompilius
2112 1920 2179 1946 an-

1127 1968 1178 1995 no
1198 1959 1299 2007 regni
1329 1958 1380 1997 sui
1403 1970 1454 1995 xx.
1481 1958 1603 1996 Varro
1633 1958 1694 1997 lib.
1719 1960 1841 2008 primo
1861 1959 1907 1997 de
1938 1961 1982 1998 R.
2005 1960 2049 1998 R.
2075 1960 2178 1998 caus-

1130 2008 1203 2046 sam
1225 2009 1390 2057 incoepti
1411 2010 1527 2047 cultus
1546 2009 1600 2047 his
1623 2009 1800 2059 explicat:
1831 2012 1992 2059 Quarto,
2011 2010 2178 2060 Robigum

1129 2072 1169 2095 ac
1188 2058 1326 2097 Floram
1349 2088 1358 2104 ‚
1389 2059 1512 2109 quibus
1537 2060 1693 2109 propitiis
1722 2067 1828 2107 neque
1855 2061 1970 2110 rubigo
1993 2063 2179 2108 frumenta

1128 2121 1233 2161 atque
1251 2110 1385 2147 arbores
1411 2111 1598 2160 corrumpit
1623 2139 1632 2155 ,
1671 2124 1778 2161 neque
1796 2125 1864 2149 non
1891 2112 2089 2162 tempestive
2110 2111 2180 2162 flo-

1130 2171 1228 2198 rent:
1247 2161 1379 2211 'itaque
1390 2161 1546 2211 publicae
1566 2161 1686 2210 Robigo
1706 2162 1840 2210 feriae,
1869 2162 2070 2212 Robigalia:
2101 2163 2179 2200 Flo·

1131 2225 1210 2257 rae,
1238 2212 1313 2249 ludi
1335 2212 1489 2250 Floralia
1517 2213 1681 2261 instituti.
1729 2213 1872 2251 Festus:
1903 2214 2078 2264 Robigalia
2107 2213 2178 2251 dies

1120 2264 1234 2311 festus
1261 2275 1331 2302 vn.
1362 2263 1540 2301 Kalendas
1562 2264 1682 2313 Majas
1704 2292 1714 2309 ‚
1751 2278 1815 2315 quo
1847 2264 1967 2314 Robigo
1999 2270 2069 2301 Deo
2089 2265 2177 2312 sito,

1131 2327 1231 2363 quem
1265 2313 1443 2361 putabant
1478 2314 1669 2363 rubiginem
1707 2325 1885 2360 avertere,
1915 2315 2176 2364 sacrificabant.

1131 2366 1256 2403 Nem.
1283 2367 1490 2416 Antiquam
1510 2366 1655 2411 Junian.
1675 2366 1712 2403 &
1730 2377 1869 2403 novem
1894 2367 1966 2404 alii.

1182 2428 1268 2463 907.
1303 2422 1435 2453 Lucum
1450 2414 1664 2464 Rubiginis.]
1695 2416 1888 2453 Panvinius
1916 2417 1952 2453 in
1977 2416 2183 2464 Topogra·

1131 2465 1217 2513 phia
1244 2467 1354 2503 Urbis
1390 2467 1515 2503 lucum
1546 2466 1584 2501 δε
1612 2465 1741 2502 aedem
1774 2467 1879 2513 ponit
1907 2466 1943 2503 in
1965 2468 2116 2515 regione
2137 2478 2176 2504 v.

1130 2515 1191 2552 sed
1221 2515 1352 2553 aedem
1385 2515 1577 2562 expressim
1604 2514 1663 2551 vizi
1692 2515 1929 2553 Nomentana
1958 2526 2057 2554 extra
2089 2529 2176 2566 por-

1131 2572 1207 2601 tam
1230 2565 1476 2608 Catulariam;
1509 2565 1566 2601 ubi
1595 2563 1806 2603 sacrificium
1837 2566 2012 2616 Robigini
2044 2569 2081 2605 δε
2104 2569 2178 2606 Ca-

1132 2615 1275 2652 niculae
1293 2615 1485 2653 faciebant.
1514 2614 1575 2651 Ad
1593 2615 1687 2653 hanc
1707 2624 1870 2653 mentem
1893 2617 2030 2656 Festus:
2063 2623 2178 2656 Catu-

1132 2664 1224 2702 laria
1242 2675 1340 2713 porta
1373 2671 1498 2702 Romae
1527 2665 1620 2701 dicia
1648 2666 1714 2713 esl;
1745 2667 1827 2716 quia
1847 2681 1914 2705 non
1935 2668 2028 2717 longe
2047 2669 2092 2705 ab
2109 2669 2175 2715 ed,

1132 2716 1181 2752 ad
1198 2715 1412 2763 placandum
1448 2716 1638 2753 Caniculae
1663 2716 1756 2766 fidus
1778 2719 1938 2766 frugibus
1965 2720 2177 2764 inimicum,

1134 2768 1233 2812 rufae
1252 2780 1348 2803 canes
1367 2766 1646 2804 immolabantur
1666 2796 1676 2812 ,
1712 2779 1750 2805 ut
1760 2770 1878 2817 fruges
1892 2769 2111 2819 flavescentes
2130 2771 2180 2809 ad

1134 2818 1379 2854 maturitatem
1392 2816 1671 2867 perducerentur.
1700 2819 1875 2857 Nemon.

1185 2879 1271 2915 907.
1299 2867 1475 2916 Rubiginis
1494 2867 1605 2917 ibat.]
1655 2870 1756 2906 Lim
1777 2869 1852 2907 duo
1882 2869 1902 2908 ὲ
1933 2872 2047 2917 meis,
2076 2873 2177 2911 Robi-

1133 2917 1233 2966 ginis.
1255 2919 1293 2955 &
1313 2927 1410 2955 certe
1433 2919 1572 2956 verius:
1603 2930 1686 2957 nam
1719 2920 1753 2957 ei
1782 2922 1883 2959 venit
1909 2932 2066 2972 etymon
2090 2952 2101 2968 ,
2138 2932 2178 2962 ut

1135 2968 1314 3016 suspicor,
1344 2967 1364 3005 a
1386 2968 1510 3006 colore
1532 2969 1646 3013 robo;
1677 2972 1900 3019 quiGraecis
1922 2974 2055 3020 ξανθὸς.
2076 2976 2178 3012 Hinc

1136 3018 1228 3055 rohos
1245 3021 1359 3057 boves
1388 3017 1406 3056 a
1439 3019 1572 3058 rusticis
1596 3032 1747 3060 vocatos
1775 3023 1903 3061 auctor
1923 3025 1973 3062 est
2001 3026 2120 3063 Festus
2140 3028 2178 3063 in

1138 3069 1271 3107 vocula
1290 3070 1421 3107 robam.
1450 3069 1620 3119 Expreffe
1650 3081 1754 3111 vetus
1784 3075 1934 3113 Senatus
1957 3076 2177 3114 Consultum

1139 3120 1234 3167 apud
1267 3120 1428 3159 Gellium
1459 3120 1516 3159 lib.
1543 3134 1594 3160 iv.
1628 3134 1706 3171 cap.
1730 3126 1764 3161 6.
1810 3139 1918 3162 sarrs
1957 3139 2176 3164 HABENDVM

1141 3183 1427 3217 crmvcnvur,
1457 3185 1490 3209 ει
1519 3186 1617 3217 Qun
1648 3186 1908 3214 svccmANtrs
1935 3191 2028 3214 opvs
2060 3189 2177 3214 usses·

1142 3233 1293 3265 ROBVS,
1323 3235 1594 3260 svccrofflstr.
1649 3225 1774 3274 Vulgo
1809 3229 1904 3263 male
1924 3228 2075 3274 legitur,
2106 3239 2177 3262 no-

1143 3284 1261 3309 movs
1291 3285 1542 3311 accensum.
1589 3275 1635 3312 Et
1664 3275 1793 3312 inserta
1826 3289 1838 3312 1
1874 3280 2014 3323 reperio
2036 3275 2172 3318 Rolnam

1141 3324 1248 3363 utin
1287 3324 1356 3363 hac
1389 3324 1659 3373 Inscriptione‚
1706 3337 1942 3364 LITATVRVM
1982 3337 2021 3361 ss.
2061 3336 2178 3362 seim·

1598 3392 1604 3397 -
2087 3386 2194 3413 voto.
