2495 3675
333 128 893 192 EPISTOLARUM
930 129 1036 186 EX
1076 126 1359 185 PONTO.
1390 128 1517 184 Lm.
1555 130 1592 184 Ι.
1626 129 1806 185 Emsr.
1844 127 1906 183 ΙΙ.

345 234 561 292 Viderit
587 234 718 289 haec
746 232 784 288 fi
809 234 953 305 quis;
995 231 1090 287 tibi
1113 248 1200 286 me
1225 226 1471 300 scripfiss'e
1500 226 1652 282 fateri
1706 285 1709 291 .

414 307 677 371 AudebO,
715 306 769 360 ἃ
799 305 1024 378 propriis
1051 300 1361 374 ingemuiss'e
1385 300 1551 362 maliS.

339 379 589 442 Viderit;
631 378 842 433 audebo
868 377 961 431 tibi
986 394 1074 430 me
1099 373 1343 446 scripfisse
1369 372 1547 435 fateri,

415 456 599 525 Atque
625 451 848 505 modum
876 448 1062 518 culpae
1091 448 1364 501 notificare
1402 462 1567 499 meae.

341 525 478 598 Qui,
518 541 641 578 cum
670 540 754 576 me
779 522 951 593 poena
975 519 1197 591 dignum
1224 519 1463 590 graviore
1489 515 1639 571 fuisse

410 596 715 656 Confitear,
754 591 958 663 poffum
987 592 1075 645 vix
1112 594 1351 662 graviora
1380 591 1504 659 pati.

336 669 593 724 Hostibus
624 667 676 719 in
704 664 921 726 mediiS,
952 664 1196 733 interque
1223 662 1452 731 pericula
1482 661 1685 714 versor:

408 741 712 811 Tamquam
739 753 862 790 cum
891 736 1055 806 patria
1082 751 1180 804 pax
1207 734 1265 787 fit
1292 731 1500 785 ademta
1529 734 1674 786 mihi.

337 815 477 886 Qui,
513 810 698 865 mortis
721 809 874 863 saevo
900 806 1173 876 geminent
1202 818 1259 859 ut
1287 805 1501 860 vulnere
1525 804 1745 868 caussas2

409 884 605 939 Omnia
631 883 849 953 vipereo
876 878 1067 950 spicula
1093 878 1213 932 felle
1241 878 1424 932 linunt.

2110 143 2213 195 709

203 326 269 363 10

201 689 261 737 15

50 1147 221 1198 posterius
244 1144 419 1183 distichon
432 1143 530 1192 quasi
541 1154 603 1192 per
615 1139 909 1190 subjunetionem
927 1139 1013 1177 huic
1030 1150 1088 1177 re-

50 1198 246 1247 spondeat:
279 1195 469 1240 videlicet,
495 1195 589 1232 velle
609 1202 718 1242 atque
739 1191 872 1229 audere
891 1190 972 1230 sese.
1007 1191 1090 1227 Du-

51 1250 165 1287 bitare
187 1256 307 1284 autem
333 1245 366 1282 se
386 1244 490 1294 fingit
514 1272 524 1289 ,
550 1252 706 1292 propter
726 1241 929 1290 Augustum
951 1241 1090 1289 potiffi-

53 1311 127 1338 me.
157 1298 300 1335 Deinde
320 1296 427 1333 etiam
444 1324 454 1338 ‚
483 1303 523 1333 ut
542 1296 785 1332 attentionem
799 1300 921 1340 paret,
948 1292 1091 1340 magni-

52 1349 220 1387 tudinem
239 1348 319 1385 suae
341 1346 504 1384 miseriae
519 1353 657 1382 tantam
670 1342 739 1381 effe
760 1343 971 1385 innuendo,
986 1350 1025 1379 ut
1040 1350 1093 1379 ta-

57 1401 128 1437 ceri
157 1410 199 1435 ac
229 1395 438 1435 dissimulari
476 1396 577 1434 nullo
610 1394 726 1432 modo
758 1393 875 1441 possit.
916 1393 1093 1429 Mrcnr..

52 1450 154 1488 Prius
168 1448 343 1485 distichon
359 1446 586 1484 Sarravianus
601 1473 611 1489 ,
638 1455 730 1482 unus
744 1443 934 1480 Mediceus
946 1443 982 1479 &
995 1441 1094 1479 Box-

57 1500 256 1538 hornianus
285 1509 360 1535 non
383 1497 582 1545 agnoscunt
602 1523 612 1539 ,
650 1495 822 1543 posterius
842 1492 1000 1530 totidem
1021 1492 1093 1530 alii.

57 1558 215 1599 quatuor
237 1549 328 1585 duos
346 1547 487 1585 medios
508 1546 625 1583 versus
646 1546 832 1582 omittunt.
874 1542 930 1580 Ex
951 1543 1094 1582 duobus

59 1600 212 1639 distichis
235 1609 349 1635 unum
371 1596 577 1635 faciendum
594 1596 669 1634 hoc
689 1593 805 1632 modo
820 1622 831 1638 ‚

114 1663 244 1701 Videris
257 1680 268 1696 .·
296 1662 422 1699 audebo
446 1662 509 1700 tibi
530 1675 583 1698 me
599 1660 752 1710 scripfiffe
769 1661 888 1702 fateri.

163 1713 305 1750 Audebo
319 1712 460 1762 propriis
474 1714 664 1762 ingemuiſje
684 1711 798 1750 malis.

60 1783 108 1819 ita
130 1781 230 1818 enim
252 1778 425 1827 posterior
440 1778 558 1816 versus
578 1780 615 1816 in
635 1776 851 1826 quibusdam
869 1776 1014 1824 scriptus
1030 1787 1093 1814 oc·

62 1831 195 1873 currit,
224 1841 306 1867 cum
329 1828 463 1878 vulgati
477 1827 672 1867 exhibeant
686 1854 696 1872 ‚
714 1825 860 1865 Audebo
881 1836 924 1866 co*
938 1826 1094 1876 propriis.

62 1881 173 1919 Poffit
195 1881 233 1917 δί
253 1879 345 1928 legi,

114 1939 243 1978 Videris
265 1939 345 1976 hoc.-
363 1938 534 1991 siquidem
552 1940 616 1978 tibi
636 1953 689 1978 me
703 1938 860 1989 firipfiffe
871 1938 984 1987 fateri

161 1989 305 2027 Audebo
317 2017 328 2035 ,
356 2002 400 2030 <9⁶
413 1990 557 2040 propriis
577 1991 766 2040 ingemuiffe
785 1990 899 2028 malis.

61 2058 159 2095 Nam
174 2056 407 2095 membranae
418 2057 614 2095 nonnullae
625 2084 637 2100 ‚
666 2056 795 2094 Viderit
812 2056 872 2093 hoc
885 2054 919 2103 fi
928 2054 1024 2105 quid.
1042 2055 1094 2092 al-

59 2115 114 2145 ter
132 2108 377 2145 Medonianus
391 2135 401 2151 ‚
429 2107 559 2145 viderit
580 2105 639 2156 ‹3st
655 2107 750 2157 quid.
779 2108 863 2155 Qua
887 2107 1090 2143 leetionum

58 2156 261 2195 diversitate
280 2159 414 2205 opinor
434 2157 570 2195 factum
585 2185 595 2199 ‚
624 2166 663 2195 ut
681 2156 808 2194 sciolus
823 2157 948 2205 aliquis
969 2155 1090 2193 ansam

57 2207 244 2255 arripuerit
266 2219 310 2243 ex
333 2207 474 2244 duobus
505 2207 660 2245 versibus
682 2206 801 2244 versus
835 2214 992 2254 quatuor
1007 2217 1091 2252 pro-

57 2257 228 2296 cudendi.
256 2256 365 2293 Certe
385 2257 502 2293 versus
524 2258 670 2294 ultimus
683 2256 761 2294 satis
772 2255 1088 2305 arguitindoetam

56 2319 222 2345 manum.
267 2307 360 2355 Quis
381 2308 480 2344 enim
509 2308 630 2344 credat
651 2306 837 2344 Nasonem
860 2305 1086 2353 notificandi,

55 2366 118 2396 aut
134 2385 143 2401 ,
169 2357 271 2406 quod
295 2358 330 2395 in
352 2357 427 2394 aliis
450 2365 570 2401 extat,
597 2356 809 2404 certificandi
827 2358 939 2394 verbo
951 2355 1085 2394 usum?

55 2416 238 2457 praeterea
261 2407 423 2456 plerique
452 2419 519 2455 pto
551 2408 691 2444 modum
719 2407 833 2455 culpae
861 2407 1086 2455 agnoscunt,

56 2458 195 2495 modum
222 2466 356 2506 poenae.
387 2468 479 2504 quae
515 2469 591 2495 vox
622 2458 784 2507 sequenti
817 2457 918 2494 versu
940 2457 1086 2494 iteratur

54 2510 176 2545 minus
214 2508 406 2545 concinne.
449 2508 490 2542 τὸ
534 2507 663 2544 Videris
694 2507 996 2557 elegantiffimum
1025 2507 1086 2545 est.

53 2558 282 2606 Propertius,
309 2558 367 2594 lib.
387 2568 431 2593 rr.
451 2556 504 2594 El.
525 2569 585 2594 xv.
646 2577 649 2580 -

106 2621 234 2659 Viderit
253 2622 312 2660 hoc
325 2651 334 2667 ‚
355 2620 389 2671 fi
407 2635 513 2673 quam
532 2624 606 2671 jam
626 2623 792 2674 perperisse
807 2624 924 2674 pudet.

55 2681 187 2720 Noster
206 2684 351 2731 epistola
374 2696 443 2721 xix.
467 2695 506 2720 21
522 2695 550 2721 t.

74 2753 78 2756 ’
106 2746 234 2784 Viderit
253 2748 314 2795 tsta
331 2755 422 2785 Deus
435 2775 447 2794 ‚
475 2748 535 2798 qui
555 2762 646 2786 nunc
667 2762 741 2787 mea
756 2753 889 2801 peffora
910 2751 1038 2802 versat.

58 2808 157 2864 Artis
178 2811 344 2850 Amator.
366 2813 425 2850 lib.
449 2824 511 2850 111.
530 2814 572 2858 67
589 2825 616 2849 r.
987 2801 999 2809 ³

75 2893 78 2896 ·
111 2874 241 2912 Viderit
263 2875 422 2913 utilitas.-
449 2889 502 2925 ego
523 2885 632 2926 coepta
644 2875 794 2924 fideliter
813 2875 924 2912 edam.

59 2933 117 2975 lib.
143 2947 188 2973 ιι.
220 2946 303 2983 371.

115 3000 244 3039 Viderit
264 3001 429 3039 Atrides:
460 3001 607 3038 Helenen
625 3014 678 3049 ego
698 3000 839 3039 crimine
852 2999 959 3050 fialvo.

65 3067 220 3115 Remed.
241 3067 375 3106 Amor.
394 3078 482 3117 249.

114 3135 244 3174 Viderit
257 3163 267 3179 ‚
296 3136 505 3172 Haemoniae
519 3135 551 3184 fi
569 3135 644 3185 quis
661 3134 757 3172 mala
773 3134 904 3184 pabula
922 3144 1045 3182 terrae,

166 3190 212 3222 Et
232 3186 380 3234 magicas
398 3198 488 3224 artes
503 3188 584 3238 poſje
606 3199 718 3225 nocere
733 3195 848 3236 putat.

66 3250 105 3288 ὃ(
124 3249 259 3289 ibidem
277 3276 286 3292 ‚
314 3251 402 3288 601.

245 3304 340 3351 Tam.
367 3305 435 3351 111.

2079 997 2187 1056 His

1196 1143 1301 1176 Nona
1320 1135 1492 1174 terebatur
1505 1135 1643 1184 miserae
1667 1136 1744 1172 via.
1787 1133 1918 1171 Viderit
1931 1163 1940 1178 ,
1968 1134 2052 1185 inqu
2062 1136 2108 1173 ite

1251 1194 1298 1226 Et
1311 1190 1439 1238 spetfiat
1459 1200 1587 1225 zonam
1603 1186 1737 1235 pallida
1752 1186 1850 1233 fasta
1861 1188 1979 1234 suam.

1147 1257 1334 1295 Fastorum
1355 1267 1401 1293 11.
1420 1254 1504 1300 782.

1198 1321 1349 1365 Viderit,
1377 1319 1540 1356 audentes
1564 1323 1685 1355 Forma
1702 1322 1838 1354 Deusne
1854 1317 1970 1364 juvet.

1148 1385 1258 1424 Trist.
1277 1397 1313 1423 v.
1335 1384 1436 1432 Eleg.
1456 1395 1505 1420 11.

1200 1448 1342 1486 Viderit.
1361 1448 1425 1495 ipse
1435 1448 1576 1496 sacram
1598 1445 1762 1496 quamvis
1782 1443 1916 1494 invisus
1936 1444 1984 1480 ad
2003 1450 2107 1493 aratz}

1254 1499 1476 1548 confugiam.

1150 1564 1323 1604 Lucanus
1342 1567 1402 1605 lib.
1422 1579 1450 1604 1.
1469 1566 1554 1615 636.

1381 1631 1534 1668 conditor
1553 1630 1640 1667 artis

1202 1680 1333 1718 Viderit
1355 1681 1417 1723 isla
1442 1688 1557 1730 Tages.

1151 1744 1282 1782 Statius
1306 1744 1429 1782 Theb.
1449 1757 1518 1784 ιη.

1202 1805 1332 1842 Viderit
1351 1804 1411 1841 hoc
1429 1804 1512 1840 bello
1529 1801 1657 1840 viridis
1675 1813 1815 1839 manus.

1147 1863 1339 1902 Petronius
1358 1874 1439 1912 cap.
1456 1863 1515 1909 87.
1546 1863 1675 1901 Videris
1695 1873 1813 1901 tamen
1834 1890 1844 1909 ,
1881 1862 2013 1915 inquit:
2043 1877 2108 1903 non
2128 1864 2184 1902 ενδ

1146 1913 1202 1951 tui
1220 1913 1358 1962 fimilis.
1394 1914 1574 1964 Apulejus
1602 1914 1958 1963 Metamorphoseon
1987 1926 2023 1953 v.
2067 1920 2113 1953 Et
2143 1925 2198 1953 tu-

1147 1964 1285 2014 quidem
1296 1964 1413 2013 soror,
1441 1965 1594 2005 videris,
1622 1977 1729 2014 quam
1746 1963 1896 2013 parienti
1916 1964 1973 2001 vel
1986 1965 2098 2014 potius
2109 1965 2185 2013 ser-

1147 2014 1216 2050 vili
1237 2015 1378 2061 (dicam
1395 2014 1487 2052 enim
1513 2015 1602 2065 quod
1623 2015 1754 2061 sentio)
1780 2014 1862 2052 haec
1885 2017 2034 2063 perferas
2053 2016 2182 2054 animo.

1150 2065 1339 2102 Enimvero
1367 2078 1421 2114 ego
1449 2078 1576 2113 nequeo
1594 2064 1758 2112 sustinere
1779 2065 1922 2102 ulterius
1950 2074 2026 2102 tam
2043 2065 2184 2103 beatam

1140 2115 1329 2161 fortunam
1351 2114 1515 2151 collatam
1536 2114 1685 2162 indigne.
1711 2115 1836 2163 inepte
1862 2115 1935 2153 illic
1961 2116 2073 2163 vulgo
2094 2115 2186 2164 legi·

1147 2174 1228 2208 tur,
1257 2164 1436 2214 collapsam
1456 2165 1606 2214 indigne.
1633 2164 1705 2212 ipse
1732 2165 1910 2214 Apulejus
1930 2177 2002 2203 vu.
2017 2166 2184 2203 Metam.

1145 2215 1379 2252 Exoculatam
1399 2215 1456 2262 effe
1467 2216 1654 2262 fortunam
1668 2242 1680 2259 ‚
1701 2228 1788 2264 quae
1802 2215 1932 2264 semper
1943 2216 2028 2263 suas
2045 2225 2114 2264 opes
2133 2215 2182 2253 ad

1146 2265 1255 2303 malo's
1276 2276 1319 2305 ty·
1344 2265 1501 2313 indignos
1530 2267 1692 2312 conferat.
1718 2265 1778 2303 sed
1799 2266 1835 2303 in
1867 2265 2015 2315 Apuleji
2030 2267 2117 2304 loco
2138 2267 2182 2303 τὸ

1145 2315 1274 2353 videris
1290 2316 1395 2365 plena
1416 2316 1464 2353 est
1492 2317 1623 2353 oratio.
1652 2315 1801 2364 abrupte
1824 2315 1860 2353 id
1879 2315 1979 2353 verbi
2006 2327 2179 2353 nonnun-

1141 2376 1250 2413 quam
1275 2366 1447 2414 ponitur‚
1469 2366 1668 2415 &quidem
1683 2366 1876 2414 eleganter.
1910 2365 2010 2403 Idem
2023 2365 2113 2403 libro
2126 2377 2180 2404 11.

1143 2421 1196 2452 De
1211 2415 1270 2462 isto
1291 2415 1428 2466 quidem
1442 2443 1453 2460 ,
1480 2418 1530 2453 mi
1551 2415 1667 2452 herilis
1687 2443 1698 2459 ,
1727 2426 1840 2452 tecum
1863 2415 1931 2463 ipfiz
1961 2415 2100 2453 videris.
2127 2416 2179 2454 ita

1142 2466 1180 2503 &
1201 2466 1449 2504 Tertullianus
1482 2467 1701 2513 frequenter.
1730 2474 1770 2502 ut
1789 2476 1863 2512 cap.
1882 2476 1926 2501 11.
1954 2465 2065 2502 Pallii.
2102 2465 2178 2514 pari

1141 2527 1295 2566 quoque
1314 2515 1432 2554 modo
1452 2516 1607 2558 Graeci,
1636 2523 1674 2553 ut
1693 2516 1729 2552 in
1752 2513 1953 2562 Euangelio
1973 2515 2180 2560 Matthaei,

1144 2578 1222 2615 cap.
1242 2565 1426 2610 xxvrmlss.
1446 2576 1485 2615 4.
1511 2567 1559 2602 Τὶ
1580 2566 1659 2610 πρός
1681 2564 1790 2608 ἡμᾶςς
1820 2567 1861 2600 σύ
1883 2563 1970 2606 ὄψει.
1993 2564 2090 2604 reste
2100 2566 2180 2607 Ve-

1144 2625 1200 2654 tus
1222 2617 1422 2664 Interpres,
1450 2615 1536 2666 quid
1555 2615 1602 2651 ad
1630 2624 1712 2652 nos?
1735 2625 1774 2651 tu
1802 2615 1940 2651 videris.
1977 2615 2014 2653 ὅ(
2041 2614 2178 2655 eodem

1144 2668 1262 2716 capite
1280 2667 1334 2709 fis.
1351 2677 1412 2716 24.
1438 2663 1560 2712 Ὑμεῖς
1579 2664 1714 2708 ὕφεσθε.
1734 2679 1793 2701 vos
1815 2664 1983 2701 videntis.
1999 2667 2180 2713 pari-mo·

1145 2717 1194 2754 do
1217 2719 1253 2754 &
1279 2716 1457 2754 aetorum
1481 2729 1592 2754 xvur.
1613 2716 1668 2758 ΧΤ.
1684 2729 1736 2763 ις.
1766 2716 1895 2763 Neque
1909 2716 2009 2753 aliter
2028 2715 2178 2762 Cicero,

1146 2768 1283 2806 Seneca
1307 2768 1343 2804 &
1366 2768 1526 2814 optimus
1547 2767 1700 2815 quisque
1721 2777 1763 2802 ex
1787 2766 1976 2802 aeviaurei
1999 2765 2178 2814 scriptori·
2201 2770 2206 2774 ’

1145 2818 1222 2856 bus.
1254 2819 1355 2855 Loca
1377 2817 1473 2864 plura
1498 2816 1683 2865 adscripti,
1714 2824 1752 2853 ut
1773 2815 1846 2853 suas
1867 2815 2006 2853 Nasoni
2035 2816 2182 2865 elegam„

1144 2869 1210 2906 tias
1227 2866 1428 2906 assererem.
1455 2867 1597 2904 Hsms.
2091 2880 2093 2882 ·

1200 2945 1256 2971 12.
1284 2938 1403 2981 Atque
1424 2935 1563 2970 modum
1581 2933 1740 2984 poenae]
1796 2933 1904 2971 Haec
1933 2932 1981 2971 est
2013 2941 2184 2973 veterum

1147 2983 1321 3022 librorum
1342 2985 1520 3033 scriptura.
1549 2984 1719 3022 Cxofau.

1203 3054 1261 3094 15‘.
1290 3043 1442 3094 Veram]
1472 3050 1588 3082 Vertor
1612 3046 1787 3094 quinque.
1825 3048 1937 3082 nestor
1958 3056 2061 3084 unus.

1205 3105 1263 3142 17.
1289 3095 1365 3143 Qi
1391 3095 1548 3144 mortis.]
1605 3096 1715 3132 Morti
1746 3097 1883 3134 Moreti
1919 3095 2017 3134 liber.
2042 3095 2113 3133 vicl.
2139 3095 2184 3133 ad

1150 3146 1260 3194 Epist.
1282 3157 1396 3183 xvrrr.
1417 3158 1501 3184 200.
1529 3146 1582 3182 cui
1600 3145 1719 3182 mortis
1740 3147 1867 3193 saevae
1888 3146 2040 3195 Argent.
2060 3145 2188 3194 fizevas

1160 3197 1308 3246 Regius.
1326 3195 1448 3241 saevae
1468 3195 1543 3234 duo
1562 3196 1633 3234 alii.

1216 3246 1276 3299 38.
1303 3246 1526 3335 spgcculaselle
1545 3245 1703 3297 linunt.]
1731 3245 1774 3286 In
1796 3247 1900 3285 caseis
1919 3245 2012 3285 libris
2031 3243 2192 3298 Bartlu'us

1391 3308 1477 3336 xxx
2111 3302 2214 3335 mve:
