2495 3675
483 139 1110 202 TRISTIUM
1183 140 1378 197 Ltss.
1453 141 1490 197 I.

1579 143 1783 203 ELEG.
1820 150 1861 206 I.
2135 166 2234 219 451

366 245 611 301 Tantum
642 261 709 298 ne
739 261 962 307 nocea3‚
1000 242 1130 298 dum
1156 241 1232 296 vis
1259 241 1535 315 prodesse‚
1574 242 1776 301 videto.

434 318 575 373 Nam
601 317 716 390 spes
743 317 818 371 est
841 317 1002 371 animi
1033 315 1207 370 nostra
1232 318 1426 370 timore
1450 316 1642 369 minor.

366 391 632 464 Quaeque
658 390 991 463 quiescebat,
1029 406 1098 442 ne
1125 401 1272 442 mota
1296 389 1547 444 resaeviat
1573 389 1647 442 ira
1664 427 1680 452 ,

433 463 503 518 Et
529 481 735 536 poenae
762 476 819 515 tu
846 460 906 514 fis
934 463 1093 514 altera
1120 460 1318 526 cauffa,
1356 480 1501 517 cave.

220 555 317 608 105
359 537 504 593 Cum
533 552 709 590 tamen
736 535 791 588 in
814 532 1052 587 nostrum
1082 531 1243 588 fueris
1271 536 1537 606 penetrale
1564 549 1839 609 receptu3‚

166 613 173 618 ’
431 607 847 679 Contigerisque
872 620 1048 668 tuam,
1091 605 1276 661 scrinia
1304 627 1491 672 curva,
1529 608 1785 675 domum3

355 683 631 751 Adspicies
658 680 762 733 illic
791 678 986 750 positos
1012 697 1081 732 ex
1104 679 1294 734 ordine
1320 682 1506 736 fratres
1525 720 1538 743 ‚

427 755 581 826 Quos
609 751 841 807 studium
868 750 1088 807 cumSiOS
1113 753 1379 823 evigilavit
1413 756 1574 809 idem.

352 826 550 882 Cetera
577 825 727 879 turba
758 826 926 896 palam
953 826 1134 879 titulos
1159 826 1402 882 ostendet
1432 842 1675 899 apert033

212 921 308 957 110

419 900 490 953 Et
519 900 604 952 sua
635 897 846 952 detefia
874 899 1089 951 nomina
1119 898 1298 953 fronte
1325 915 1491 970 geret.

351 972 493 1028 Tres
523 971 711 1043 procul
737 970 959 1024 obscura
985 971 1247 1025 latitantes
1274 987 1422 1043 parte
1448 972 1668 1028 videbis,

423 1043 503 1101 Hi
528 1061 775 1117 quoque,
813 1044 962 1116 quod
992 1060 1153 1098 nemo
1181 1044 1380 1110 nescit,
1417 1063 1591 1102 amare
1620 1046 1836 1103 docent.

55 1326 110 1353 res
128 1313 310 1362 elegantes
328 1311 505 1351 offendat.
532 1321 654 1358 neque
673 1307 779 1357 plane
799 1306 1103 1356 satisfacit,quod

56 1364 79 1402 ὲ
96 1365 163 1403 suis
181 1366 290 1403 codd.
318 1363 484 1413 expreffit
514 1361 778 1403 Bersmannus,
805 1368 849 1397 (φ’
871 1369 953 1394 ante
983 1367 1104 1394 tamen

49 1425 162 1466 pauca
192 1415 333 1453 locutus.
367 1414 535 1462 quamvis
564 1413 638 1449 hoc
670 1409 691 1448 a
718 1421 803 1448 vera
829 1408 992 1448 lectione
1014 1409 1102 1447 absit

53 1467 216 1516 propius.
242 1469 352 1515 Quae
374 1461 518 1502 fortaffe
537 1462 605 1501 est:

107 1533 142 1571 Si
162 1533 237 1584 quis
259 1533 323 1569 erit
336 1560 346 1579 ‚
376 1531 436 1582 qui
457 1541 489 1567 te
503 1557 513 1574 ,
541 1528 762 1566 dubitantem
793 1536 837 1567 ω’
857 1525 954 1563 adire
973 1525 1101 1563 timen-

228 1594 297 1620 tem

155 1634 288 1671 Tradat
311 1611 364 1682 {at
383 1643 466 1669 ante
488 1640 606 1669 tamen
623 1638 734 1679 pauca
755 1627 902 1676 locutus)
924 1627 998 1665 adi.

49 1718 134 1745 ante
150 1716 261 1757 pauca
282 1707 412 1744 locutus
433 1704 698 1751 προδοποιῆσκς.
726 1701 845 1740 modo
869 1704 992 1750 paucis
1013 1712 1097 1742 ante

51 1759 168 1797 verbis
190 1761 279 1795 iram
307 1760 450 1806 mitiget
475 1754 632 1794 Caesaris
657 1782 667 1798 ,
706 1764 748 1790 ac
771 1753 871 1790 viam
893 1753 937 1791 ad
958 1754 1095 1792 Princi-

47 1822 133 1860 pem
167 1808 347 1848 offensum
376 1809 440 1847 tibi
467 1807 612 1846 sternat.
663 1805 714 1842 D.
742 1804 884 1840 Heius.
935 1811 991 1842 At
1010 1816 1096 1842 aare

48 1871 168 1898 tamen
185 1869 296 1910 pauca
325 1859 455 1897 locutus
477 1887 487 1904 ‚
511 1858 584 1894 adi.
619 1856 678 1893 vel
698 1855 861 1911 loquatur
882 1866 945 1903 per
966 1868 1096 1904 paren-

47 1911 176 1949 thesin.
214 1923 304 1949 mox
318 1911 453 1958 felicior
480 1910 545 1959 ipse
573 1919 659 1946 cum
688 1905 912 1943 melioribus.
951 1908 1094 1946 Htms,

44 1968 88 1999 Ut
101 1972 182 1999 ante
192 1973 312 1999 tamen
326 1961 471 1999 volebat
484 1960 665 1997 Francius.
674 1957 773 1993 adire
796 1957 969 2013 vtolentem
981 1959 1093 1997 etiarn

44 2014 128 2062 Jun.
154 2012 323 2051 Leidens.
341 2011 508 2050 Beruens.
528 2011 566 2048 ὃ(
586 2010 751 2059 quinque
770 2007 842 2044 alii.

99 2092 159 2129 97.
188 2079 327 2118 Felicior
358 2076 461 2128 ipfh.]
517 2075 584 2125 Ipse
612 2073 755 2118 Servii,
781 2072 924 2111 Moreti
956 2074 995 2112 δε
1023 2082 1094 2113 tres

46 2132 185 2283 QUI-gn
212 2191 377 2242 reuera]
406 2191 532 2230 Pellere
552 2188 705 2228 Combii
716 2188 851 2228 codex.
868 2189 944 2228 vid.
961 2190 1006 2230 ad
1020 2192 1095 2230 Re-

47 2252 107 2283 me
138 2273 147 2284 .
171 2257 253 2292 115.

102 2327 184 2355 101.
212 2313 366 2365 Videto.]
431 2311 746 2350 Animadvertito.
781 2309 912 2348 Nostra
940 2311 1089 2360 lingua,

45 2372 94 2405 Fa
105 2367 163 2404 che
175 2366 348 2416 confideri.
377 2364 547 2403 ConAN.
575 2368 709 2400 Caveto
721 2361 810 2399 duo.
829 2373 998 2399 memento
1010 2363 1091 2411 plu-

42 2419 140 2457 rimi.

99 2495 183 2520 102.
215 2487 309 2519 Nam
336 2481 407 2530 spec
435 2479 478 2527 est
506 2478 620 2515 animi
653 2476 764 2524 nostra
792 2476 915 2513 timore
933 2475 1085 2526 minor.]

44 2533 180 2572 Animo
208 2533 314 2569 multi
334 2540 486 2569 veteres.
513 2541 558 2566 an
574 2555 585 2571 ‚
605 2540 729 2575 magno
750 2526 873 2563 timore
891 2536 906 2564 ἒ
946 2527 1089 2577 Hiems.

43 2585 266 2633 Conjecerat
297 2584 334 2620 &
356 2610 366 2625 ‚
394 2581 468 2629 spes
493 2578 660 2617 exanimi.
696 2577 754 2615 vel
772 2605 783 2622 ‚
811 2577 887 2626 spes
913 2576 956 2625 est
982 2578 1087 2615 omni.

43 2635 159 2673 animo
179 2634 325 2671 Merula
345 2634 446 2680 legit.

96 2709 178 2747 103.
209 2699 376 2747 Qaeque
394 2692 581 2745 quiescebat
596 2720 607 2736 ‚
635 2704 675 2728 ne
693 2699 787 2727 mota
819 2689 987 2742 resaeviat
1007 2690 1086 2737 ira,

43 2753 90 2786 Et
106 2758 230 2798 poenae
250 2747 350 2797 effa]
380 2747 464 2783 Lib.
487 2746 523 2782 &
547 2744 648 2792 Eleg.
668 2754 721 2779 iv.

97 2817 194 2849 Neve
211 2808 430 2847 retractando
449 2807 604 2845 nondum
627 2805 784 2842 coeuntia
804 2814 922 2855 rumpe

149 2862 297 2898 Vulnera
310 2890 321 2905 ‚
350 2860 415 2898 vix
436 2859 506 2897 illis
522 2857 674 2908 proderit
693 2857 763 2905 ipsa
780 2857 884 2907 quies.

44 2927 156 2965 Unde
174 2926 410 2976 proverbium
431 2952 442 2969 ,
479 2922 638 2960 Obducta
666 2921 812 2958 cicatrix
836 2934 904 2958 non
925 2919 968 2967 est
986 2921 1087 2970 refri-

45 2979 155 3017 canda
196 2977 237 3017 In
263 2977 339 3015 lbin
362 2976 472 3013 etiam
493 2975 564 3012 tale
585 2973 798 3023 quippiam:

98 3042 310 3092 Vulneraque
331 3039 481 3078 immitis
500 3038 652 3090 requiem
669 3037 872 3086 quaerentia
893 3047 1016 3075 vexat.

48 3093 214 3131 Cxoran.

100 3172 182 3206 104.
209 3164 253 3196 Et
272 3168 446 3209 poenaetu
460 3157 548 3207 fis.]
574 3154 961 3206 NefisFragm.Revii
976 3156 1084 3201 ,Ber-

45 3209 163 3249 nenfis
176 3210 212 3247 ὃ(
225 3210 312 3248 msto
324 3211 382 3248 alii
399 3222 484 3248 cum
508 3210 625 3257 prima
645 3206 822 3248 editione.
849 3207 960 3247 altera
973 3208 1086 3258 caussa

47 3274 140 3300 meae
166 3260 330 3299 Voffian.
350 3261 541 3310 Excerpta.

2083 1173 2206 1231 Hos

1216 1320 1300 1356 ῐυς.
1330 1315 1371 1347 In
1394 1311 1543 1358 nostrum
1562 1310 1773 1362 penetralc.]
1805 1310 1908 1350 Olim
1925 1311 2072 1350 volebat
2085 1312 2207 1351 Hein-

1158 1358 1250 1404 fius,
1271 1360 1308 1396 in
1337 1372 1471 1400 notum.
1499 1375 1576 1401 non
1605 1363 1713 1401 male.
1741 1363 1815 1401 vid.
1835 1363 1882 1401 ad
1905 1364 1997 1402 Met.
2029 1376 2097 1402 vu.
2122 1364 2207 1413 576.

1156 1411 1310 1458 vestrum
1335 1412 1455 1451 Vatic.
1476 1414 1513 1451 ὅ(
1535 1413 1718 1452 Barberin.

1213 1478 1294 1515 106.
1321 1477 1455 1515 Scrinia
1477 1479 1626 1529 curva]
1658 1480 1737 1518 Lib.
1762 1480 1915 1520 Aldinus
1937 1483 1973 1519 δε
1986 1481 2106 1520 Vatic.
2120 1490 2205 1532 par-

1156 1542 1217 1566 va.
1246 1528 1414 1566 C10FAN.
1461 1536 1587 1567 Curva
1609 1531 1687 1569 libri
1707 1533 1878 1569 meliores
1899 1544 2030 1582 magna
2056 1544 2101 1570 ex
2123 1544 2202 1580 par-

1156 1587 1204 1616 te.
1233 1580 1399 1618 Placebat
1419 1580 1507 1620 olim
1530 1583 1686 1629 reponi,
1715 1593 1825 1618 curta.
1850 1582 1895 1620 de
1927 1596 1998 1632 qua
2019 1595 2114 1620 voce
2136 1594 2201 1620 co-

1156 1630 1255 1718 ffiose
1286 1631 1428 1680 egimus
1455 1632 1500 1670 ad
1528 1632 1646 1671 Fastos
1679 1645 1723 1672 11.
1751 1633 1835 1680 408.
1870 1645 1970 1672 nunc
1999 1633 2050 1672 nil
2080 1642 2201 1672 muto.

1202 1693 1302 1719 EINS.

1214 1755 1295 1788 107.
1324 1743 1500 1793 Fratres.]
1541 1744 1685 1783 Libros.
1712 1747 1827 1786 Hunc
1846 1756 1968 1786 autem
1989 1749 2114 1788 locum
2136 1763 2200 1789 ex-

1153 1796 1256 1844 posui
1285 1795 1323 1832 in
1353 1796 1444 1832 meis
1472 1796 1507 1832 in
1539 1796 1858 1847 Metamorphofin
1887 1799 2199 1841 observationibus

1150 1847 1214 1885 sub
1234 1845 1346 1883 finem
1368 1846 1427 1883 lib.
1448 1858 1499 1883 vx.
1528 1847 1697 1887 Cmrm.

1208 1920 1290 1957 109.
1317 1914 1441 1946 Cetera
1460 1911 1565 1948 turba
1579 1912 1698 1960 palam
1729 1914 1850 1958 titulos
1874 1914 2017 1961 ostendit
2046 1925 2198 1965 apertos,

1151 1963 1197 1996 Et
1211 1963 1279 2007 sua
1288 1959 1418 1997 detec't'a
1439 1963 1581 2000 nomina
1595 1965 1714 2010 fronte
1725 1966 1837 2014 gerit.-
1862 1971 1941 2004 Tres
1948 1967 2066 2016 procul
2083 1968 2199 2018 obscu-

1151 2025 1192 2047 ra
1213 2011 1314 2060 era]
1346 2012 1428 2049 Lib.
1450 2025 1510 2051 111.
1541 2015 1643 2064 Eleg.
1665 2029 1692 2053 1.

1203 2072 1423 2122 {Qmereham
1440 2076 1574 2121 fratres
1588 2104 1597 2120 ,
1625 2076 1768 2126 exceptis
1782 2076 1909 2123 scilicet
1928 2076 2019 2123 illis,

1253 2127 1348 2171 Qos
1362 2123 1447 2172 suus
1469 2135 1599 2174 optaret
1620 2141 1688 2164 non
1708 2128 1850 2176 genuiffc
1870 2138 1979 2176 pater.

1150 2190 1197 2228 Et
1215 2203 1294 2229 xiv.
1321 2192 1365 2230 ad
1385 2193 1546 2230 amicum
1563 2222 1572 2238 ‚
1600 2203 1639 2232 ut
1657 2195 1766 2232 libros
1783 2204 1928 2232 tueatur
1943 2194 2048 2233 suos:

1200 2258 1300 2303 Saepe
1316 2263 1376 2304 per
1393 2265 1567 2292 extremas
1583 2258 1743 2305 profugus
1757 2267 1856 2306 pater
1875 2259 2011 2308 exsulat
2031 2273 2108 2297 oras
2119 2288 2131 2305 ‚

1247 2305 1333 2342 Urbe
1353 2316 1472 2342 tamen
1492 2307 1584 2344 natis
1605 2307 1729 2356 exsulis
1751 2307 1807 2357 effe
1825 2307 1913 2347 licet.

1197 2356 1355 2393 Palladis
1375 2357 1522 2406 exemplo
1543 2359 1583 2394 de
1605 2372 1660 2394 me
1670 2357 1745 2407 fine
1765 2371 1878 2396 matre
1897 2371 2012 2396 creata

1251 2407 1426 2445 Carmina
1438 2419 1525 2455 stent
1540 2436 1550 2452 ‚
1578 2409 1672 2458 stirps
1692 2409 1777 2445 haec
1797 2411 2030 2458 progeniesque
2050 2422 2139 2446 mea.

1194 2464 1298 2496 Hanc
1314 2457 1378 2494 tibi
1399 2459 1594 2495 commendo
1610 2486 1621 2504 ,
1645 2472 1731 2509 quae
1749 2472 1813 2509 quo
1833 2462 1941 2509 magis
1964 2461 2044 2497 orba
2062 2469 2186 2509 paren-¹

1321 2519 1354 2545 te
1368 2507 1411 2552 2ss
1423 2535 1435 2552 ,

1251 2565 1320 2595 Hoc
1339 2558 1404 2595 tibi
1424 2557 1533 2595 tutori
1542 2558 1685 2606 sarcina
1707 2557 1819 2607 major
1839 2559 1917 2598 erit.

1198 2612 1277 2646 Tres
1296 2609 1385 2646 mihi
1398 2608 1484 2655 sunt
1503 2610 1580 2645 nati
1602 2612 1755 2658 contagia
1780 2612 1889 2653 nostra
1909 2614 2031 2655 secuti,

1245 2665 1368 2697 Cetera
1378 2661 1442 2707 fac
1461 2673 1559 2696 curae
1570 2657 1620 2709 fit
1637 2658 1702 2697 tibi
1719 2659 1823 2698 turba
1839 2660 1976 2710 palam.

1195 2716 1284 2748 Sunt
1295 2724 1425 2762 quoque
1437 2722 1595 2748 mutatae
1613 2723 1664 2748 ter
1677 2713 1827 2761 quinque
1841 2714 2181 2761 voluminaformae‚

1246 2762 1420 2799 Carmina
1438 2762 1478 2798 de
1495 2762 1626 2799 domini
1637 2764 1761 2807 funere
1781 2772 1881 2810 rapta
1893 2764 1966 2812 sui.

1193 2811 1288 2849 Illud
1307 2823 1385 2860 opus
1404 2814 1537 2861 potuit,
1557 2813 1590 2860 si
1605 2826 1673 2849 non
1687 2814 1782 2861 prius
1803 2815 1866 2860 ipse
1880 2815 2030 2862 periffem
2042 2845 2055 2862 ‚

1241 2864 1380 2900 Certius
1397 2863 1423 2900 ιὶ
1434 2863 1578 2910 summa
1599 2876 1720 2900 nomen
1740 2862 1862 2901 habere
1880 2877 2002 2905 manu.

1193 2916 1299 2950 Nunc
1317 2914 1542 2950 incorret‘lum
1559 2915 1670 2962 populi
1684 2915 1842 2964 pervenit
1867 2915 1904 2952 in
1924 2931 1982 2952 ora
1994 2945 2006 2962 ,

1246 2970 1287 3000 ln
1303 2963 1416 3014 populi
1434 2964 1627 3014 quidquam
1639 2963 1672 3014 fi
1689 2976 1808 3002 tamen
1825 2978 1880 3002 ore
1900 2981 2014 3004 meum
2032 2968 2088 3016 est.

1143 3034 1312 3072 CIOFAN.
1338 3033 1496 3079 Ostendet
1515 3034 1636 3072 Vatic.
1654 3035 1692 3072 &
1712 3035 1770 3074 sex
1790 3036 1849 3073 alii
1869 3039 2051 3077 meliores.
2078 3039 2181 3077 Idem

1142 3096 1226 3122 cum
1249 3092 1327 3131 opt.
1352 3084 1462 3122 Palat.
1484 3086 1636 3134 aliisque
1651 3097 1834 3135 quatuor,
1867 3100 1978 3137 geret,
1995 3101 2060 3136 pro
2080 3092 2182 3138 gerit,

1141 3135 1306 3183 sequenti
1318 3135 1432 3173 versu.
1454 3135 1551 3181 duo,
1577 3147 1712 3185 gerunt.
1742 3150 1856 3183 unus,
1881 3150 2010 3188 gerent.
2037 3141 2184 3179 HEms.

1141 3191 1262 3225 Ferent
1285 3185 1453 3225 Leidens.
1477 3192 1572 3224 Feret
1596 3188 1740 3235 Junian.

1194 3268 1278 3309 uz.
1305 3257 1354 3298 Hi
1384 3271 1535 3309 quoque,
1562 3260 1652 3310 quod
1679 3273 1775 3300 nemo
1807 3262 1911 3312 nescit
1931 3289 1943 3308 ‚
1978 3274 2099 3300 amare
2126 3262 2185 3297 da-

1334 3308 1412 3347 Lll
1439 3323 1461 3347 2
2080 3314 2185 3367 caan]
