2495 3675
183 195 282 245 126

643 183 705 240 P.
778 180 1192 240 OVIDII
1265 177 1853 236 NASONIS-

479 297 718 356 Hostiles
742 300 946 371 linguas
985 298 1308 372 inimicaque
1334 294 1601 350 vinximus
1628 310 1752 357 ora,

549 373 696 428 Dicit
724 372 1029 436 discedenS,
1068 372 1322 445 ebriaque
1346 370 1456 424 exit
1486 386 1633 423 anus.

191 601 277 629 eam
298 594 480 638 oporteat.
509 595 606 625 certe
621 585 736 633 scripti
759 582 989 631 complures,
1015 582 1116 633 quod
1136 583 1174 621 δε
1195 582 1241 621 de

192 641 264 680 suis
284 640 477 678 Domitius
487 633 874 679 testatur,dexioculus.
902 633 1102 673 Vaticanus
1124 643 1242 673 veter-

196 693 310 732 rimus
324 719 334 736 ‚
355 689 545 739 defioculus.
574 689 701 736 utique
725 684 972 734 castigandum
988 713 998 732 ,

252 762 324 794 Nec
345 754 427 801 deest
447 753 527 790 hinc
545 751 647 789 oculis
667 759 710 789 (9·
739 747 819 786 inde
842 749 948 800 lippis.

195 816 316 854 versui
338 810 596 861 interpolando
617 810 738 848 ansam
771 812 935 859 praebuit
961 810 1174 848 hominibus
1193 812 1248 849 in·

200 867 316 909 scitis,
345 864 447 913 quod
478 863 694 911 ignorabant
724 861 808 908 deest
839 860 910 899 effe
940 862 1251 910 monosyllabum.

204 919 295 965 Agit
312 924 435 952 autem
456 912 634 950 Martialis
655 923 737 951 toto
762 913 835 950 hoc
854 913 1131 962 Epigrammate
1151 913 1196 951 de
1211 913 1251 951 iis

205 965 438 1006 basiatoribus
457 993 470 1010 ,
521 964 653 1012 quibus
690 965 812 1002 anima
852 965 1046 1013 praecipue
1077 965 1253 1003 faeteret:

206 1028 367 1068 quorum
387 1017 422 1054 in
442 1027 600 1053 numero
613 1016 701 1065 lippi
715 1015 812 1053 reete
828 1015 1080 1059 collocantur,
1108 1025 1256 1064 propter

208 1068 360 1117 collyria
372 1067 496 1105 odoris
509 1067 637 1113 ingrati
652 1094 662 1109 ,
677 1067 761 1116 quis
782 1067 911 1104 oculos
925 1067 1135 1116 frequenter
1150 1067 1258 1104 inun-

210 1119 358 1171 gebant.
380 1130 434 1156 res
457 1118 514 1155 vel
537 1129 580 1154 ex
602 1117 679 1155 solo
704 1117 930 1155 Horatio'sat
955 1127 1059 1155 nota.
1095 1127 1259 1155 ceterum

214 1170 325 1209 menti
345 1169 503 1207 dominas
521 1166 703 1217 pediculofi
726 1168 785 1206 hic
814 1168 939 1206 frustra
967 1170 1115 1206 iteratur
1135 1196 1146 1212 ‚
1175 1180 1260 1206 cuin

209 1222 289 1272 jam
311 1221 412 1268 supra
441 1220 487 1256 de
516 1218 666 1256 hircosis
695 1219 918 1257 colonorum
951 1218 1078 1255 osculis
1108 1227 1263 1267 utpote,

215 1273 281 1323 qui
301 1272 340 1309 &
358 1271 465 1308 barba
496 1271 533 1307 &
556 1270 618 1306 alis
640 1270 846 1314 foeterent,
875 1269 917 1307 sit
937 1269 1072 1306 actum.
1100 1280 1170 1306 nec
1192 1270 1265 1307 La-

216 1325 295 1361 tine
314 1322 446 1359 dixeris
468 1321 578 1358 menti
600 1329 661 1357 aut
684 1321 749 1357 oris
771 1319 899 1364 faetidi
925 1321 1105 1357 dominum
1121 1348 1131 1364 ,
1159 1329 1199 1357 ut
1223 1320 1266 1357 li-

218 1374 273 1412 bri
296 1373 492 1410 dominum
515 1379 576 1409 aut
598 1372 864 1420 cujuscumque
885 1370 1121 1420 possessionis.
1152 1371 1269 1408 lnco-

219 1425 304 1462 dice
327 1424 577 1461 Puteanorum
598 1423 747 1459 fratrum
772 1422 981 1470 pervetusto
1005 1431 1193 1459 exaratum
1215 1423 1270 1459 vi-

220 1476 343 1513 dimus
360 1502 370 1519 ,
389 1484 525 1511 mentae
543 1474 703 1510 dominus
717 1501 727 1518 ,
762 1474 890 1520 utique
914 1484 980 1520 pro
1003 1486 1148 1509 maenae
1167 1473 1275 1509 domi-

221 1525 513 1574 nuspediculosae.
531 1524 719 1574 pediculosa
739 1532 864 1561 autem
876 1537 1001 1560 maena
1015 1553 1023 1567 ‚
1043 1524 1144 1571 quod
1159 1522 1200 1560 ea
1215 1535 1278 1560 ve·

224 1577 408 1615 scerentur
423 1584 461 1613 ut
473 1575 672 1623 plurimum
687 1574 942 1612 mendicabula
963 1575 1160 1612 hominum
1175 1574 1277 1622 pedi-

225 1627 371 1671 culosa,
397 1634 436 1663 ut
456 1626 538 1675 jam
567 1625 740 1663 vidimus.
777 1624 921 1662 Similes
945 1625 1095 1662 deliciae
1119 1627 1155 1662 in
1177 1625 1276 1663 salsa-

229 1680 366 1718 mentis
387 1678 534 1719 lacerti,
562 1688 702 1724 apuae,
738 1676 918 1719 scombri,
945 1676 1168 1724 pelamides‚
1197 1676 1279 1713 filu-

234 1732 290 1773 ri,
318 1739 436 1777 gerres
452 1756 461 1771 ‚
485 1727 670 1764 cordillae.
698 1726 882 1773 juvenalis
894 1727 1039 1764 Samii.
1069 1728 1142 1775 pari
1164 1727 1280 1764 modo

230 1780 352 1817 lacerti
364 1778 547 1815 dominum
567 1779 672 1815 dixit.
690 1779 735 1814 lic
755 1778 852 1814 enim
870 1777 967 1814 malo
982 1789 1092 1827 quain
1115 1779 1282 1821 lacertae,

235 1829 436 1880 quomodo
466 1828 511 1866 ad
542 1828 755 1876 exemplum
779 1827 900 1866 Nostri
926 1829 1112 1866 Arnobius
1141 1829 1200 1867 lib.
1222 1841 1285 1865 111.

237 1882 461 1930 Neptunum
490 1892 697 1916 maenarum
734 1890 779 1918 ω’
803 1879 948 1927 piscium
978 1879 1159 1917 dominum
1192 1892 1288 1918 nun-

238 1941 362 1982 cupat.
388 1931 574 1978 Juvenalis
593 1930 717 1967 locum
740 1941 827 1967 ecce
847 1929 971 1979 Satyra
992 1942 1055 1968 ιη.

290 1984 349 2028 Est
369 1981 526 2028 aliquid,
554 1994 765 2032 quocumque
796 1979 862 2016 loco
878 2009 888 2025 ,
916 1994 1129 2033 quocumque
1149 1982 1289 2031 receffu,

293 2033 402 2070 Unius
412 2032 480 2080 sese
501 2032 682 2069 dominum
696 2031 807 2080 feciſje
827 2032 958 2069 lacerti.

244 2087 394 2124 lacertae
412 2094 601 2131 perperam
626 2094 725 2120 nunc
747 2084 1012 2120 circumfertur.
1031 2082 1134 2132 quod
1144 2082 1295 2121 damnat

244 2137 318 2185 ipse
340 2135 524 2182 Juvenalis
547 2135 618 2172 Sat.
636 2145 714 2171 xiv.
744 2145 867 2183 neque
896 2135 997 2172 enim
1027 2134 1175 2172 lacertae
1194 2135 1296 2173 habi·

246 2196 307 2226 tae
325 2188 418 2223 inter
439 2184 580 2222 edulia:

432 2260 489 2283 nec
511 2260 580 2283 non
606 2247 740 2296 differre
760 2247 799 2284 in
820 2257 971 2297 tempora
992 2262 1115 2286 caenae

303 2297 467 2337 Alterius
487 2297 641 2335 conchem
663 2298 832 2343 aestivam
860 2312 938 2335 cum
955 2310 1054 2348 parte
1074 2300 1195 2338 lacerti

306 2350 490 2398 Signatum
504 2376 514 2393 ‚
543 2349 600 2384 vel
621 2348 766 2385 dimidio
785 2351 948 2400 putrique
958 2349 1077 2399 filuro.

256 2413 439 2452 Meminit
469 2412 676 2450 eorundem
708 2413 912 2450 lacertorum
941 2414 1116 2452 Martialis
1134 2415 1226 2453 libro
1249 2424 1303 2453 Χῖ.

257 2465 331 2513 Ep.
353 2463 412 2500 28.
435 2474 492 2511 53.
521 2463 612 2501 libro
635 2476 705 2500 ΧΠ.
735 2476 789 2512 19.
829 2465 1010 2501 Frumenti
1042 2466 1222 2502 dominum
1248 2466 1303 2515 pi-

260 2516 415 2565 perisque
444 2514 566 2550 co'e‘mti
589 2541 600 2558 ‚
637 2523 677 2551 ut
707 2513 828 2551 lacerti
853 2514 1035 2551 dominum
1061 2516 1159 2553 idem
1183 2517 1306 2564 paullo

262 2575 349 2603 ante
366 2565 551 2611 ,luvenalis
572 2564 665 2601 dixit
685 2565 756 2601 Sat.
777 2577 856 2602 xrv.
885 2564 945 2602 ubi
969 2565 1013 2602 ad
1032 2567 1129 2614 epuli
1157 2567 1195 2604 ὅ(
1217 2578 1308 2605 con-

264 2616 358 2652 vivii
378 2615 551 2652 dominos
573 2614 620 2652 fic
642 2615 759 2653 di&os
779 2614 927 2652 allufiffe
948 2616 1054 2664 possit
1077 2616 1205 2655 videri.
1237 2618 1309 2655 Ce-

265 2674 387 2702 terum
401 2663 512 2713 putris
527 2663 657 2714 filarus
673 2675 823 2703 revocat
835 2666 925 2702 milii
946 2668 981 2702 in
1001 2676 1166 2704 mentem
1186 2667 1312 2705 denuo

266 2716 395 2752 locum
420 2716 592 2753 Martialis
608 2717 686 2764 jam
705 2715 806 2762 supra
828 2715 1049 2763 productum
1080 2715 1100 2753 ὲ
1121 2717 1214 2754 libro
1244 2729 1316 2754 xix.

272 2767 395 2814 Epigr.
418 2778 539 2803 xxxii.
566 2766 627 2804 ubi
647 2766 787 2803 inutiles
808 2778 948 2801 maenas
969 2766 1118 2814 projam
1141 2767 1317 2813 putribus,

272 2827 317 2853 ac
338 2816 491 2864 proinde
513 2817 631 2855 nullos
658 2819 694 2854 in
723 2817 821 2854 vistu
854 2815 932 2853 usus
949 2817 1203 2864 praeliantibus
1223 2819 1317 2855 acci-

275 2868 353 2915 pio.
381 2866 452 2902 Sed
471 2867 559 2914 quid
578 2867 640 2904 fibi
661 2867 749 2904 velit
771 2867 849 2902 odor
866 2867 1058 2915 impudicus
1073 2868 1217 2916 ignoro.
1241 2869 1320 2906 foe-

277 2924 419 2954 tentem
448 2917 566 2954 innuit
586 2917 684 2955 haud
704 2917 834 2955 dubie:
864 2917 922 2954 sed
943 2918 1022 2966 quis
1047 2918 1180 2956 Latine
1199 2917 1245 2956 fic
1266 2919 1322 2956 lo·

281 2965 412 3004 cutus?
441 2969 567 3014 Quare
586 2968 626 3005 fit
655 2978 692 3006 ut
713 2969 839 3006 locum
861 2969 1121 3016 interpolatum
1143 2967 1213 3006 effe
1243 2971 1324 3019 opi-

281 3029 347 3054 ner
363 3045 372 3059 ,
399 3025 507 3065 atque
528 3018 572 3053 ab
590 3019 665 3065 ipso
684 3019 850 3055 relietum
876 3020 1056 3063 Martiali,
1083 3019 1145 3058 etsi
1165 3021 1201 3057 in
1225 3021 1326 3059 codi-

285 3068 384 3106 cibus
410 3068 487 3115 ejas
514 3069 657 3104 venulis
686 3069 774 3104 nihil
799 3068 903 3106 nobis
935 3070 982 3106 est
1014 3070 1176 3118 praesidii
1197 3099 1206 3115 ‚
1245 3071 1328 3108 olidi

288 3118 445 3167 mephitis
458 3117 905 3167 urceisacebamr.mephitis
918 3119 974 3156 illa
988 3132 1062 3157 non
1073 3122 1254 3159 intellecta
1269 3132 1330 3161 aut

289 3168 466 3207 mendose
480 3167 651 3215 descripta
673 3170 757 3206 ioco
780 3170 1037 3217 interpolando
1057 3171 1155 3208 dedit
1169 3174 1331 3211 occasio—

291 3232 393 3257 nem.
406 3219 449 3256 ad
465 3219 644 3256 faetorem
659 3220 756 3256 hunc
772 3221 1057 3258 incommodum
1070 3222 1221 3270 respexit
1234 3224 1331 3262 idem

293 3270 471 3308 Martialis
498 3269 557 3306 lib.
579 3281 650 3307 vi1.
680 3282 756 3317 cap.
778 3273 837 3307 (10.
866 3270 1066 3318 Abstulerat
1092 3283 1203 3309 totam
1225 3286 1337 3311 caeta-

2204 439 2342 498 For-

1296 593 1378 620 nae.
1403 580 1557 629 Vulgari
1583 578 1664 618 libri
1687 608 1698 625 ‚
1734 578 1937 617 temerarius
1964 576 2113 624 institor,
2151 580 2347 620 =Ceterum

1298 644 1454 671 maenae
1473 632 1581 680 hujus
1606 631 1684 669 usus
1705 632 1881 680 plurimus
1902 631 1939 668 in
1967 629 2069 667 sacris
2088 630 2223 669 inferis.
2251 643 2348 682 quo-

1301 684 1420 722 modo
1444 683 1502 719 hic
1514 682 1610 730 apud
1628 682 1817 720 Nostrum.
1848 681 2050 720 Eustathius
2073 681 2109 717 in
2133 681 2350 721 Homerum

1302 733 1407 772 Iliad.
1436 733 1464 769 1.
1492 734 1576 769 206.
1605 730 1722 772 Ov'svou
1742 737 1850 784 μειωὶς
1875 738 1915 787 τῇ
1944 730 2099 785 ‘Euda-31,
2138 731 2212 785 2132
2239 736 2277 773 τὶ
2295 733 2352 772 ἕο·

1305 791 1365 827 κεῖν
1386 788 1505 836 purifi,
1527 785 1643 825 acirim
1660 785 1752 827 εἶναι.
1813 791 1912 826 Hlnc
1941 786 2099 838 planitiae
2118 792 2189 827 καὶ
2216 790 2355 842 ''gazzi'-

1306 843 1366 885 δοες
1385 839 1528 883 Ἐκοίτης
1555 843 1731 896 βςῶματοι
1772 853 1882 881 vocat
1906 843 2136 891 Antiphanes
2163 844 2201 883 ἐν
2223 841 2366 897 ’.Αγςοῖρ

1307 899 1403 948 apud
1434 899 1669 935 Athenaeum
1707 898 1768 936 lib.
1799 909 1870 935 vn.
1922 898 2024 936 Nihil
2058 899 2167 947 igitur
2193 901 2358 944 mirum,

1311 949 1336 987 fi
1365 948 1470 986 Deae
1509 949 1674 986 infernae
1695 977 1706 993 ,
1751 948 1864 997 qualis
1902 948 2037 987 Tacita
2075 951 2168 988 haec
2203 950 2324 988 nostra
2347 977 2360 995 ‚

1312 1001 1412 1039 idem
1435 1027 1445 1044 ,
1482 1001 1545 1049 qui
1575 1000 1612 1036 ὃ(
1642 1000 1808 1037 Hecatae
1831 1027 1842 1043 ,
1877 999 1980 1048 piscis
2008 1000 2228 1040 dedicetur:
2257 1002 2363 1039 dein-

1315 1051 1361 1089 de
1384 1051 1488 1088 Deae
1510 1051 1640 1088 Mutae
1655 1079 1665 1095 ,
1685 1059 1831 1088 mutum
1846 1051 1994 1088 animal.
2020 1051 2124 1100 Quid
2144 1053 2247 1103 quod
2259 1053 2368 1091 Mae-

1316 1115 1362 1140 na
1384 1102 1489 1139 Deae
1509 1102 1664 1139 Tacitae
1697 1101 1790 1139 sacra
1823 1103 1940 1150 potest
1969 1102 2115 1148 videri,
2151 1105 2201 1143 ob
2229 1114 2367 1153 cogna-

1317 1155 1460 1192 tionem
1474 1154 1637 1190 nominis
1649 1181 1659 1197 ‚
1672 1152 1850 1202 siquidem
1867 1152 2082 1192 Athenaeus
2101 1155 2160 1192 lib.
2173 1167 2245 1193 vn.
2258 1156 2371 1195 docet

1320 1204 1357 1241 id
1381 1205 1417 1241 in
1447 1203 1570 1241 multis
1595 1201 1816 1242 obtinuisse:
1855 1215 1896 1241 ac
1927 1214 2120 1253 propterea
2144 1208 2297 1253 τρίγλην
2315 1208 2370 1246 sa·

1322 1266 1419 1291 cram
1440 1251 1542 1290 fuiffe
1566 1254 1730 1292 Hecatae
1746 1282 1755 1299 ,
1783 1254 1887 1303 quod
1915 1255 1973 1292 illa
2009 1255 2185 1301 τριοδίτης
2213 1262 2274 1294 καὶ
2293 1258 2370 1304 τρέ-

1322 1309 1451 1355 γληνος
1475 1302 1515 1339 sit
1535 1303 1642 1341 dieta.
1666 1301 1936 1348 Ἀπολλόδωρος
1955 1304 1995 1341 δὲ
2016 1307 2052 1342 ἐν
2074 1310 2146 1350 ’τοῖς
2167 1309 2248 1353 περὶ
2270 1311 2372 1358 Θεῶν,

1326 1358 1369 1401 τῇ
1390 1355 1532 1398 'Euda-n
1557 1356 1645 1400 φησὶ
1667 1355 1797 1391 δύεσθαι
1821 1359 1976 1402 τρίγλην
2003 1357 2062 1394 sta
2083 1363 2144 1399 τῆν
2165 1363 2230 1396 τοῦ
2247 1361 2373 1407 ὀνόμα-

1327 1419 1387 1448 τος
1407 1405 1625 1444 οἰκειότητα.
1656 1408 1846 1450 τρίμορφος
1865 1410 1936 1451 γὰρ
1956 1408 1974 1449 ἦ
1995 1409 2073 1450 θεός·
2098 1410 2214 1448 Addit
2235 1413 2273 1449 &
2291 1425 2377 1451 cau-

1330 1457 1379 1494 sas
1401 1483 1412 1499 ‚
1440 1467 1503 1492 cur
1522 1456 1677 1493 citbarus
1696 1455 1798 1505 piscis
1821 1456 1983 1505 Apollini
1999 1472 2015 1502 ,·
2037 1459 2227 1500 Mercurio
2253 1463 2379 1511 boces‚

1331 1516 1528 1546 exocactus
1551 1506 1695 1545 Baccho
1721 1535 1731 1552 ,
1767 1508 1907 1545 Veneri
1943 1508 2119 1557 phalaris,
2148 1513 2267 1561 aphya
2299 1517 2380 1553 Ne·

1331 1568 1472 1608 ptuno,
1501 1566 1611 1606 atquc
1639 1559 1688 1595 ita
1718 1569 1830 1606 porro
1859 1558 1970 1607 pisces
2001 1560 2058 1597 alii
2086 1561 2162 1600 aliis
2180 1563 2236 1600 dis
2253 1565 2382 1604 conse·

1332 1620 1490 1648 crentur,
1516 1609 1576 1646 Est
1600 1617 1723 1646 autem
1755 1612 1930 1658 cognatio
1961 1612 2128 1650 nominis
2159 1614 2252 1651 inter
2280 1627 2383 1655 mae·

1334 1672 1421 1699 narn
1455 1660 1589 1709 piscem
1620 1660 1658 1697 δε
1682 1659 1804 1697 Deam
1828 1660 2001 1698 Tacitam
2019 1689 2028 1705 ,
2057 1663 2159 1711 quod
2190 1665 2246 1702 illa
2269 1667 2384 1706 etiam

1338 1710 1468 1749 Mania
1488 1710 1528 1748 sit
1548 1709 1655 1748 dieta.
1684 1711 1809 1748 Mania
1832 1720 1930 1748 certe
1951 1713 2147 1751 Macrobio
2169 1714 2205 1752 in
2218 1710 2391 1756 Saturna-

1338 1762 1441 1801 libus.
1459 1761 1518 1799 lib.
1539 1774 1564 1798 1.
1586 1773 1619 1806 7.
1647 1761 1709 1810 qui
1740 1761 1848 1799 fufius
1879 1762 1924 1799 de
1947 1773 1988 1799 ea
2016 1765 2110 1812 agit,
2143 1765 2181 1802 δε
2214 1767 2388 1807 Arnobio

1341 1821 1458 1851 mater
1480 1813 1618 1850 Larum
1643 1840 1653 1856 ,
1681 1813 2001 1861 quemadmodum
2035 1815 2170 1853 Nostro
2192 1818 2228 1855 ὅ(
2252 1818 2393 1858 Plutar-

1344 1865 1415 1902 cho
1437 1864 1473 1901 in
1496 1861 1646 1907 Numa,
1670 1863 1816 1901 Tacita.
1866 1863 2032 1902 Eandem
2066 1867 2199 1905 Laram
2223 1869 2260 1907 &
2281 1870 2391 1914 deam

1344 1916 1492 1953 Mutam
1524 1923 1635 1951 vocat
1666 1913 1876 1952 Laetantius
1899 1943 1910 1960 ,
1958 1918 2157 1965 quomodo
2186 1919 2224 1957 ὅ(
2257 1920 2393 1960 Noster

1344 1966 1455 2016 paulo
1478 1964 1556 2014 post
1575 1964 1779 2013 appellabit.
1806 1965 1881 2003 Alii
1904 1967 2129 2007 Larundarn.
2155 1969 2216 2008 sed
2242 1971 2396 2013 Maniae

1347 2028 1490 2055 nomen
1511 2016 1561 2054 illi
1581 2017 1771 2064 proprium
1793 2014 1895 2054 fuiffe
1916 2018 1953 2054 in
1974 2019 2194 2058 carminibus
2206 2021 2396 2063 Saliaribus

1351 2080 1395 2106 ex
1414 2067 1585 2105 Varrone
1614 2066 1675 2104 lib.
1699 2079 1791 2106 viu.
1818 2067 1863 2104 L.
1892 2069 1938 2105 L.
1965 2068 2146 2108 discimus.
2183 2073 2312 2111 Mania
2330 2074 2399 2123 igi-

1350 2128 1409 2157 tur
1426 2117 1748 2168 quemadmodum
1771 2127 1886 2156 mater
1909 2119 2047 2157 Larum
2061 2148 2071 2164 ‚
2101 2121 2150 2159 sic
2171 2128 2299 2160 Larem
2321 2137 2400 2161 ma-

1353 2183 1432 2207 nem
1455 2174 1570 2206 Deum
1599 2169 1820 2217 appellatum
1844 2169 1938 2207 testis
1968 2170 2017 2208 est
2036 2171 2216 2220 Apulejus
2244 2174 2290 2211 de
2310 2174 2398 2213 Deo

1354 2221 1523 2258 Socratis.
1552 2220 1716 2256 Genitam
1738 2232 1885 2256 manam
1914 2230 2083 2268 partuum
2114 2222 2314 2270 praesidem
2346 2225 2402 2264 fa·

1356 2272 1457 2309 ciunt
1479 2270 1688 2308 Plutarchus
1701 2270 1855 2318 Quaest.
1880 2271 2043 2309 Roman.
2064 2284 2187 2311 nvn.
2214 2275 2402 2315 &Plinius

1356 2321 1523 2360 Naturali
1546 2319 1704 2358 Historia
1724 2321 1818 2358 libro
1830 2333 1934 2359 xxix.
1961 2333 2038 2371 cap.
2058 2337 2091 2367 4.
2119 2326 2320 2373 quomodo
2340 2338 2404 2375 ge-

1356 2373 1461 2410 nium
1477 2371 1559 2420 ‚qui
1585 2371 1622 2408 ὃς
1637 2372 1970 2420 Lar,giguentium
1993 2373 2208 2421 praesidem.
2236 2379 2407 2416 Maniam

1360 2424 1398 2460 &
1422 2427 1577 2459 Manem
1606 2421 1789 2470 distinguit
1828 2422 2018 2461 manifeste
2041 2425 2252 2464 Marcianus
2273 2429 2407 2477 (apel-

1360 2473 1394 2511 la
1415 2472 1507 2510 libro
1530 2485 1585 2516 11,
1614 2473 1652 2509 δε
1683 2472 1727 2509 ab
1761 2473 1815 2510 his
1841 2472 1977 2511 duabus
1998 2477 2143 2513 tertiam
2165 2483 2409 2517 Manuanam.

1362 2523 1461 2561 idem
1484 2523 1677 2560 Summani
1707 2522 1871 2561 Plutonis
1899 2525 1937 2561 &
1967 2524 2227 2566 Summanium
2249 2529 2406 2567 deorum

1365 2574 1538 2611 meminit
1548 2572 1684 2610 eodem
1697 2573 1974 2612 locoMaenam
1989 2576 2097 2625 igitur
2108 2589 2191 2615 cum
2206 2579 2411 2618 Eustathius

1364 2624 1453 2662 loco
1482 2624 1584 2672 supra
1610 2625 1687 2671 jam
1718 2625 1826 2662 allato
1859 2624 2041 2663 deducere
2063 2627 2230 2666 videatur
2249 2629 2324 2666 ἀπὸ
2349 2632 2412 2666 τοῦ

1369 2675 1571 2720 μαίνεσθαι,
1599 2684 1641 2711 ac
1660 2673 1782 2713 Furias
1809 2676 1919 2713 etiam
1950 2676 2010 2713 seu
2040 2677 2263 2717 Eumenidas
2286 2682 2416 2725 μανίαις

1370 2723 1483 2761 dietas
1516 2722 1618 2760 fuisse
1648 2736 1693 2760 ex
1723 2725 1890 2764 Pausania
1922 2726 2060 2775 liqueat
2083 2754 2094 2771 ,
2141 2729 2233 2766 nihil
2257 2731 2416 2780 impedit

1372 2785 1515 2810 nomen
1528 2775 1677 2811 Maniae
1696 2776 1781 2813 inde
1802 2788 1954 2826 quoque
1978 2776 2145 2817 derivari.
2190 2780 2269 2818 Diis
2292 2783 2416 2821 inferis
2467 2777 2469 2779 ¹

1374 2825 1458 2861 vilia
1478 2835 1649 2874 quaeque
1676 2825 1777 2864 libari
1807 2827 1908 2863 solita
1933 2826 2011 2875 jam
2042 2827 2143 2877 supra
2162 2832 2322 2871 vidimus
2341 2834 2418 2871 hoc
2471 2847 2474 2852 ·

1373 2875 1467 2912 libro
1478 2874 1530 2917 Ji'sv
1549 2886 1631 2924 537.
1652 2875 1740 2913 hinc
1760 2889 1901 2912 caenam
1915 2878 2063 2923 feralem
2077 2893 2302 2928 gammarum
2327 2884 2420 2922 dixit
2460 2873 2468 2878 ,

1379 2924 1561 2969 luvenalis
1584 2925 1708 2975 Satyra
1729 2938 1763 2963 ν.
1777 2927 1820 2963 ad
1835 2926 2010 2966 vilitatem
2033 2934 2213 2978 gamm-ari
2228 2934 2422 2983 respiciens

1379 2975 1475 3013 haud
1504 2975 1657 3020 dubie,
1704 2977 1901 3025 quomodo
1941 2981 2102 3024 μαινίδας
2129 2986 2192 3019 καὶ
2228 2985 2424 3032 τριχλὶδας

1381 3026 1518 3068 ἑκάς-κς
1537 3025 1709 3072 βρώματα
1730 3028 1958 3076 Antiphanes
1991 3035 2156 3070 comicus
2185 3036 2307 3081 paullo
2340 3043 2426 3073 ante

1384 3075 1592 3126 productus.
1633 3078 1757 3116 Locus
1779 3079 1965 3126 Juvenalis
1977 3081 2030 3119 fic
2042 3083 2112 3120 sese
2124 3084 2253 3122 habet:
2274 3087 2338 3122 sed
2360 3085 2427 3124 tibi
2481 3111 2487 3136 b

1385 3126 1529 3177 dimidio
1552 3128 1744 3174 constrictus
1762 3144 1968 3178 gammarus
1986 3145 2048 3167 ovo
2070 3134 2216 3171 Ponitur
2232 3137 2355 3185 exigua
2372 3139 2428 3184 se-

1387 3177 1472 3216 ralis
1492 3191 1595 3214 caena
1610 3179 1751 3228 patella,
1780 3182 1876 3218 rec‘te
1887 3182 2016 3228 exigua
2038 3184 2164 3230 patella
2179 3213 2189 3230 ‚
2208 3188 2292 3235 quia
2316 3189 2431 3236 patel-

1387 3229 1444 3267 lae
1467 3228 1545 3265 usus
1576 3228 1749 3275 plurimus
1774 3232 1808 3267 in
1830 3231 2073 3271 libationibus.
2113 3244 2149 3272 ut
2180 3248 2269 3275 mox
2290 3238 2433 3278 videbi-

1393 3289 1473 3317 mus
1491 3277 1534 3327 ad
1554 3279 1606 3321 ys,
1629 3281 1711 3326 634.
1741 3281 1884 3318 Plautus
1906 3281 2088 3321 Pseudolo
2112 3285 2194 3324 Aet.
2217 3300 2279 3327 111.
2309 3289 2354 3327 Sc
2386 3302 2434 3330 11.

295 3322 367 3361 nius
388 3320 521 3370 institor
538 3319 669 3373 urbem.
711 3320 769 3360 Sic
781 3323 963 3372 eleganter
980 3324 1145 3372 optimae
1157 3326 1340 3376 membraf
1394 3331 1441 3371 de
1459 3341 1582 3382 coquo
1601 3331 1733 3372 nullius
1755 3333 1885 3381 pretii,
1898 3341 2025 3383 aptum
2039 3334 2109 3376 effe
2127 3336 2238 3386 dicit,
2265 3339 2327 3390 qui
2337 3352 2432 3378 mor-

2359 3391 2436 3441 guig
