2495 3675
703 97 1282 221 „pyovinii
1355 118 1887 187 Nasonis

550 241 738 303 Nune,
774 240 863 295 ubi
888 237 1095 312 perfusa
1123 234 1196 289 est
1218 227 1573 308 oleoulabeonte
1595 224 1872 296 juventus,

633 313 874 368 Defessos
900 325 1041 365 artus
1068 304 1293 375 Virgine
1319 313 1512 370 tinguit
1540 299 1690 378 aqua.

559 386 728 441 Scena
753 386 925 455 viget,
964 380 1250 448 studiisque
1277 371 1426 426 favor
1453 370 1760 425 distantibus
1793 367 1972 424 ardet:

639 459 854 529 Proque
881 454 1044 508 tribus
1069 450 1311 502 resonant
1339 457 1484 497 terna
1511 443 1747 497 Theatra
1775 441 1937 493 Foris.

420 554 487 601 25
565 530 616 585 O
645 546 860 601 quater,
900 527 951 577 δι
980 521 1190 595 quoties
1219 535 1326 573 non
1351 515 1424 569 est
1448 533 1753 578 numerare,
1792 513 2033 576 beatum,

641 605 764 657 Non
791 595 1074 653 interdici-a
1099 593 1186 647 cui
1212 592 1335 645 licet
1362 588 1508 642 Urbe
1535 588 1662 642 frui!

544 678 643 730 ‘At
667 672 793 728 mihi
821 669 1041 724 sentitur
1069 667 1163 720 nix
1188 679 1354 718 verno
1380 662 1487 714 sole
1513 661 1679 714 soluta
1697 699 1710 722 ,

639 747 902 818 Quaeque
927 742 1042 795 lacu
1072 739 1210 793 duro
1236 737 1325 789 vix
1349 733 1620 787 fodiantur
1646 750 1829 804 aquae.

569 819 684 874 Nec
710 832 853 871 mare
877 812 1172 867 concrescit
1199 808 1389 880 glacie:
1431 823 1558 868 nee,
1598 819 1656 859 ut
1683 818 1832 866 ante,
1868 821 1962 876 per
1986 803 2169 862 Istrum

645 889 874 945 Stridula
903 887 1238 940 Sauromates
1268 882 1485 951 plaustra
1511 878 1769 932 bubulcus
1798 880 1920 948 agit.

573 964 832 1032 Incipient
860 959 1065 1029 aliquae
1093 971 1267 1009 tamen
1295 953 1398 1006 liuc
1427 950 1619 1005 adnare
1644 951 1853 1004 carinae
1871 989 1886 1013 ,

651 1033 987 1105 Hospitaque
1010 1030 1062 1083 in
1092 1026 1249 1082 Ponti
1274 1026 1429 1078 litore
1457 1023 1641 1094 puppis
1667 1023 1800 1083 ei·it;

579 1108 801 1163 Sedulus
827 1119 1105 1158 occurram
1133 1112 1345 1153 nautae:
1386 1094 1633 1166 die'taque
1659 1094 1820 1148 salute
1839 1139 1850 1156 ‚

651 1179 803 1252 Quid
831 1176 1033 1239 veniat,
1069 1187 1351 1246 quaeram,
1388 1169 1599 1240 quisve,
1639 1167 1897 1240 quibusve
1924 1167 2070 1223 locis,

430 913 495 959 30

2333 1296 2424 1353 Se·
2492 1334 2495 1341 Δ

287 1452 381 1489 ricini:
408 1447 488 1488 libri
512 1462 522 1490 ;
561 1444 629 1482 otia
650 1442 739 1492 sunt
766 1439 834 1479 illic
865 1440 939 1480 duo
976 1438 1067 1478 libri.
1105 1449 1183 1476 non
1222 1433 1330 1473 male.
1381 1431 1522 1483 provisa
1549 1445 1598 1470 res
1611 1431 1711 1490 suit,
1741 1445 1798 1472 nec
1825 1433 1904 1481 ustos
1934 1444 2096 1483 equorum
2116 1432 2154 1472 in
2175 1433 2256 1472 urbe
2273 1443 2360 1473 erat,
2385 1434 2424 1473 gg
2494 1460 2495 1463 ,

286 1503 404 1550 jumffi
433 1513 471 1535 ue
513 1511 554 1534 ex
586 1496 702 1532 ordine
727 1493 803 1530 ludi
847 1493 983 1541 septem
1016 1488 1173 1527 codices.
1220 1487 1328 1524 edunt
1385 1487 1434 1522 ita
1460 1487 1539 1532 usus
1565 1493 1680 1521 aram
1709 1497 1764 1523 iv.
1786 1485 1874 1522 Fast.
1904 1485 1992 1535 693.
2022 1496 2108 1523 xiv.
2139 1485 2298 1524 Metam.
2323 1497 2359 1526 2.
2385 1486 2427 1524 &
2489 1507 2495 1523 .¹

290 1514 428 1599 verost
441 1549 583 1596 triginta
607 1548 693 1583 fere.
717 1542 863 1591 garrula
887 1541 994 1578 verba
1021 1541 1130 1578 etiam
1154 1546 1330 1588 quatuor·
1386 1535 1514 1575 similia
1533 1535 1629 1583 apud
1640 1535 1812 1574 Nostrum
1835 1536 1940 1584 saepe
1958 1544 2167 1574 occurrunt.
2194 1534 2327 1575 Bunm.
2493 1539 2495 1541 ’

290 1601 426 1639 decim.
453 1598 584 1646 verboso
608 1598 681 1640 foro
710 1596 845 1643 Regius
865 1594 902 1631 &
921 1590 1093 1630 Beruens.
1115 1591 1152 1628 &
1174 1588 1326 1626 Moreti.

291 1651 447 1700 umbrofir
458 1651 535 1697 foro
554 1657 637 1686 tres.
668 1646 763 1684 forte
783 1643 1012 1683 scribendum
1029 1669 1039 1686 ,

345 1713 429 1749 otia
442 1711 532 1760 sunt
549 1710 623 1748 illic
637 1726 646 1744 :
670 1706 849 1758 juno‘iique
868 1718 908 1742 ex
927 1704 1043 1741 ordine
1062 1701 1138 1740 ludi

398 1763 526 1798 Sedam
546 1759 676 1808 verbofi
689 1757 835 1806 garrula
854 1755 941 1793 bella
956 1755 1041 1801 fhri.

1439 1608 1501 1634 20.
1532 1595 1683 1632 Vertitur
1704 1595 1877 1645 trochus.]
1927 1594 2088 1633 Volvitur
2118 1596 2228 1645 prim.
2256 1595 2366 1634 Polit.
2388 1595 2430 1639 R

1387 1646 1446 1685 sex
1467 1655 1528 1685 aut
1546 1647 1684 1695 septem
1705 1647 1777 1685 alii.
1805 1647 1949 1685 Heius.

1440 1721 1500 1748 zi.
1526 1709 1713 1759 Lubente]
1745 1711 1868 1748 Heins.
1885 1710 2119 1759 conjecerat,
2145 1709 2307 1761 liquente.
2319 1709 2428 1750 Fran·
2489 1714 2495 1758 ἐ

1391 1762 1466 1799 cius
1485 1788 1496 1805 ,
1510 1759 1719 1809 splendente.
1740 1772 1811 1809 ego
1833 1762 1923 1799 nihil
1942 1770 2108 1799 mutem:
2491 1761 2495 1769 '

297 1823 348 1861 ita
373 1822 496 1869 sedare
515 1819 642 1856 bellum
680 1819 799 1855 Cicer.
821 1828 866 1854 xx.
895 1814 1042 1853 catilin.
1061 1825 1125 1863 per
1137 1814 1335 1869 junffl'oseex
1442 1836 1502 1863 22.
1531 1825 1668 1873 Tingere
1683 1824 1810 1874 gaude,
1831 1824 1967 1875 aqum]
2007 1824 2089 1862 Nos
2118 1835 2164 1861 ex
2176 1824 2248 1862 MS·
2272 1824 2310 1862 &
2329 1825 2431 1864 Nau,
2490 1796 2495 1875 Ξ

297 1872 414 1909 ordine
434 1871 531 1907 ludos
559 1881 634 1907 nori
667 1868 737 1906 sola
756 1865 972 1915 Megalesia,
1000 1865 1060 1902 sed
1089 1865 1127 1902 ὃ(
1150 1864 1336 1906 Cerealia,
1393 1876 1666 1924 gerioyirgine
1677 1875 1779 1923 tingit
1795 1887 1901 1932 atqua.
1929 1876 2007 1923 Qui
2020 1875 2171 1912 enimin
2184 1886 2318 1923 campo
2331 1886 2432 1914 exer·
2489 1880 2495 1920 ἦ

299 1924 339 1960 &
360 1922 533 1963 Floralia,
561 1921 623 1968 qui
641 1919 723 1973 ‘ludi
743 1919 860 1974 ,ΑΡΠῙῘ
884 1916 1040 1973 &Malo
1062 1914 1243 1970 messfibUS
1266 1915 1340 1950 fere
1396 1926 1568 1963 cebantur
1595 1937 1688 1974 aqua
1716 1926 1871 1973 Virgine
1896 1927 2086 1973 pulverem
2114 1925 2153 1962 δί
2181 1924 2351 1964 sudorem
2373 1925 2433 1964 ab·

298 1973 468 2011 continui
491 1979 614 2014 erant,
638 1969 814 2016 intelligo.
833 1978 918 2005 nain
945 1966 1003 2004 illa
1027 1978 1067 2002 ex
1089 1966 1205 2002 ordine
1224 1963 1342 2012 plures
1400 1975 1559 2014 luebant.
1587 1977 1681 2014 hanc
1703 1977 1858 2013 eandem
1881 1976 1927 2013 de
1956 1976 2076 2013 Ponto
2097 1988 2125 2013 1,
2144 1987 2256 2014 VIII,
2277 1975 2335 2024 38,
2363 1977 2436 2014 Vir,

301 2031 451 2062 notant.
469 2029 508 2059 ut
524 2021 584 2058 lib.
604 2034 630 2059 1.
658 2019 759 2067 Eleg·
779 2030 807 2056 1·
831 2029 912 2064 107·
1398 2027 1537 2075 gineum
1565 2026 1744 2076 liquorem.
1765 2027 1803 2064 &
1821 2027 1859 2064 in
1894 2025 1999 2064 Fastis
2021 2038 2048 2063 1.
2068 2027 2150 2073 464.
2176 2038 2311 2083 aquarn
2334 2027 2438 2076 Virgi-

354 2087 507 2138 Aspicies
522 2085 594 2123 illic
608 2083 727 2134 posttos
745 2096 787 2121 ex
808 2082 923 2120 ordine
934 2084 1092 2129 fratres,
1400 2090 1501 2133 neam
1524 2077 1690 2134 appellat.
1715 2077 1915 2133 Bnnsiiian.
1945 2076 2078 2125 Virgine
2095 2076 2199 2133 tingit
2217 2090 2311 2133 aqua
2332 2076 2380 2114 est
2399 2078 2437 2115 in

302 2170 352 2197 11.
369 2156 464 2193 Met.
484 2165 567 2202 109,
1397 2127 1490 2165 libro
1503 2127 1700 2165 Vaticano.
1728 2129 1898 2176 Optime.
1923 2128 2091 2165 Croni«.
2118 2132 2257 2174 nguu
2269 2127 2440 2166 Francof.
2490 2120 2495 2164 Ι

365 2219 558 2270 pastaeque
578 2230 619 2255 ex
638 2216 756 2254 ordine
773 2227 926 2264 gemmae
1398 2178 1526 2226 tingere
1548 2178 1679 2225 gaudet
1698 2191 1794 2227 aqua
1817 2178 1977 2226 plurimi.
2003 2176 2198 2226 defeſjosque
2216 2187 2319 2214 unus.

306 2286 398 2325 bella
417 2299 506 2325 vero
531 2298 608 2324 non
641 2284 872 2323 mutandum.
900 2293 985 2320 nam
1005 2280 1052 2319 fic
1072 2291 1126 2318 1v.
1144 2278 1233 2318 Fast.
1263 2279 1345 2319 188.

307 2348 352 2378 (9·
362 2339 444 2385 fhra
465 2348 577 2374 marte
590 2338 652 2386 suo
670 2335 814 2382 litigiosa
835 2344 962 2371 carent,
992 2333 1030 2370 ὃς
1051 2337 1206 2367 Martem
1228 2332 1347 2376 foren-

302 2390 376 2435 sem
397 2388 489 2425 dixit
507 2387 567 2425 lib.
588 2399 641 2423 xv.
662 2398 705 2423 ex
726 2386 833 2423 Pont.
854 2396 906 2422 vt.
925 2395 986 2431 29.
1021 2382 1058 2420 δί
1081 2393 1182 2419 arma
1195 2380 1270 2428 fhri
1287 2381 1349 2418 lib.

308 2449 362 2478 iv.
381 2437 489 2476 Trist.
509 2450 544 2475 x.
570 2437 626 2475 18.
654 2436 783 2474 Euam.

365 2516 423 2551 19.
452 2506 559 2551 Lusus
576 2516 657 2552 equo
679 2515 771 2539 nunc
787 2501 869 2552 ess]
901 2500 1007 2549 Equis
1028 2500 1086 2538 vel
1105 2500 1182 2550 equi
1203 2501 1240 2538 in
1255 2499 1352 2537 mul-

308 2556 353 2592 tis
371 2562 551 2592 veterum.
581 2552 702 2590 Scribe
716 2581 726 2596 ,
753 2553 836 2601 Usus
859 2551 935 2602 equi
956 2564 1047 2587 nunc
1064 2550 1106 2597 est
1127 2563 1210 2589 cum
1233 2550 1352 2588 Com-

311 2604 445 2649 biano,
475 2603 825 2652 Rottendorpliiano
844 2604 881 2640 ὅ(
912 2602 1054 2640 duobus
1074 2601 1159 2640 aliis.
1184 2601 1271 2640 Fast.
1294 2612 1351 2639 11.

313 2666 334 2691 2
370 2680 398 2691 f.

339 2666 497 2748 94Nullus
515 2710 629 2749 adhuc
647 2720 722 2750 erat
741 2711 819 2760 usus
836 2712 924 2761 equi.

315 2774 373 2814 lib.
396 2789 430 2813 v.
452 2790 534 2826 592.

353 2838 452 2886 Qid
470 2840 533 2876 tibi
559 2853 650 2877 nunc
673 2840 793 2888 solitae
811 2838 909 2876 mitti
923 2838 992 2888 post
1011 2848 1106 2886 terga
1119 2836 1296 2886 sagittae?

418 2889 516 2936 Qid
548 2889 618 2927 loca
632 2919 641 2935 ,
679 2891 763 2940 quid
785 2890 897 2938 rapidi
910 2889 1040 2939 profuit
1060 2889 1137 2937 usus
1153 2886 1254 2937 equi?

318 2949 413 2987 Met.
433 2962 497 2986 111.
519 2965 598 2999 554.

368 3013 484 3060 Qem
504 3027 561 3049 nec
581 3014 668 3050 bella
688 3015 824 3063 juvant
841 3041 851 3058 ,
879 3025 937 3049 nec
959 3011 1026 3050 tela
1039 3039 1050 3056 ,
1077 3023 1136 3048 nec
1161 3010 1240 3060 usus
1257 3024 1356 3061 equo-

494 3077 584 3101 rum·

316 3119 447 3171 Virgil.
463 3123 525 3162 lib.
551 3136 629 3162 111.
658 3125 796 3174 Georg.

367 3188 446 3224 Sive
465 3187 586 3234 boum,
615 3186 684 3227 five
700 3189 742 3234 est
760 3189 814 3225 cui
831 3187 962 3237 gratior
979 3188 1057 3236 usus
1075 3202 1251 3239 equorum.

306 3237 458 3280 Heme.
497 3239 551 3279 Ita
582 3240 621 3278 &
651 3238 780 3279 Livius
801 3251 905 3280 xxvi.
925 3239 984 3290 38.
1027 3241 1259 3290 Qamquam
1283 3240 1352 3290 im<

1451 2263 1509 2297 24.
1537 2257 1697 2308 Curnque
1716 2253 1828 2290 tribus
1845 2253 2003 2302 resonant
2022 2264 2122 2291 terna
2142 2254 2293 2292 Theatra
2315 2255 2436 2308 Foris]

1401 2307 1533 2352 Proque
1553 2303 1664 2339 tribus
1697 2303 1925 2341 scribendum
1957 2316 2042 2343 cum
2072 2304 2236 2354 plurimis
2260 2313 2439 2347 veterum.

1401 2352 1475 2390 lioc
1492 2352 1541 2389 est
1556 2380 1565 2396 ,
1593 2352 1696 2402 quod
1719 2362 1802 2392 ante
1820 2354 1960 2392 dixerat
1974 2383 1984 2398 ‚

1453 2436 1515 2444 —-
1541 2437 1604 2446 —
1622 2417 1757 2466 junl‘lis
1775 2430 1816 2453 ex
1834 2417 1951 2454 ordine
1971 2418 2064 2456 ludis
2077 2447 2089 2463 ‚

1456 2466 1580 2503 Cedere
1600 2467 1731 2517 verbosi
1750 2467 1896 2516 garrula
1917 2468 2005 2506 bella
2016 2470 2100 2517 fori.

1405 2534 1549 2574 Heius.
1578 2541 1704 2573 Curva
1724 2535 1863 2572 theatra
1885 2534 2032 2572 Lovan.

1456 2612 1515 2646 24.
1544 2606 1655 2638 Terna
1676 2601 1827 2638 Theatra
1847 2598 1980 2648 Foris.]
2011 2599 2208 2646 Quaeritur
2222 2627 2233 2645 ,
2259 2610 2353 2650 quae
2374 2600 2440 2639 fint

1410 2649 1468 2687 illa
1488 2652 1554 2688 tria
1579 2653 1679 2697 fora,
1707 2662 1802 2700 quae
1834 2650 2007 2687 Martialis
2030 2649 2223 2698 aliquoties
2253 2650 2376 2699 triplex
2383 2652 2442 2700 fh·
2494 2666 2495 2671 ¹

1411 2713 1491 2737 rum
1511 2702 1688 2749 appellat,
1717 2703 1806 2739 sicut
1827 2701 1865 2738 δε
1887 2701 1972 2737 Stat.
1995 2701 2031 2738 in
2055 2700 2154 2749 Sylv.
2173 2701 2222 2739 ita
2243 2712 2397 2740 canens:
2443 2737 2448 2740 .

1462 2768 1534 2798 Nec
1545 2761 1672 2808 saltem
1697 2771 1759 2797 tua
1777 2761 1870 2798 dieta
1889 2762 2117 2798 continentem
2130 2789 2142 2807 ,

1464 2814 1566 2860 Qae
1588 2813 1680 2849 trino
1693 2812 1836 2860 juvenis
1847 2813 1926 2859 foro
1946 2811 2102 2848 tonabas.

1411 2877 1566 2914 Monuit
1586 2884 1708 2914 autem
1728 2875 1865 2914 Fabric.
1888 2877 2041 2914 Latinos
2062 2876 2249 2923 scriptores
2263 2904 2273 2920 ‚
2300 2887 2382 2914 cum
2401 2872 2447 2912 de

1411 2927 1522 2964 tribus
1540 2928 1627 2964 foris
1648 2927 1879 2964 mentionem
1910 2927 2049 2964 faciunt
2070 2954 2081 2971 ,
2111 2928 2324 2965 Romanum
2346 2924 2449 2964 intel-

1408 2977 1519 3025 ligere
1534 3005 1544 3020 ,
1573 2977 1729 3014 Caesaris
1744 3004 1753 3020 ‚
1782 2978 1819 3014 &
1835 2977 1998 3026 Augusti.
2018 2977 2145 3014 Tema
2169 2986 2293 3015 autem
2313 2978 2450 3014 theatra

1409 3028 1489 3064 sunt
1509 3027 1703 3076 Pompeji.
1733 3028 1924 3072 Marcelli,
1955 3027 2108 3064 Statilii:
2137 3038 2295 3076 quorum
2320 3026 2444 3065 itidem

1412 3078 1584 3115 meminit
1601 3079 1637 3114 in
1661 3077 1785 3114 Ill.de
1799 3078 1889 3114 Arte
1905 3104 1915 3120 ‚
1937 3077 2125 3125 inquiens:
2157 3076 2254 3126 Vistte
2273 3075 2448 3127 conspicuis

1407 3137 1508 3165 terna
1532 3127 1682 3164 Theatra
1700 3127 1790 3165 locis.
1815 3127 2021 3166 Beuum.

1458 3200 1519 3245 κς..
1545 3190 1766 3246 Ουᾳκατενῖ]
1800 3195 1830 3225 O
1853 3199 2027 3239 quantum
2049 3189 2195 3236 Junian.
2218 3189 2388 3229 Leidens.
2405 3189 2444 3228 &

1408 3240 1516 3280 multi
1535 3240 1606 3280 alii.
1625 3241 1663 3280 &
1681 3240 1860 3280 editiones
1881 3240 2076 3290 quaedam.
2103 3254 2121 3278 o
2143 3251 2265 3294 quater
2284 3249 2446 3340 ogygus:
