2495 3675
427 134 1064 198 TRISTIUM

1137 140 1190 197 L
1227 162 1250 198 1
1285 163 1331 198 B.
1407 141 1501 200 IV.
1576 143 1748 202 ELEG.
1787 145 1862 202 X.

2084 145 2190 214 ⁶45

317 232 484 305 Saepe
508 244 658 306 pater
685 234 822 289 dixit
839 273 854 298 ,
891 234 1140 290 Studium
1170 235 1301 308 quid
1326 236 1512 291 inutile
1539 236 1742 292 tentas?

387 305 706 360 Maeonides
736 308 897 361 nullas
922 307 1028 379 ipse
1055 308 1268 378 reliquit
1296 325 1441 379 opes.

315 377 506 432 Motus
531 396 674 433 eram
702 378 878 433 dictis:
919 393 1146 451 totoque
1174 379 1442 434 Helicone
1469 379 1682 444 reliffi'cO,

381 449 624 505 Scribere
655 450 882 504 conabar
906 450 1065 504 verba
1091 452 1255 505 soluta
1282 453 1470 508 modis,

169 539 236 590 25
309 522 515 594 Sponte
539 525 624 576 sua
652 539 901 576 numeros
928 540 1141 576 carmen
1168 525 1410 579 veniebat
1435 525 1498 578 ad
1527 537 1705 598 aptos:

387 593 494 657 Et,
532 594 680 667 quod
706 593 970 647 tentabam
998 594 1210 658 dicere,
1247 599 1421 651 versus
1450 614 1577 654 erat.

309 667 546 729 Interea,
583 666 744 719 tacito
771 664 912 736 passu
936 665 1228 720 labentibus
1253 671 1426 731 anniS,

387 738 636 793 Liberior
663 737 811 791 fratri
835 737 1026 800 sumta,
1066 738 1332 811 mihique,
1371 755 1495 811 toga
1521 742 1619 795 est:

312 811 660 879 Induiturque
689 809 921 863 humeris
949 826 1072 864 cum
1099 812 1204 864 lato
1231 828 1461 883 purpura
1485 816 1665 877 clavo;

173 904 240 951 30

387 882 463 941 Et,
486 881 715 936 studium
741 880 919 943 nobiS,
956 881 1105 951 quod
1131 881 1230 936 fuit
1256 899 1377 938 ante
1395 924 1410 948 ,
1446 900 1642 940 manet.

308 955 534 1027 Jamque
557 953 748 1006 decem
770 953 906 1006 vitae
932 951 1093 1007 frater
1117 957 1472 1024 geminaverat
1501 975 1693 1022 annOS,

390 1025 534 1081 Cum
558 1025 729 1098 perit3
773 1025 824 1079 δε
851 1026 1006 1098 coepi
1034 1040 1184 1098 parte
1207 1045 1385 1083 carere
1413 1031 1535 1085 mei.

82 1252 141 1294 ¹3·
169 1237 412 1289 armigerae]
450 1236 668 1287 pingebatur
689 1236 791 1275 enim
813 1237 985 1276 Minerva
1007 1249 1068 1277 ca·

31 1297 107 1348 pite
127 1295 267 1345 galeam
289 1301 417 1339 gerens
439 1318 450 1334 ‚
486 1300 598 1327 manu
620 1290 767 1326 dextera
799 1289 970 1339 clypeum
986 1316 997 1333 ,
1024 1289 1069 1326 si·

33 1347 138 1386 nistra
158 1356 246 1383 vero
268 1343 447 1379 lanceam.
475 1341 602 1388 Atque
627 1341 676 1377 ita
696 1337 716 1375 ὲ
735 1339 837 1385 Jovis
858 1340 975 1388 capite
1006 1351 1068 1377 na-

30 1404 107 1436 tam
121 1396 248 1434 fabulis
267 1392 441 1430 traditum
459 1391 517 1427 est.
548 1389 662 1427 Ovid.
681 1389 816 1427 libau.
843 1391 930 1428 Fast.
957 1390 1070 1428 Cior·

33 1447 234 1494 armiferae
252 1443 343 1480 aliae
364 1441 450 1478 edit.
479 1441 515 1478 &
535 1439 665 1487 scripti.
689 1448 728 1477 ut
747 1439 850 1489 saepe
872 1440 966 1478 alibi.

89 1511 144 1544 14.
171 1499 255 1544 Qu
269 1491 349 1540 fieri
366 1490 525 1540 pugna.]
554 1492 654 1539 Quo
676 1498 827 1530 veteres.
855 1491 1000 1528 Heius.
1033 1493 1073 1527 A

31 1556 148 1600 pugna
174 1549 324 1585 l'utean.

93 1598 151 1637 16.
180 1595 240 1633 Ab
259 1591 374 1642 arte.]
427 1591 511 1630 Post
540 1598 730 1640 praecepta
759 1592 842 1630 artis
861 1593 1074 1641 grammati·

37 1661 115 1688 cae.
153 1647 242 1685 Sunt
260 1646 320 1694 qui
340 1643 483 1692 legant,
497 1642 549 1679 ab
569 1655 644 1678 arce
658 1654 666 1678 ε
679 1642 752 1679 hoc
772 1642 852 1680 esta
871 1645 980 1690 patria
994 1642 1072 1680 Sul·

37 1710 168 1737 mone.
195 1697 360 1734 Μειωι.
387 1691 531 1741 Infignes
549 1691 592 1728 ab
619 1702 718 1735 arte,
747 1694 888 1741 accipio
910 1694 1072 1741 eos,qui

37 1749 170 1787 artibus
191 1748 468 1797 quibuscunque
489 1742 664 1780 docendis
683 1741 836 1790 insignes
856 1754 897 1780 ac
916 1743 1074 1780 celebres

37 1808 119 1838 turn
141 1799 265 1841 fuere,
292 1806 368 1833 non
397 1801 538 1831 tantum
568 1793 630 1842 qui·
651 1793 728 1840 post
746 1795 984 1841 grammatica
1011 1793 1074 1830 ad-

37 1849 265 1888 hibebantur.
294 1854 332 1884 ut
355 1844 394 1882 fit
417 1843 554 1881 dietum
578 1871 588 1887 ,
624 1841 766 1891 Infignis
796 1844 839 1880 ab
870 1854 964 1888 arte,
995 1855 1074 1891 per·

38 1899 126 1938 inde
151 1908 189 1937 ut
210 1926 220 1942 ,
241 1906 357 1947 potens
390 1894 414 1931 a*
441 1893 583 1941 pecunia
604 1920 614 1938 ,
644 1892 773 1940 firmus
802 1893 846 1930 ab
876 1894 1075 1942 aequitate,

33 1950 126 1998 felix
139 1949 163 1985 ὰ
175 1949 279 1985 laude
291 1975 300 1992 ‚
314 1946 406 1995 apud
419 1945 640 1983 Ciceronem
657 1972 666 1989 ,
682 1945 716 1981 &
731 1942 870 1982 similia.
900 1948 1077 1982 Micirti..

41 2000 105 2039 Ab
126 2010 200 2036 arte
228 2000 305 2037 libri
329 2006 489 2039 veteres,
516 1997 639 2044 itaque
669 1994 882 2043 legendum.
910 1995 1078 2033 CXOFAN·

41 2055 173 2088 Artem
197 2061 259 2097 per
286 2047 540 2085 excellentiam
572 2045 643 2082 dici
673 2044 718 2082 de
738 2045 987 2082 Grammatica
1011 2045 1077 2081 do-

41 2102 117 2138 cuit
146 2099 269 2147 Ampl.
299 2099 422 2145 Cuper
467 2109 496 2135 1.
535 2095 687 2133 Observ.
722 2107 767 2132 11.
804 2095 863 2133 sed
894 2095 1079 2143 sequentia

41 2149 236 2188 ostendunt
254 2149 358 2186 latius
376 2147 439 2185 hic
460 2146 678 2194 capiendum
696 2172 704 2188 ,
732 2153 772 2183 ut
794 2145 962 2194 Micyllus
983 2146 1082 2182 fecit.

42 2201 81 2238 &
93 2199 140 2237 est
154 2199 315 2246 enallage
331 2198 509 2244 temporis
528 2208 592 2243 pro
611 2194 747 2230 artibus
761 2196 910 2243 ,quibus
930 2195 1079 2244 ingenui

43 2249 259 2288 &liberales
279 2249 436 2297 juvenes
463 2246 580 2284 imbui
607 2245 736 2283 solent.
783 2247 915 2283 Horat.
942 2257 982 2294 1.⁴
1010 2245 1081 2283 Sat.

45 2311 317 2400 wiS‘e-iiozvuerum
339 2347 382 2396 est
403 2348 506 2396 ausus
529 2351 672 2383 Romam
687 2355 822 2393 portare
842 2346 1029 2383 docendum

92 2407 222 2444 Artes,
251 2412 336 2447 quas
362 2399 478 2434 doceat
500 2397 617 2447 quivis
638 2410 758 2447 eques,
786 2410 894 2445 atque
911 2401 1049 2446 senator

93 2457 203 2489 Semet
219 2458 398 2499 prognatos
411 2476 421 2492 ‚
448 2460 520 2487 eye.

38 2512 83 2554 ⁷&
105 2527 159 2552 ιν.
182 2514 256 2551 Od.
278 2523 309 2551 1.
336 2518 488 2549 Centum
506 2520 588 2555 puer
608 2511 756 2548 artium.
782 2510 912 2549 Buizm.

99 2575 161 2611 17.
189 2562 349 2613 Frater.]
405 2563 540 2599 Lucius
564 2561 720 2599 Ovidius
746 2561 842 2599 Naso
869 2590 876 2605 ,
904 2573 980 2610 quo
1002 2574 1085 2600 rno-

24 2614 94 2654 ‘do
115 2617 154 2653 &
177 2623 277 2662 pater
306 2613 514 2651 vocabatur.
542 2612 711 2649 Ciorim.
747 2612 859 2649 Unde
879 2613 969 2650 haec
993 2614 1082 2648 (lio—

42 2667 148 2705 fanus
171 2665 278 2702 habet
297 2664 419 2702 nescio
442 2692 451 2707 ,
482 2664 577 2700 forte
608 2663 642 2699 in
664 2662 783 2709 glossis
802 2663 933 2709 reperit
957 2678 965 2704 ;
995 2674 1079 2699 nain

46 2717 86 2755 ὃ(
107 2718 143 2754 in
174 2714 345 2753 Leidensi
365 2714 493 2751 codice
525 2711 751 2760 adscripscrat
773 2711 986 2758 Gloffnor,
1016 2715 1086 2751 fra-

46 2774 139 2806 trem
163 2765 291 2804 Ovidii
313 2765 456 2801 Lucium
477 2762 805 2800 vocatumssunm.
998 2801 1009 2809 N

103 2827 162 2865 17.
191 2816 301 2854 Viridi
319 2815 364 2853 ab
383 2814 500 2865 aevo]
531 2813 591 2851 Ab
603 2812 844 2852 adolescentia
860 2841 870 2859 ,
898 2814 985 2851 vela
1000 2825 1089 2864 pue-

47 2867 138 2907 ritia.
164 2867 335 2905 CIOFAN.

105 2917 162 2957 18.
189 2914 438 2965 Verbofifori.]
470 2914 527 2953 Sic
544 2913 605 2952 lib.
627 2926 689 2951 rii.
718 2914 818 2963 Eleg.
838 2927 910 2954 xit.

99 2969 241 3007 Cedunt
259 2965 390 3014 verbosi
407 2965 552 3015 garrula
574 2964 676 3001 turba
687 2966 772 3010 fori.

51 3017 224 3059 ConAN.
250 3015 384 3066 Famofi
403 3027 506 3054 unus.
521 3014 664 3063 formosi
682 3016 782 3053 alius.

106 3081 166 3118 19.
195 3067 354 3111 coelestia
378 3066 522 3116 sacrm]
551 3067 636 3109 An,
662 3065 840 3114 Permeffia
863 3066 987 3114 sacra?
1020 3066 1091 3106 tale

50 3120 138 3171 quid
158 3120 255 3159 latet.
283 3120 430 3156 Heius.

101 3182 160 3208 21.
187 3169 349 3207 studium
369 3167 540 3219 imarum]
579 3167 694 3215 Quod
719 3167 856 3206 nullam
879 3167 996 3206 adfert
1020 3169 1092 3204 uti-

45 3219 186 3312 }itatem
208 3233 221 3264 ;
258 3219 370 3258 nullas
389 3221 480 3269 parit
499 3219 655 3259 divitias.
681 3218 741 3261 lib.
765 3231 791 3259 1.
823 3219 869 3259 de
895 3219 1017 3258 Ponto
1043 3218 1093 3257 E-

61 3281 81 3308 e
110 3298 119 3309 .
137 3281 196 3311 vx.

81 3281 106 3321 g
239 3324 334 3359 Tam.
363 3324 426 3359 111.

2016 1104 2160 1161 Coe-

1126 1289 1158 1327 C
1175 1238 1229 1276 Sic
1249 1253 1300 1290 ego
1321 1238 1509 1289 constanter
1530 1238 1680 1287 studium
1701 1254 1769 1279 non
1788 1241 1871 1281 utile
1885 1241 1995 1291 ftrvo.

1163 1302 1296 1328 ior-AN.

1175 1350 1237 1379 21.
1268 1341 1392 1379 Inutile
1416 1340 1571 1391 tentas]
1611 1343 1704 1380 Mox
1731 1343 1767 1380 in
1791 1341 2004 1392 quibusdam
2026 1341 2166 1381 codicii

1124 1390 1190 1428 bus
1204 1419 1213 1434 ‚
1229 1392 1379 1438 -scribere
1397 1393 1576 1429 tentabam
1591 1421 1600 1436 ‚
1621 1394 1658 1430 δέ
1688 1393 1819 1431 deinde
1834 1421 1843 1437 ,
1880 1405 1922 1432 (φ’
1940 1393 2030 1442 quod
2049 1403 2165 1429 tenta-

1128 1441 1208 1478 bam
1240 1443 1409 1492 sequitur.
1439 1443 1606 1480 Francof.
1637 1443 1802 1480 Bernens.
1831 1446 1867 1481 ὃ(
1898 1453 2054 1492 quatuor
2083 1444 2164 1486 alii,

1126 1491 1278 1537 studium
1309 1494 1394 1540 quid
1414 1492 1537 1530 inutile
1556 1494 1673 1541 carpis.
1712 1494 1806 1531 forte
1835 1505 1901 1542 pro
1934 1505 2060 1541 captas.
2090 1494 2166 1531 vid.

1128 1543 1173 1581 ad
1197 1555 1225 1580 1.
1243 1543 1323 1580 Art.
1345 1545 1433 1580 Am.
1455 1553 1542 1591 273.
1563 1556 1641 1580 xxv.
1665 1544 1756 1581 Met.
1780 1553 1838 1592 37.
1866 1544 1994 1580 buum.

1177 1602 1238 1630 22.
1268 1593 1464 1630 Maeonides
1495 1593 1609 1630 nullas
1637 1594 1700 1643 ipse
1721 1594 1861 1644 reliquit
1881 1593 1989 1643 opes.]
2045 1594 2166 1641 Argu-

1128 1652 1296 1681 mentum
1320 1642 1339 1681 ὲ
1373 1645 1515 1693 majori.
1558 1645 1786 1682 Suntautern
1818 1647 1923 1693 patris
1947 1644 2077 1690 verba,
2103 1650 2166 1682 aut

1129 1701 1226 1731 certe
1244 1694 1429 1731 sententia.
1459 1694 1678 1731 (laudianus
1704 1695 1824 1743 Epigr.
1843 1706 1947 1731 xxrv.

1181 1743 1245 1780 Sed
1265 1757 1332 1779 non
1355 1744 1512 1792 Virgilius
1527 1771 1536 1787 ‚
1558 1746 1617 1790 sed
1637 1757 1703 1780 non
1723 1746 1857 1792 accusat
1877 1751 2063 1786 Homerus,

1233 1799 1363 1830 Neuter
1381 1795 1472 1830 enim
1491 1795 1642 1842 quaestor
1667 1821 1676 1837 ,
1700 1803 1824 1843 pauper
1851 1804 1990 1843 uterque
2001 1795 2090 1840 fuit.

1132 1843 1301 1931 Ocelim.
1353 1848 1437 1881 Inde
1468 1844 1606 1894 reliquit
1629 1856 1729 1882 unus.
1758 1844 1959 1893 eleganter:
1983 1856 2028 1883 ex
2050 1842 2167 1882 studio

1130 1903 1221 1932 inuti
1239 1906 1261 1932 i.

1183 1944 1245 1983 26.
1273 1949 1317 1981 Et
1341 1945 1430 1995 quod
1446 1945 1626 1983 tentabam
1651 1944 1834 1995 scribere.]
1889 1944 2038 1982 Refflus
2061 1943 2173 1993 pluri-

1133 1996 1185 2032 mi
1217 2007 1260 2032 ex
1289 1997 1446 2046 antiquis
1468 2025 1480 2041 ,
1528 1998 1644 2035 dicere.
1690 2008 1775 2034 nam
1801 1994 1947 2045 scribere
1974 1994 2173 2044 praeceffit.

1136 2046 1278 2083 HEiNs.
1308 2048 1412 2094 Qtod
1431 2048 1577 2084 conabar
1598 2046 1704 2084 Berii.

1185 2099 1244 2134 28.
1272 2097 1422 2132 Ltberior
1440 2099 1547 2138 fratri
1559 2100 1702 2145 sumpta
1723 2095 1875 2146 mihique
1895 2105 1970 2143 toga
1990 2093 2072 2143 esp]
2104 2095 2172 2133 Vi-

1135 2145 1238 2183 rilem
1271 2155 1397 2194 togain
1428 2146 1636 2195 fignificat,
1681 2155 1719 2183 ut
1749 2147 1846 2184 reete
1871 2146 1976 2183 sentit
2006 2145 2174 2190 Merula,

1136 2208 1246 2245 quam
1268 2197 1407 2234 nobiles
1437 2197 1682 2234 adolescentes
1709 2197 1744 2233 in
1774 2196 1897 2234 Liberi
1927 2196 2031 2244 patris
2061 2196 2173 2240 fello,

1136 2258 1230 2295 quae
1249 2246 1386 2284 idcirco
1411 2247 1588 2285 Liberalia
1618 2246 1864 2290 vocabantur,
1890 2246 2087 2282 sumebant.
2126 2247 2173 2281 E-

1135 2306 1215 2334 rant
1234 2306 1355 2334 autem
1380 2298 1559 2335 Liberalia
1580 2310 1657 2334 xvi.
1687 2298 1764 2334 Kal.
1786 2296 1899 2344 April.
1917 2296 2030 2344 Cujus
2052 2297 2174 2346 nomi·

1136 2349 1190 2384 nis
1212 2349 1322 2385 varias
1341 2350 1587 2396 etymologias
1607 2348 1715 2384 refert
1734 2351 1845 2395 poeta
1863 2346 1953 2385 libro
1974 2346 2082 2383 tertio
2106 2345 2174 2383 Fa·

1138 2397 1271 2436 storum
1291 2426 1300 2442 ,
1325 2399 1379 2441 ΣΤ.
1399 2409 1484 2445 771-
1511 2400 1571 2437 ubi
1594 2400 1640 2436 ita
1663 2398 1728 2435 est:

1190 2462 1325 2510 Restat,
1353 2473 1391 2499 ut
1410 2463 1593 2499 inveniam
1607 2488 1617 2504 ,
1645 2474 1750 2505 quare
1771 2471 1846 2507 toga
1863 2457 1969 2494 libera
1988 2457 2090 2493 detur

1244 2519 1330 2549 Luce
1343 2514 1429 2560 feris
1444 2512 1558 2562 pueris
1577 2511 1720 2548 candide
1742 2509 1867 2546 Bacche
1885 2519 1960 2544 tua.
1987 2508 2060 2545 &cu

1142 2563 1312 2600 Ciorm.

1192 2627 1251 2661 29.
1284 2612 1508 2663 17:1iiaitu,rqree
1530 2611 1686 2649 humeros
1766 2609 1863 2646 Libri
1888 2608 2029 2658 scripti,
2056 2608 2177 2646 hume-

1141 2665 1197 2700 ris.
1225 2665 1392 2702 Crotm.
1420 2664 1527 2700 Pfim.
1550 2663 1670 2700 Varie.
1688 2661 1830 2707 Junian.
1855 2660 1890 2697 &
1913 2660 1988 2698 duo
2011 2659 2068 2696 alii
2088 2671 2170 2696 cuni

1141 2715 1257 2762 priscis
1278 2713 1521 2756 editionibus,
1551 2713 1715 2748 humeros.
1749 2711 1852 2759 quod
1887 2711 1975 2747 milii
2008 2710 2176 2757 religieux

1144 2766 1211 2802 fuit
1233 2777 1309 2802 non
1330 2776 1494 2802 monere.
1520 2762 1567 2800 sic
1592 2764 1630 2800 ἃς
1659 2763 1754 2799 Met.
1774 2773 1825 2798 ix.
1850 2761 1929 2808 153.
1958 2763 1994 2798 iri
2017 2762 2178 2798 nonnula

1141 2816 1182 2852 lis
1204 2815 1360 2862 scriptis,

1200 2866 1425 2914 induiturque
1446 2863 1601 2900 humeros
1618 2868 1788 2900 Lernaeae
1805 2862 1904 2898 virus
1925 2861 2110 2898 Echidnae.

1143 2928 1213 2953 nec
1235 2916 1391 2953 dissimili
1417 2915 1556 2963 prorsus
1583 2914 1700 2951 modo
1730 2913 1872 2950 Graeci.
1909 2911 1956 2949 sic
1976 2913 2181 2961 Euangelio-

1147 2966 1324 3004 Matthaei
1337 2977 1411 3013 Cap.
1425 2977 1548 3002 xxviI.
1585 2966 1655 2999 Καὶ
1673 2964 1733 3000 ὅτε
1751 2962 1942 3008 ἐνέπαιξαν
1965 2962 2081 3008 αὐτῷ,
2104 2962 2186 3010 ἐξέ-

1144 3017 1252 3052 δυσαν
1280 3016 1387 3050 aiii-*ev
1413 3019 1478 3056 ’τῆυ
1497 3015 1686 3061 χλαμύδκ.
1723 3015 1783 3049 καὶ
1814 3012 1975 3049 ἐνέδυσαν
1995 3012 2105 3050 αξτὸν
2134 3017 2185 3051 τὰ.

1147 3068 1280 3112 ἱμάτια
1302 3065 1423 3102 αὐτοῦ.
1460 3070 1504 3102 Et
1524 3066 1699 3114 postquam
1732 3065 1914 3111 illuserunt
1936 3063 1986 3105 ei,
2016 3076 2185 3102 exuerunt

1148 3130 1226 3154 eum
1248 3115 1464 3165 chlamydem
1478 3143 1489 3159 ,
1514 3127 1557 3156 ey
1575 3117 1765 3153 induerunt
1778 3127 1854 3152 eum
1874 3114 2081 3152 vestimentis
2104 3118 2186 3162 ejus.

1147 3170 1195 3206 ita
1224 3175 1327 3204 vetus
1349 3167 1536 3215 interpres.
1565 3167 1705 3203 Heius.

1200 3229 1260 3266 29.
1292 3223 1384 3254 cum
1409 3216 1479 3253 lato
1503 3228 1653 3267 purpura
1686 3215 1823 3266 clavo.]
1878 3216 2054 3263 Magnam
2081 3214 2184 3251 habet

1152 3269 1214 3310 hic
1247 3268 1350 3308 locus
1381 3267 1633 3309 difficultatem
1656 3297 1666 3312 ,
1710 3279 1820 3318 quain
1858 3278 1918 3305 me
1956 3267 2083 3303 tollere
2110 3275 2185 3320 non

1335 3320 1369 3358 Ν
1381 3330 1402 3357 ii
1416 3331 1435 3357 ii
1449 3331 1471 3357 ιι
2099 3324 2191 3354 Ρικέί
