<?xml version="1.0" encoding="UTF-8"?>
<!DOCTYPE html PUBLIC "-//W3C//DTD XHTML 1.0 Transitional//EN"
    "http://www.w3.org/TR/xhtml1/DTD/xhtml1-transitional.dtd">
<html xmlns="http://www.w3.org/1999/xhtml" xml:lang="en" lang="en">
 <head>
  <title>
</title>
<meta http-equiv="Content-Type" content="text/html;charset=utf-8" />
  <meta name='ocr-system' content='tesseract 3.04.00' />
  <meta name='ocr-capabilities' content='ocr_page ocr_carea ocr_par ocr_line ocrx_word'/>
</head>
<body>
  <div class='ocr_page' id='page_1' title='image "./publiiovidiinaso03ovid_0458.png"; bbox 0 0 2495 3675; ppageno 0'>
   <div class='ocr_carea' id='block_1_1' title="bbox 230 199 370 259">
    <p class='ocr_par' dir='ltr' id='par_1_1' title="bbox 230 199 370 259">
     <span class='ocr_line' id='line_1_1' title="bbox 230 199 370 259; baseline -0.021 0"><span class='ocrx_word' id='word_1_1' title='bbox 230 199 241 240; x_wconf 85' lang='grc'><em>’-</em></span> <span class='ocrx_word' id='word_1_2' title='bbox 267 206 370 259; x_wconf 78' lang='lat'><em>442</em></span> 
     </span>
    </p>
   </div>
   <div class='ocr_carea' id='block_1_2' title="bbox 792 138 1960 235">
    <p class='ocr_par' dir='ltr' id='par_1_2' title="bbox 792 138 1960 235">
     <span class='ocr_line' id='line_1_2' title="bbox 792 138 1960 235; baseline -0.007 0"><span class='ocrx_word' id='word_1_3' title='bbox 792 177 858 235; x_wconf 85' lang='lat' dir='ltr'><em>P.</em></span> <span class='ocrx_word' id='word_1_4' title='bbox 932 138 1960 233; x_wconf 69' lang='lat' dir='ltr'><em>ov1D11NAsoNiS</em></span> 
     </span>
    </p>
   </div>
   <div class='ocr_carea' id='block_1_3' title="bbox 427 270 1954 569">
    <p class='ocr_par' dir='ltr' id='par_1_3' title="bbox 427 270 1954 569">
     <span class='ocr_line' id='line_1_3' title="bbox 427 270 1717 359; baseline -0.016 -16"><span class='ocrx_word' id='word_1_5' title='bbox 427 306 458 359; x_wconf 86' lang='lat'><em>5</em></span> <span class='ocrx_word' id='word_1_6' title='bbox 569 285 688 341; x_wconf 90' lang='lat' dir='ltr'><em>Nec</em></span> <span class='ocrx_word' id='word_1_7' title='bbox 713 296 768 338; x_wconf 89' lang='lat' dir='ltr'><em>te</em></span> <span class='ocrx_word' id='word_1_8' title='bbox 792 296 1065 357; x_wconf 85' lang='lat' dir='ltr'><em>purpureo</em></span> <span class='ocrx_word' id='word_1_9' title='bbox 1089 278 1270 333; x_wconf 86' lang='lat' dir='ltr'><em>velent</em></span> <span class='ocrx_word' id='word_1_10' title='bbox 1297 271 1533 328; x_wconf 79' lang='lat' dir='ltr'>vaccinia</span> <span class='ocrx_word' id='word_1_11' title='bbox 1562 270 1717 325; x_wconf 90' lang='lat' dir='ltr'><em>fuco:</em></span> 
     </span>
     <span class='ocr_line' id='line_1_4' title="bbox 638 344 1770 414; baseline -0.014 0"><span class='ocrx_word' id='word_1_12' title='bbox 638 357 769 414; x_wconf 91' lang='lat' dir='ltr'><em>Non</em></span> <span class='ocrx_word' id='word_1_13' title='bbox 796 356 870 411; x_wconf 93' lang='lat' dir='ltr'><em>est</em></span> <span class='ocrx_word' id='word_1_14' title='bbox 894 351 1221 410; x_wconf 85' lang='lat' dir='ltr'><em>conveniens</em></span> <span class='ocrx_word' id='word_1_15' title='bbox 1243 346 1468 403; x_wconf 64' lang='lat' dir='ltr'><em>lueiibus</em></span> <span class='ocrx_word' id='word_1_16' title='bbox 1489 345 1578 399; x_wconf 84' lang='lat' dir='ltr'><em>ille</em></span> <span class='ocrx_word' id='word_1_17' title='bbox 1603 344 1770 398; x_wconf 79' lang='lat' dir='ltr'><em>color.</em></span> 
     </span>
     <span class='ocr_line' id='line_1_5' title="bbox 572 418 1954 488; baseline -0.013 0"><span class='ocrx_word' id='word_1_18' title='bbox 572 431 690 488; x_wconf 91' lang='lat' dir='ltr'><em>Nec</em></span> <span class='ocrx_word' id='word_1_19' title='bbox 718 431 900 484; x_wconf 86' lang='lat' dir='ltr'><em>titulus</em></span> <span class='ocrx_word' id='word_1_20' title='bbox 925 427 1094 482; x_wconf 85' lang='lat' dir='ltr'><em>minio</em></span> <span class='ocrx_word' id='word_1_21' title='bbox 1110 462 1125 488; x_wconf 90' lang='lat'>‚</span> <span class='ocrx_word' id='word_1_22' title='bbox 1164 441 1265 478; x_wconf 87' lang='lat' dir='ltr'><em>nec</em></span> <span class='ocrx_word' id='word_1_23' title='bbox 1293 420 1462 475; x_wconf 85' lang='lat' dir='ltr'><strong>cedro</strong></span> <span class='ocrx_word' id='word_1_24' title='bbox 1490 418 1673 472; x_wconf 84' lang='lat' dir='ltr'><em>charta</em></span> <span class='ocrx_word' id='word_1_25' title='bbox 1699 427 1954 471; x_wconf 75' lang='lat' dir='ltr'><em>notetur:</em></span> 
     </span>
     <span class='ocr_line' id='line_1_6' title="bbox 645 492 1829 569; baseline -0.012 -10"><span class='ocrx_word' id='word_1_26' title='bbox 645 501 890 559; x_wconf 86' lang='lat' dir='ltr'><em>Candida</em></span> <span class='ocrx_word' id='word_1_27' title='bbox 916 517 1018 555; x_wconf 87' lang='lat' dir='ltr'><em>nec</em></span> <span class='ocrx_word' id='word_1_28' title='bbox 1045 498 1199 569; x_wconf 72' lang='lat' dir='ltr'><em>nigra</em></span> <span class='ocrx_word' id='word_1_29' title='bbox 1226 511 1429 550; x_wconf 87' lang='lat' dir='ltr'><em>cornua</em></span> <span class='ocrx_word' id='word_1_30' title='bbox 1453 492 1634 548; x_wconf 89' lang='lat' dir='ltr'><em>fronte</em></span> <span class='ocrx_word' id='word_1_31' title='bbox 1661 507 1829 562; x_wconf 81' lang='lat' dir='ltr'><em>geras.</em></span> 
     </span>
    </p>
   </div>
   <div class='ocr_carea' id='block_1_4' title="bbox 281 759 1330 927">
    <p class='ocr_par' dir='ltr' id='par_1_4' title="bbox 281 759 1330 927">
     <span class='ocr_line' id='line_1_7' title="bbox 281 759 1327 822; baseline -0.017 -6"><span class='ocrx_word' id='word_1_32' title='bbox 281 776 459 816; x_wconf 77' lang='lat' dir='ltr'>idiomate</span> <span class='ocrx_word' id='word_1_33' title='bbox 475 802 486 818; x_wconf 93' lang='lat'><strong>,</strong></span> <span class='ocrx_word' id='word_1_34' title='bbox 513 772 564 810; x_wconf 79' lang='lat' dir='ltr'><em>Di</em></span> <span class='ocrx_word' id='word_1_35' title='bbox 581 769 689 822; x_wconf 85' lang='lat' dir='ltr'><em>questo</em></span> <span class='ocrx_word' id='word_1_36' title='bbox 715 766 902 817; x_wconf 82' lang='lat' dir='ltr'><em>travaglio.</em></span> <span class='ocrx_word' id='word_1_37' title='bbox 921 778 998 816; x_wconf 87' lang='lat' dir='ltr'><em>quo</em></span> <span class='ocrx_word' id='word_1_38' title='bbox 1027 761 1147 804; x_wconf 87' lang='lat' dir='ltr'><em>modo</em></span> <span class='ocrx_word' id='word_1_39' title='bbox 1171 759 1327 800; x_wconf 85' lang='lat' dir='ltr'><em>verbum</em></span> 
     </span>
     <span class='ocr_line' id='line_1_8' title="bbox 281 813 1330 877; baseline -0.015 -12"><span class='ocrx_word' id='word_1_40' title='bbox 281 837 432 877; x_wconf 81' lang='lat' dir='ltr'><em>tempora</em></span> <span class='ocrx_word' id='word_1_41' title='bbox 459 826 495 863; x_wconf 89' lang='lat' dir='ltr'><em>in</em></span> <span class='ocrx_word' id='word_1_42' title='bbox 519 820 762 862; x_wconf 79' lang='lat' dir='ltr'>multitudinis</span> <span class='ocrx_word' id='word_1_43' title='bbox 798 830 958 876; x_wconf 81' lang='lat' dir='ltr'><em>numero</em></span> <span class='ocrx_word' id='word_1_44' title='bbox 985 827 1062 855; x_wconf 90' lang='lat' dir='ltr'><em>non</em></span> <span class='ocrx_word' id='word_1_45' title='bbox 1092 813 1206 851; x_wconf 77' lang='lat' dir='ltr'><em>semel</em></span> <span class='ocrx_word' id='word_1_46' title='bbox 1232 814 1330 851; x_wconf 85' lang='lat' dir='ltr'><em>usur·</em></span> 
     </span>
     <span class='ocr_line' id='line_1_9' title="bbox 281 865 1204 927; baseline -0.015 -9"><span class='ocrx_word' id='word_1_47' title='bbox 281 879 384 927; x_wconf 87' lang='lat' dir='ltr'><em>pavit</em></span> <span class='ocrx_word' id='word_1_48' title='bbox 408 877 566 919; x_wconf 85' lang='lat' dir='ltr'><em>Cicero,</em></span> <span class='ocrx_word' id='word_1_49' title='bbox 595 872 704 910; x_wconf 87' lang='lat' dir='ltr'><em>&amp;hic</em></span> <span class='ocrx_word' id='word_1_50' title='bbox 727 869 860 909; x_wconf 87' lang='lat' dir='ltr'><em>Noster</em></span> <span class='ocrx_word' id='word_1_51' title='bbox 877 870 938 908; x_wconf 88' lang='lat' dir='ltr'><em>hb.</em></span> <span class='ocrx_word' id='word_1_52' title='bbox 959 881 1024 906; x_wconf 84' lang='lat'>111.</span> <span class='ocrx_word' id='word_1_53' title='bbox 1051 865 1153 915; x_wconf 83' lang='lat' dir='ltr'><em>Eleg.</em></span> <span class='ocrx_word' id='word_1_54' title='bbox 1173 877 1204 904; x_wconf 77' lang='lat'><em>1.</em></span> 
     </span>
    </p>
   </div>
   <div class='ocr_carea' id='block_1_5' title="bbox 284 941 1065 1040">
    <p class='ocr_par' dir='ltr' id='par_1_5' title="bbox 284 941 1065 1040">
     <span class='ocr_line' id='line_1_10' title="bbox 333 941 1065 998; baseline -0.014 -10"><span class='ocrx_word' id='word_1_55' title='bbox 333 950 502 988; x_wconf 82' lang='lat' dir='ltr'><strong><em>Carmine</em></strong></span> <span class='ocrx_word' id='word_1_56' title='bbox 519 947 723 998; x_wconf 80' lang='lat' dir='ltr'><em>temporibus</em></span> <span class='ocrx_word' id='word_1_57' title='bbox 744 945 965 984; x_wconf 86' lang='lat' dir='ltr'><em>conveniente</em></span> <span class='ocrx_word' id='word_1_58' title='bbox 978 941 1065 992; x_wconf 78' lang='lat' dir='ltr'><em>suis.</em></span> 
     </span>
     <span class='ocr_line' id='line_1_11' title="bbox 284 1002 455 1040; baseline -0.006 0"><span class='ocrx_word' id='word_1_59' title='bbox 284 1002 455 1040; x_wconf 65' lang='lat' dir='ltr'><em>Cxorffl.</em></span> 
     </span>
    </p>
   </div>
   <div class='ocr_carea' id='block_1_6' title="bbox 282 1053 1332 1166">
    <p class='ocr_par' dir='ltr' id='par_1_6' title="bbox 282 1053 1332 1166">
     <span class='ocr_line' id='line_1_12' title="bbox 336 1053 1332 1115; baseline -0.015 -10"><span class='ocrx_word' id='word_1_60' title='bbox 336 1080 369 1115; x_wconf 83' lang='lat'><em>5.</em></span> <span class='ocrx_word' id='word_1_61' title='bbox 397 1071 468 1104; x_wconf 86' lang='lat' dir='ltr'><em>Nec</em></span> <span class='ocrx_word' id='word_1_62' title='bbox 487 1076 519 1103; x_wconf 83' lang='lat' dir='ltr'><em>te</em></span> <span class='ocrx_word' id='word_1_63' title='bbox 533 1073 697 1114; x_wconf 86' lang='lat' dir='ltr'><em>purpureo</em></span> <span class='ocrx_word' id='word_1_64' title='bbox 716 1062 830 1100; x_wconf 85' lang='lat' dir='ltr'><em>velent</em></span> <span class='ocrx_word' id='word_1_65' title='bbox 852 1059 1015 1098; x_wconf 84' lang='lat' dir='ltr'><em>vaccinia</em></span> <span class='ocrx_word' id='word_1_66' title='bbox 1031 1053 1171 1106; x_wconf 62' lang='lat' dir='ltr'><em>succa]</em></span> <span class='ocrx_word' id='word_1_67' title='bbox 1219 1053 1332 1091; x_wconf 87' lang='lat' dir='ltr'><em>Mart.</em></span> 
     </span>
     <span class='ocr_line' id='line_1_13' title="bbox 282 1118 593 1166; baseline -0.013 -9"><span class='ocrx_word' id='word_1_68' title='bbox 282 1118 341 1157; x_wconf 87' lang='lat' dir='ltr'><em>lib.</em></span> <span class='ocrx_word' id='word_1_69' title='bbox 364 1130 430 1156; x_wconf 81' lang='lat'>111.</span> <span class='ocrx_word' id='word_1_70' title='bbox 458 1118 526 1166; x_wconf 89' lang='lat' dir='ltr'><em>Ep.</em></span> <span class='ocrx_word' id='word_1_71' title='bbox 548 1129 593 1153; x_wconf 87' lang='lat'><em>11.</em></span> 
     </span>
    </p>
   </div>
   <div class='ocr_carea' id='block_1_7' title="bbox 333 1176 1044 1433">
    <p class='ocr_par' dir='ltr' id='par_1_7' title="bbox 333 1176 1044 1322">
     <span class='ocr_line' id='line_1_14' title="bbox 333 1176 1044 1225; baseline -0.014 -4"><span class='ocrx_word' id='word_1_72' title='bbox 333 1182 443 1221; x_wconf 84' lang='lat' dir='ltr'><em>Cedro</em></span> <span class='ocrx_word' id='word_1_73' title='bbox 463 1193 555 1217; x_wconf 86' lang='lat' dir='ltr'><em>nunc</em></span> <span class='ocrx_word' id='word_1_74' title='bbox 575 1179 651 1216; x_wconf 83' lang='lat' dir='ltr'><em>licet</em></span> <span class='ocrx_word' id='word_1_75' title='bbox 668 1177 822 1215; x_wconf 77' lang='lat' dir='ltr'><em>ambules</em></span> <span class='ocrx_word' id='word_1_76' title='bbox 839 1176 1044 1225; x_wconf 56' lang='lat' dir='ltr'><em>perunblu52,</em></span> 
     </span>
     <span class='ocr_line' id='line_1_15' title="bbox 334 1228 981 1280; baseline -0.011 -10"><span class='ocrx_word' id='word_1_77' title='bbox 334 1238 381 1271; x_wconf 87' lang='lat' dir='ltr'><em>Et</em></span> <span class='ocrx_word' id='word_1_78' title='bbox 395 1235 530 1280; x_wconf 81' lang='lat' dir='ltr'><em>frontes</em></span> <span class='ocrx_word' id='word_1_79' title='bbox 547 1230 680 1279; x_wconf 80' lang='lat' dir='ltr'><em>gemino</em></span> <span class='ocrx_word' id='word_1_80' title='bbox 697 1230 814 1267; x_wconf 79' lang='lat' dir='ltr'><em>decens</em></span> <span class='ocrx_word' id='word_1_81' title='bbox 836 1228 981 1272; x_wconf 82' lang='lat' dir='ltr'><em>honore,</em></span> 
     </span>
     <span class='ocr_line' id='line_1_16' title="bbox 338 1279 870 1322; baseline -0.013 0"><span class='ocrx_word' id='word_1_82' title='bbox 338 1284 444 1321; x_wconf 61' lang='lat' dir='ltr'><em>Pieris</em></span> <span class='ocrx_word' id='word_1_83' title='bbox 462 1281 649 1319; x_wconf 81' lang='lat' dir='ltr'><em>luxurieris</em></span> <span class='ocrx_word' id='word_1_84' title='bbox 670 1279 843 1318; x_wconf 73' lang='lat' dir='ltr'><em>umbilicis</em></span> <span class='ocrx_word' id='word_1_85' title='bbox 860 1307 870 1322; x_wconf 87' lang='lat'>,</span> 
     </span>
    </p>

    <p class='ocr_par' dir='ltr' id='par_1_8' title="bbox 335 1326 904 1384">
     <span class='ocr_line' id='line_1_17' title="bbox 335 1326 904 1384; baseline -0.012 -12"><span class='ocrx_word' id='word_1_86' title='bbox 335 1340 383 1372; x_wconf 88' lang='lat' dir='ltr'><em>Et</em></span> <span class='ocrx_word' id='word_1_87' title='bbox 404 1345 435 1372; x_wconf 84' lang='lat' dir='ltr'><em>te</em></span> <span class='ocrx_word' id='word_1_88' title='bbox 449 1343 600 1384; x_wconf 79' lang='lat' dir='ltr'><em>purpura</em></span> <span class='ocrx_word' id='word_1_89' title='bbox 620 1332 769 1369; x_wconf 83' lang='lat' dir='ltr'><em>delicata</em></span> <span class='ocrx_word' id='word_1_90' title='bbox 789 1326 904 1374; x_wconf 80' lang='lat' dir='ltr'><em>velet,</em></span> 
     </span>
    </p>

    <p class='ocr_par' dir='ltr' id='par_1_9' title="bbox 334 1380 947 1433">
     <span class='ocr_line' id='line_1_18' title="bbox 334 1380 947 1433; baseline -0.007 -10"><span class='ocrx_word' id='word_1_91' title='bbox 334 1391 383 1423; x_wconf 77' lang='lat' dir='ltr'><em>Et</em></span> <span class='ocrx_word' id='word_1_92' title='bbox 405 1399 492 1423; x_wconf 86' lang='lat' dir='ltr'><em>cocco</em></span> <span class='ocrx_word' id='word_1_93' title='bbox 511 1383 634 1422; x_wconf 82' lang='lat' dir='ltr'><em>rubeat</em></span> <span class='ocrx_word' id='word_1_94' title='bbox 645 1382 808 1433; x_wconf 81' lang='lat' dir='ltr'><em>superbus</em></span> <span class='ocrx_word' id='word_1_95' title='bbox 830 1380 947 1419; x_wconf 80' lang='lat' dir='ltr'><em>index.</em></span> 
     </span>
    </p>
   </div>
   <div class='ocr_carea' id='block_1_8' title="bbox 285 1452 1344 2084">
    <p class='ocr_par' dir='ltr' id='par_1_10' title="bbox 285 1452 1344 1972">
     <span class='ocr_line' id='line_1_19' title="bbox 286 1452 1334 1510; baseline -0.012 -6"><span class='ocrx_word' id='word_1_96' title='bbox 286 1465 457 1504; x_wconf 70' lang='lat' dir='ltr'><strong>CXOFAN.</strong></span> <span class='ocrx_word' id='word_1_97' title='bbox 486 1468 572 1500; x_wconf 75' lang='lat' dir='ltr'><em>Fuco</em></span> <span class='ocrx_word' id='word_1_98' title='bbox 591 1461 697 1499; x_wconf 86' lang='lat' dir='ltr'><em>Polir.</em></span> <span class='ocrx_word' id='word_1_99' title='bbox 726 1457 933 1506; x_wconf 84' lang='lat' dir='ltr'><em>Hamburg.</em></span> <span class='ocrx_word' id='word_1_100' title='bbox 960 1455 1086 1493; x_wconf 85' lang='lat' dir='ltr'><em>Vatic.</em></span> <span class='ocrx_word' id='word_1_101' title='bbox 1103 1453 1141 1492; x_wconf 87' lang='lat'>&amp;</span> <span class='ocrx_word' id='word_1_102' title='bbox 1162 1452 1222 1492; x_wconf 87' lang='lat' dir='ltr'><em>alii</em></span> <span class='ocrx_word' id='word_1_103' title='bbox 1245 1452 1334 1510; x_wconf 64' lang='lat' dir='ltr'><em>celo</em></span> 
     </span>
     <span class='ocr_line' id='line_1_20' title="bbox 286 1504 1335 1561; baseline -0.013 -7"><span class='ocrx_word' id='word_1_104' title='bbox 286 1525 347 1555; x_wconf 82' lang='lat' dir='ltr'><em>aut</em></span> <span class='ocrx_word' id='word_1_105' title='bbox 365 1526 503 1553; x_wconf 84' lang='lat' dir='ltr'><em>novem</em></span> <span class='ocrx_word' id='word_1_106' title='bbox 525 1525 570 1549; x_wconf 85' lang='lat' dir='ltr'><em>ex</em></span> <span class='ocrx_word' id='word_1_107' title='bbox 592 1510 886 1561; x_wconf 79' lang='lat' dir='ltr'><em>castigatioribus.</em></span> <span class='ocrx_word' id='word_1_108' title='bbox 914 1506 1023 1545; x_wconf 60' lang='lat' dir='ltr'><em>recle.</em></span> <span class='ocrx_word' id='word_1_109' title='bbox 1045 1515 1087 1543; x_wconf 86' lang='lat' dir='ltr'><em>ut</em></span> <span class='ocrx_word' id='word_1_110' title='bbox 1105 1505 1149 1543; x_wconf 84' lang='lat' dir='ltr'><em>ad</em></span> <span class='ocrx_word' id='word_1_111' title='bbox 1165 1504 1335 1542; x_wconf 81' lang='lat' dir='ltr'><em>Claudia-</em></span> 
     </span>
     <span class='ocr_line' id='line_1_21' title="bbox 286 1555 1337 1616; baseline -0.013 -10"><span class='ocrx_word' id='word_1_112' title='bbox 286 1579 378 1606; x_wconf 82' lang='lat' dir='ltr'><em>num</em></span> <span class='ocrx_word' id='word_1_113' title='bbox 394 1567 472 1616; x_wconf 86' lang='lat' dir='ltr'><em>jam</em></span> <span class='ocrx_word' id='word_1_114' title='bbox 494 1564 624 1602; x_wconf 85' lang='lat' dir='ltr'><em>monui</em></span> <span class='ocrx_word' id='word_1_115' title='bbox 642 1562 705 1599; x_wconf 86' lang='lat' dir='ltr'><em>lib.</em></span> <span class='ocrx_word' id='word_1_116' title='bbox 723 1565 751 1598; x_wconf 74' lang='lat'><em>&#39;1.</em></span> <span class='ocrx_word' id='word_1_117' title='bbox 781 1562 816 1598; x_wconf 86' lang='lat' dir='ltr'><em>in</em></span> <span class='ocrx_word' id='word_1_118' title='bbox 844 1558 1023 1596; x_wconf 81' lang='lat' dir='ltr'><em>Rufinum</em></span> <span class='ocrx_word' id='word_1_119' title='bbox 1045 1556 1102 1600; x_wconf 58' lang='lat' dir='ltr'><em>jis.</em></span> <span class='ocrx_word' id='word_1_120' title='bbox 1123 1557 1208 1593; x_wconf 75' lang='lat'><em>208,</em></span> <span class='ocrx_word' id='word_1_121' title='bbox 1236 1555 1337 1612; x_wconf 62' lang='lat' dir='ltr'><em>abso-3</em></span> 
     </span>
     <span class='ocr_line' id='line_1_22' title="bbox 288 1607 1338 1664; baseline -0.012 -8"><span class='ocrx_word' id='word_1_122' title='bbox 288 1629 380 1656; x_wconf 89' lang='lat' dir='ltr'><em>num</em></span> <span class='ocrx_word' id='word_1_123' title='bbox 411 1617 511 1654; x_wconf 86' lang='lat' dir='ltr'><em>enim</em></span> <span class='ocrx_word' id='word_1_124' title='bbox 543 1614 683 1664; x_wconf 86' lang='lat' dir='ltr'><em>prorsus</em></span> <span class='ocrx_word' id='word_1_125' title='bbox 705 1611 796 1650; x_wconf 88' lang='lat' dir='ltr'><em>istud</em></span> <span class='ocrx_word' id='word_1_126' title='bbox 818 1639 827 1654; x_wconf 93' lang='lat'>‚</span> <span class='ocrx_word' id='word_1_127' title='bbox 868 1609 986 1646; x_wconf 80' lang='lat' dir='ltr'><em>velare</em></span> <span class='ocrx_word' id='word_1_128' title='bbox 1010 1612 1116 1656; x_wconf 83' lang='lat' dir='ltr'><em>succo.</em></span> <span class='ocrx_word' id='word_1_129' title='bbox 1162 1607 1338 1657; x_wconf 77' lang='lat' dir='ltr'><em>Sequenn</em></span> 
     </span>
     <span class='ocr_line' id='line_1_23' title="bbox 285 1657 1340 1715; baseline -0.012 -8"><span class='ocrx_word' id='word_1_130' title='bbox 285 1670 505 1707; x_wconf 70' lang='lat' dir='ltr'><em>hexametro</em></span> <span class='ocrx_word' id='word_1_131' title='bbox 518 1694 527 1711; x_wconf 93' lang='lat'>,</span> <span class='ocrx_word' id='word_1_132' title='bbox 557 1664 680 1702; x_wconf 71' lang='lat' dir='ltr'><em>charta</em></span> <span class='ocrx_word' id='word_1_133' title='bbox 707 1672 868 1699; x_wconf 85' lang='lat' dir='ltr'><em>notentur</em></span> <span class='ocrx_word' id='word_1_134' title='bbox 882 1689 892 1706; x_wconf 84' lang='lat'>,</span> <span class='ocrx_word' id='word_1_135' title='bbox 923 1672 990 1709; x_wconf 87' lang='lat' dir='ltr'><em>pro</em></span> <span class='ocrx_word' id='word_1_136' title='bbox 1014 1669 1152 1696; x_wconf 83' lang='lat' dir='ltr'><em>notetur</em></span> <span class='ocrx_word' id='word_1_137' title='bbox 1166 1687 1175 1703; x_wconf 85' lang='lat'>‚</span> <span class='ocrx_word' id='word_1_138' title='bbox 1188 1657 1340 1715; x_wconf 76' lang='lat' dir='ltr'><em>venuste</em></span> 
     </span>
     <span class='ocr_line' id='line_1_24' title="bbox 288 1708 1341 1766; baseline -0.011 -9"><span class='ocrx_word' id='word_1_139' title='bbox 288 1718 655 1766; x_wconf 72' lang='lat' dir='ltr'><em>Rottendorphianus</em></span> <span class='ocrx_word' id='word_1_140' title='bbox 674 1715 774 1752; x_wconf 84' lang='lat' dir='ltr'><em>liber.</em></span> <span class='ocrx_word' id='word_1_141' title='bbox 808 1714 846 1750; x_wconf 83' lang='lat' dir='ltr'><em>in</em></span> <span class='ocrx_word' id='word_1_142' title='bbox 878 1723 956 1749; x_wconf 88' lang='lat' dir='ltr'><em>uno</em></span> <span class='ocrx_word' id='word_1_143' title='bbox 989 1709 1166 1748; x_wconf 82' lang='lat' dir='ltr'><em>Mediceo</em></span> <span class='ocrx_word' id='word_1_144' title='bbox 1197 1721 1264 1758; x_wconf 87' lang='lat' dir='ltr'><em>pro</em></span> <span class='ocrx_word' id='word_1_145' title='bbox 1286 1708 1341 1746; x_wconf 82' lang='lat' dir='ltr'><em>dl·</em></span> 
     </span>
     <span class='ocr_line' id='line_1_25' title="bbox 291 1760 1343 1814; baseline -0.012 -5"><span class='ocrx_word' id='word_1_146' title='bbox 291 1771 390 1808; x_wconf 83' lang='lat' dir='ltr'><em>versa</em></span> <span class='ocrx_word' id='word_1_147' title='bbox 413 1769 572 1807; x_wconf 64' lang='lat' dir='ltr'><em>lefiione</em></span> <span class='ocrx_word' id='word_1_148' title='bbox 587 1794 596 1811; x_wconf 94' lang='lat'><strong>‚</strong></span> <span class='ocrx_word' id='word_1_149' title='bbox 617 1766 740 1814; x_wconf 81' lang='lat' dir='ltr'><em>ligetur</em></span> <span class='ocrx_word' id='word_1_150' title='bbox 753 1793 762 1809; x_wconf 89' lang='lat'>‚</span> <span class='ocrx_word' id='word_1_151' title='bbox 781 1775 847 1813; x_wconf 89' lang='lat' dir='ltr'><em>pro</em></span> <span class='ocrx_word' id='word_1_152' title='bbox 866 1762 1014 1799; x_wconf 83' lang='lat' dir='ltr'><em>linatur.</em></span> <span class='ocrx_word' id='word_1_153' title='bbox 1038 1761 1147 1810; x_wconf 86' lang='lat' dir='ltr'><em>quale</em></span> <span class='ocrx_word' id='word_1_154' title='bbox 1161 1760 1343 1798; x_wconf 85' lang='lat' dir='ltr'><em>mendum</em></span> 
     </span>
     <span class='ocr_line' id='line_1_26' title="bbox 290 1811 1344 1871; baseline -0.011 -12"><span class='ocrx_word' id='word_1_155' title='bbox 290 1831 443 1871; x_wconf 85' lang='lat' dir='ltr'><em>quoque</em></span> <span class='ocrx_word' id='word_1_156' title='bbox 463 1818 663 1857; x_wconf 79' lang='lat' dir='ltr'><em>sustulimus</em></span> <span class='ocrx_word' id='word_1_157' title='bbox 677 1815 696 1853; x_wconf 80' lang='grc' dir='ltr'>ὲ</span> <span class='ocrx_word' id='word_1_158' title='bbox 715 1816 775 1854; x_wconf 88' lang='lat' dir='ltr'><em>lib.</em></span> <span class='ocrx_word' id='word_1_159' title='bbox 799 1827 861 1853; x_wconf 73' lang='lat' dir='ltr'><em>nx.</em></span> <span class='ocrx_word' id='word_1_160' title='bbox 888 1814 987 1851; x_wconf 88' lang='lat' dir='ltr'><em>Artis</em></span> <span class='ocrx_word' id='word_1_161' title='bbox 1011 1811 1344 1868; x_wconf 48' lang='lat' dir='ltr'><em>Amatoryfizp.</em></span> 
     </span>
     <span class='ocr_line' id='line_1_27' title="bbox 291 1863 1342 1920; baseline -0.009 -11"><span class='ocrx_word' id='word_1_162' title='bbox 291 1872 354 1909; x_wconf 86' lang='lat' dir='ltr'><em>ubi</em></span> <span class='ocrx_word' id='word_1_163' title='bbox 377 1872 478 1920; x_wconf 84' lang='lat' dir='ltr'><em>plura</em></span> <span class='ocrx_word' id='word_1_164' title='bbox 501 1870 545 1907; x_wconf 88' lang='lat' dir='ltr'><em>de</em></span> <span class='ocrx_word' id='word_1_165' title='bbox 565 1868 697 1906; x_wconf 82' lang='lat' dir='ltr'><em>linendi</em></span> <span class='ocrx_word' id='word_1_166' title='bbox 717 1867 831 1904; x_wconf 89' lang='lat' dir='ltr'><em>verbo</em></span> <span class='ocrx_word' id='word_1_167' title='bbox 852 1874 1039 1904; x_wconf 85' lang='lat' dir='ltr'><em>notamus.</em></span> <span class='ocrx_word' id='word_1_168' title='bbox 1071 1864 1248 1902; x_wconf 78' lang='lat' dir='ltr'><em>Horatius</em></span> <span class='ocrx_word' id='word_1_169' title='bbox 1270 1863 1342 1901; x_wconf 85' lang='lat' dir='ltr'><em>Ar-</em></span> 
     </span>
     <span class='ocr_line' id='line_1_28' title="bbox 291 1919 801 1972; baseline -0.012 -11"><span class='ocrx_word' id='word_1_170' title='bbox 291 1931 328 1961; x_wconf 87' lang='lat' dir='ltr'><em>te</em></span> <span class='ocrx_word' id='word_1_171' title='bbox 351 1923 500 1972; x_wconf 76' lang='lat' dir='ltr'><em>poetica</em></span> <span class='ocrx_word' id='word_1_172' title='bbox 525 1931 609 1969; x_wconf 82' lang='lat'>330.</span> <span class='ocrx_word' id='word_1_173' title='bbox 635 1919 681 1956; x_wconf 88' lang='lat' dir='ltr'><em>ad</em></span> <span class='ocrx_word' id='word_1_174' title='bbox 699 1929 801 1956; x_wconf 85' lang='lat' dir='ltr'><em>rem:</em></span> 
     </span>
    </p>

    <p class='ocr_par' dir='ltr' id='par_1_11' title="bbox 345 1981 935 2031">
     <span class='ocr_line' id='line_1_29' title="bbox 345 1981 935 2031; baseline -0.003 -11"><span class='ocrx_word' id='word_1_175' title='bbox 345 2002 448 2013; x_wconf 90' lang='lat'><em>-—</em></span> <span class='ocrx_word' id='word_1_176' title='bbox 469 1985 650 2031; x_wconf 77' lang='lat' dir='ltr'><em>spermnus</em></span> <span class='ocrx_word' id='word_1_177' title='bbox 670 1982 830 2019; x_wconf 85' lang='lat' dir='ltr'><em>carmina</em></span> <span class='ocrx_word' id='word_1_178' title='bbox 845 1981 935 2031; x_wconf 74' lang='lat' dir='ltr'><em>fingi</em></span> 
     </span>
    </p>

    <p class='ocr_par' dir='ltr' id='par_1_12' title="bbox 347 2032 1282 2084">
     <span class='ocr_line' id='line_1_30' title="bbox 347 2032 1282 2084; baseline -0.004 -11"><span class='ocrx_word' id='word_1_179' title='bbox 347 2034 435 2084; x_wconf 76' lang='lat' dir='ltr'><em>P0ffi³</em></span> <span class='ocrx_word' id='word_1_180' title='bbox 454 2033 596 2071; x_wconf 85' lang='lat' dir='ltr'><em>linenda</em></span> <span class='ocrx_word' id='word_1_181' title='bbox 617 2033 711 2070; x_wconf 85' lang='lat' dir='ltr'><em>cedro</em></span> <span class='ocrx_word' id='word_1_182' title='bbox 723 2061 733 2078; x_wconf 94' lang='lat'>,</span> <span class='ocrx_word' id='word_1_183' title='bbox 762 2045 806 2072; x_wconf 66' lang='grc' dir='ltr'><em>ω’</em></span> <span class='ocrx_word' id='word_1_184' title='bbox 826 2032 921 2071; x_wconf 82' lang='lat' dir='ltr'><em>laevi</em></span> <span class='ocrx_word' id='word_1_185' title='bbox 939 2033 1115 2077; x_wconf 78' lang='lat' dir='ltr'><em>servanda</em></span> <span class='ocrx_word' id='word_1_186' title='bbox 1133 2032 1282 2083; x_wconf 62' lang='lat' dir='ltr'><em>cupressi).</em></span> 
     </span>
    </p>
   </div>
   <div class='ocr_carea' id='block_1_9' title="bbox 252 2111 1373 3380">
    <p class='ocr_par' dir='ltr' id='par_1_13' title="bbox 252 2111 1373 3380">
     <span class='ocr_line' id='line_1_31' title="bbox 297 2111 1343 2166; baseline -0.005 -12"><span class='ocrx_word' id='word_1_187' title='bbox 297 2116 390 2156; x_wconf 79' lang='lat' dir='ltr'><em>illini</em></span> <span class='ocrx_word' id='word_1_188' title='bbox 405 2125 559 2166; x_wconf 90' lang='lat' dir='ltr'><em>quoque</em></span> <span class='ocrx_word' id='word_1_189' title='bbox 578 2113 685 2151; x_wconf 87' lang='lat' dir='ltr'><em>minio</em></span> <span class='ocrx_word' id='word_1_190' title='bbox 703 2111 812 2151; x_wconf 81' lang='lat' dir='ltr'><em>habes</em></span> <span class='ocrx_word' id='word_1_191' title='bbox 833 2113 929 2161; x_wconf 80' lang='lat' dir='ltr'><em>apud</em></span> <span class='ocrx_word' id='word_1_192' title='bbox 950 2112 1111 2151; x_wconf 83' lang='lat' dir='ltr'>Plinium</span> <span class='ocrx_word' id='word_1_193' title='bbox 1141 2113 1203 2151; x_wconf 89' lang='lat' dir='ltr'><em>lib.</em></span> <span class='ocrx_word' id='word_1_194' title='bbox 1227 2124 1343 2150; x_wconf 74' lang='lat' dir='ltr'><em>xxxix.</em></span> 
     </span>
     <span class='ocr_line' id='line_1_32' title="bbox 297 2162 1342 2217; baseline -0.006 -12"><span class='ocrx_word' id='word_1_195' title='bbox 297 2178 423 2217; x_wconf 76' lang='lat' dir='ltr'><em>cap.7.</em></span> <span class='ocrx_word' id='word_1_196' title='bbox 450 2170 644 2202; x_wconf 81' lang='lat' dir='ltr'><em>Enumerat</em></span> <span class='ocrx_word' id='word_1_197' title='bbox 673 2167 799 2201; x_wconf 65' lang='lat' dir='ltr'><em>afflores</em></span> <span class='ocrx_word' id='word_1_198' title='bbox 821 2164 955 2201; x_wconf 86' lang='lat' dir='ltr'><em>Verrius</em></span> <span class='ocrx_word' id='word_1_199' title='bbox 969 2192 979 2208; x_wconf 88' lang='lat'><strong>,</strong></span> <span class='ocrx_word' id='word_1_200' title='bbox 1008 2164 1133 2211; x_wconf 83' lang='lat' dir='ltr'><em>quibus</em></span> <span class='ocrx_word' id='word_1_201' title='bbox 1147 2164 1279 2201; x_wconf 84' lang='lat' dir='ltr'><em>eredere</em></span> <span class='ocrx_word' id='word_1_202' title='bbox 1292 2162 1342 2212; x_wconf 80' lang='lat' dir='ltr'><em>fit</em></span> 
     </span>
     <span class='ocr_line' id='line_1_33' title="bbox 252 2213 1343 2266; baseline -0.006 -9"><span class='ocrx_word' id='word_1_203' title='bbox 252 2254 254 2256; x_wconf 94' lang='lat'>.</span> <span class='ocrx_word' id='word_1_204' title='bbox 298 2220 416 2266; x_wconf 76' lang='lat' dir='ltr'><em>neceffe</em></span> <span class='ocrx_word' id='word_1_205' title='bbox 440 2244 450 2261; x_wconf 88' lang='lat'>,</span> <span class='ocrx_word' id='word_1_206' title='bbox 483 2216 592 2262; x_wconf 76' lang='lat' dir='ltr'><em>Jovis</em></span> <span class='ocrx_word' id='word_1_207' title='bbox 619 2213 718 2263; x_wconf 81' lang='lat' dir='ltr'><em>ipsius</em></span> <span class='ocrx_word' id='word_1_208' title='bbox 741 2214 926 2262; x_wconf 76' lang='lat' dir='ltr'><em>simulacri</em></span> <span class='ocrx_word' id='word_1_209' title='bbox 945 2216 1078 2262; x_wconf 75' lang='lat' dir='ltr'><em>faciem</em></span> <span class='ocrx_word' id='word_1_210' title='bbox 1108 2214 1225 2252; x_wconf 82' lang='lat' dir='ltr'><em>diebus</em></span> <span class='ocrx_word' id='word_1_211' title='bbox 1246 2213 1343 2262; x_wconf 84' lang='lat' dir='ltr'><em>festis</em></span> 
     </span>
     <span class='ocr_line' id='line_1_34' title="bbox 298 2265 1345 2315; baseline -0.005 -7"><span class='ocrx_word' id='word_1_212' title='bbox 298 2269 407 2308; x_wconf 80' lang='lat' dir='ltr'><em>minio</em></span> <span class='ocrx_word' id='word_1_213' title='bbox 426 2266 519 2305; x_wconf 87' lang='lat' dir='ltr'><em>illini</em></span> <span class='ocrx_word' id='word_1_214' title='bbox 531 2265 674 2315; x_wconf 70' lang='lat' dir='ltr'><em>sblttam</em></span> <span class='ocrx_word' id='word_1_215' title='bbox 689 2293 699 2309; x_wconf 95' lang='lat'>‚</span> <span class='ocrx_word' id='word_1_216' title='bbox 727 2266 1054 2314; x_wconf 85' lang='lat' dir='ltr'><em>triumphantiaque</em></span> <span class='ocrx_word' id='word_1_217' title='bbox 1071 2275 1214 2314; x_wconf 88' lang='lat' dir='ltr'><em>corpora.</em></span> <span class='ocrx_word' id='word_1_218' title='bbox 1242 2266 1345 2303; x_wconf 84' lang='lat' dir='ltr'><em>Mar-</em></span> 
     </span>
     <span class='ocr_line' id='line_1_35' title="bbox 297 2316 1346 2367; baseline -0.006 -8"><span class='ocrx_word' id='word_1_219' title='bbox 297 2322 418 2359; x_wconf 87' lang='lat' dir='ltr'><em>tianus</em></span> <span class='ocrx_word' id='word_1_220' title='bbox 439 2317 585 2367; x_wconf 81' lang='lat' dir='ltr'><em>Capella</em></span> <span class='ocrx_word' id='word_1_221' title='bbox 601 2317 693 2354; x_wconf 81' lang='lat' dir='ltr'><em>libro</em></span> <span class='ocrx_word' id='word_1_222' title='bbox 708 2327 752 2354; x_wconf 88' lang='lat'><em>11.</em></span> <span class='ocrx_word' id='word_1_223' title='bbox 773 2321 916 2353; x_wconf 83' lang='lat' dir='ltr'><em>Cernere</em></span> <span class='ocrx_word' id='word_1_224' title='bbox 934 2327 1009 2353; x_wconf 84' lang='lat' dir='ltr'><em>erat</em></span> <span class='ocrx_word' id='word_1_225' title='bbox 1023 2344 1034 2361; x_wconf 92' lang='lat'>,</span> <span class='ocrx_word' id='word_1_226' title='bbox 1062 2317 1122 2364; x_wconf 79' lang='lat' dir='ltr'><em>qui</em></span> <span class='ocrx_word' id='word_1_227' title='bbox 1142 2316 1346 2367; x_wconf 80' lang='lat' dir='ltr'><em>libriquan-</em></span> 
     </span>
     <span class='ocr_line' id='line_1_36' title="bbox 300 2366 1346 2422; baseline -0.007 -13"><span class='ocrx_word' id='word_1_228' title='bbox 300 2381 405 2422; x_wconf 79' lang='lat' dir='ltr'><em>taque</em></span> <span class='ocrx_word' id='word_1_229' title='bbox 427 2367 635 2416; x_wconf 80' lang='lat' dir='ltr'><em>volumina,</em></span> <span class='ocrx_word' id='word_1_230' title='bbox 663 2378 745 2416; x_wconf 81' lang='lat' dir='ltr'><em>quot</em></span> <span class='ocrx_word' id='word_1_231' title='bbox 773 2366 974 2416; x_wconf 78' lang='lat' dir='ltr'><em>linguarum</em></span> <span class='ocrx_word' id='word_1_232' title='bbox 1007 2376 1104 2417; x_wconf 86' lang='lat' dir='ltr'><em>opera</em></span> <span class='ocrx_word' id='word_1_233' title='bbox 1130 2381 1171 2404; x_wconf 79' lang='lat' dir='ltr'><em>ex</em></span> <span class='ocrx_word' id='word_1_234' title='bbox 1193 2381 1248 2404; x_wconf 86' lang='lat' dir='ltr'><em>ore</em></span> <span class='ocrx_word' id='word_1_235' title='bbox 1268 2368 1346 2403; x_wconf 86' lang='lat' dir='ltr'><em>vir-</em></span> 
     </span>
     <span class='ocr_line' id='line_1_37' title="bbox 300 2417 1348 2471; baseline -0.005 -12"><span class='ocrx_word' id='word_1_236' title='bbox 300 2421 389 2471; x_wconf 80' lang='lat' dir='ltr'><em>ginis</em></span> <span class='ocrx_word' id='word_1_237' title='bbox 409 2418 623 2470; x_wconf 86' lang='lat' dir='ltr'><em>diffluebant.</em></span> <span class='ocrx_word' id='word_1_238' title='bbox 651 2417 724 2454; x_wconf 85' lang='lat' dir='ltr'><em>alia</em></span> <span class='ocrx_word' id='word_1_239' title='bbox 743 2431 784 2454; x_wconf 82' lang='lat' dir='ltr'><em>ex</em></span> <span class='ocrx_word' id='word_1_240' title='bbox 806 2427 932 2467; x_wconf 72' lang='lat' dir='ltr'><em>papyro</em></span> <span class='ocrx_word' id='word_1_241' title='bbox 952 2446 962 2462; x_wconf 92' lang='lat'><strong>‚</strong></span> <span class='ocrx_word' id='word_1_242' title='bbox 1000 2431 1086 2466; x_wconf 85' lang='lat' dir='ltr'><em>quae</em></span> <span class='ocrx_word' id='word_1_243' title='bbox 1106 2418 1202 2454; x_wconf 85' lang='lat' dir='ltr'><em>cedro</em></span> <span class='ocrx_word' id='word_1_244' title='bbox 1222 2417 1348 2467; x_wconf 86' lang='lat' dir='ltr'><em>perlita</em></span> 
     </span>
     <span class='ocr_line' id='line_1_38' title="bbox 295 2468 1350 2520; baseline -0.004 -10"><span class='ocrx_word' id='word_1_245' title='bbox 295 2475 420 2520; x_wconf 86' lang='lat' dir='ltr'><em>fuerat</em></span> <span class='ocrx_word' id='word_1_246' title='bbox 435 2499 445 2517; x_wconf 93' lang='lat'><strong>,</strong></span> <span class='ocrx_word' id='word_1_247' title='bbox 473 2469 686 2507; x_wconf 80' lang='lat' dir='ltr'><em>videbantur</em></span> <span class='ocrx_word' id='word_1_248' title='bbox 698 2469 780 2514; x_wconf 85' lang='lat' dir='ltr'><em>,alii</em></span> <span class='ocrx_word' id='word_1_249' title='bbox 798 2468 983 2517; x_wconf 80' lang='lat' dir='ltr'><em>carbafinis</em></span> <span class='ocrx_word' id='word_1_250' title='bbox 1001 2468 1241 2506; x_wconf 83' lang='lat' dir='ltr'><em>voluminibus</em></span> <span class='ocrx_word' id='word_1_251' title='bbox 1260 2482 1350 2507; x_wconf 86' lang='lat' dir='ltr'><em>com-</em></span> 
     </span>
     <span class='ocr_line' id='line_1_39' title="bbox 302 2519 1352 2574; baseline -0.003 -15"><span class='ocrx_word' id='word_1_252' title='bbox 302 2523 423 2574; x_wconf 84' lang='lat' dir='ltr'><em>plicati</em></span> <span class='ocrx_word' id='word_1_253' title='bbox 442 2521 523 2559; x_wconf 83' lang='lat' dir='ltr'><em>libri</em></span> <span class='ocrx_word' id='word_1_254' title='bbox 553 2534 594 2558; x_wconf 80' lang='lat' dir='ltr'><em>ex</em></span> <span class='ocrx_word' id='word_1_255' title='bbox 619 2519 736 2557; x_wconf 81' lang='lat' dir='ltr'><em>ovillis</em></span> <span class='ocrx_word' id='word_1_256' title='bbox 758 2533 888 2570; x_wconf 85' lang='lat' dir='ltr'><em>quoque</em></span> <span class='ocrx_word' id='word_1_257' title='bbox 916 2519 1024 2557; x_wconf 86' lang='lat' dir='ltr'><em>multi</em></span> <span class='ocrx_word' id='word_1_258' title='bbox 1043 2519 1251 2569; x_wconf 73' lang='lat' dir='ltr'><em>tergoribus,</em></span> <span class='ocrx_word' id='word_1_259' title='bbox 1279 2520 1352 2556; x_wconf 83' lang='lat' dir='ltr'><em>rari</em></span> 
     </span>
     <span class='ocr_line' id='line_1_40' title="bbox 304 2570 1352 2623; baseline -0.004 -11"><span class='ocrx_word' id='word_1_260' title='bbox 304 2588 387 2612; x_wconf 80' lang='lat' dir='ltr'><em>vero</em></span> <span class='ocrx_word' id='word_1_261' title='bbox 415 2575 452 2611; x_wconf 84' lang='lat' dir='ltr'><em>in</em></span> <span class='ocrx_word' id='word_1_262' title='bbox 477 2571 635 2623; x_wconf 70' lang='lat' dir='ltr'><em>philyrae</em></span> <span class='ocrx_word' id='word_1_263' title='bbox 657 2571 776 2609; x_wconf 84' lang='lat' dir='ltr'><em>cortice</em></span> <span class='ocrx_word' id='word_1_264' title='bbox 785 2570 980 2619; x_wconf 82' lang='lat' dir='ltr'><em>subnotati.</em></span> <span class='ocrx_word' id='word_1_265' title='bbox 1024 2571 1233 2610; x_wconf 82' lang='lat' dir='ltr'><em>Columella</em></span> <span class='ocrx_word' id='word_1_266' title='bbox 1259 2571 1352 2608; x_wconf 89' lang='lat' dir='ltr'><em>libro</em></span> 
     </span>
     <span class='ocr_line' id='line_1_41' title="bbox 306 2620 1355 2673; baseline -0.004 -11"><span class='ocrx_word' id='word_1_267' title='bbox 306 2636 366 2666; x_wconf 76' lang='lat' dir='ltr'><em>vr.</em></span> <span class='ocrx_word' id='word_1_268' title='bbox 389 2637 466 2673; x_wconf 90' lang='lat' dir='ltr'><em>cap.</em></span> <span class='ocrx_word' id='word_1_269' title='bbox 486 2635 544 2671; x_wconf 66' lang='lat'><em>32·</em></span> <span class='ocrx_word' id='word_1_270' title='bbox 572 2620 702 2659; x_wconf 79' lang='lat' dir='ltr'><em>Scabies</em></span> <span class='ocrx_word' id='word_1_271' title='bbox 716 2620 750 2670; x_wconf 87' lang='lat' dir='ltr'><strong><em>fi</em></strong></span> <span class='ocrx_word' id='word_1_272' title='bbox 767 2621 853 2658; x_wconf 79' lang='lat' dir='ltr'><em>levis</em></span> <span class='ocrx_word' id='word_1_273' title='bbox 870 2620 936 2666; x_wconf 76' lang='lat' dir='ltr'><em>esl,</em></span> <span class='ocrx_word' id='word_1_274' title='bbox 963 2621 1054 2658; x_wconf 83' lang='lat' dir='ltr'><em>inter</em></span> <span class='ocrx_word' id='word_1_275' title='bbox 1076 2622 1183 2660; x_wconf 83' lang='lat' dir='ltr'><em>initia</em></span> <span class='ocrx_word' id='word_1_276' title='bbox 1204 2624 1355 2660; x_wconf 83' lang='lat' dir='ltr'><em>canden-</em></span> 
     </span>
     <span class='ocr_line' id='line_1_42' title="bbox 310 2671 1354 2723; baseline -0.001 -12"><span class='ocrx_word' id='word_1_277' title='bbox 310 2675 339 2712; x_wconf 79' lang='grc' dir='ltr'><em>η’</em></span> <span class='ocrx_word' id='word_1_278' title='bbox 354 2676 421 2723; x_wconf 85' lang='lat' dir='ltr'><em>sole</em></span> <span class='ocrx_word' id='word_1_279' title='bbox 440 2675 498 2711; x_wconf 85' lang='lat' dir='ltr'><em>vel</em></span> <span class='ocrx_word' id='word_1_280' title='bbox 516 2672 652 2718; x_wconf 87' lang='lat' dir='ltr'><em>cedria,</em></span> <span class='ocrx_word' id='word_1_281' title='bbox 680 2673 738 2709; x_wconf 85' lang='lat' dir='ltr'><em>vel</em></span> <span class='ocrx_word' id='word_1_282' title='bbox 749 2672 814 2708; x_wconf 89' lang='lat' dir='ltr'><em>oleo</em></span> <span class='ocrx_word' id='word_1_283' title='bbox 830 2671 962 2720; x_wconf 81' lang='lat' dir='ltr'><em>lentisci</em></span> <span class='ocrx_word' id='word_1_284' title='bbox 983 2671 1119 2709; x_wconf 84' lang='lat' dir='ltr'><em>linitur.</em></span> <span class='ocrx_word' id='word_1_285' title='bbox 1148 2674 1211 2711; x_wconf 86' lang='lat' dir='ltr'><em>ubi</em></span> <span class='ocrx_word' id='word_1_286' title='bbox 1235 2681 1354 2710; x_wconf 86' lang='lat' dir='ltr'><em>veter·</em></span> 
     </span>
     <span class='ocr_line' id='line_1_43' title="bbox 312 2722 1355 2773; baseline -0.002 -11"><span class='ocrx_word' id='word_1_287' title='bbox 312 2727 423 2764; x_wconf 82' lang='lat' dir='ltr'><em>rimus</em></span> <span class='ocrx_word' id='word_1_288' title='bbox 453 2725 571 2763; x_wconf 83' lang='lat' dir='ltr'><em>codex</em></span> <span class='ocrx_word' id='word_1_289' title='bbox 594 2752 604 2768; x_wconf 93' lang='lat'><strong>‚</strong></span> <span class='ocrx_word' id='word_1_290' title='bbox 639 2735 716 2773; x_wconf 86' lang='lat' dir='ltr'><em>quo</em></span> <span class='ocrx_word' id='word_1_291' title='bbox 738 2722 816 2760; x_wconf 90' lang='lat' dir='ltr'><em>sum</em></span> <span class='ocrx_word' id='word_1_292' title='bbox 848 2723 952 2765; x_wconf 86' lang='lat' dir='ltr'><em>usus,</em></span> <span class='ocrx_word' id='word_1_293' title='bbox 983 2722 1040 2758; x_wconf 78' lang='lat' dir='ltr'><em>vel</em></span> <span class='ocrx_word' id='word_1_294' title='bbox 1067 2723 1184 2766; x_wconf 56' lang='grc' dir='ltr'><em>σπίνω</em></span> <span class='ocrx_word' id='word_1_295' title='bbox 1221 2724 1259 2760; x_wconf 69' lang='grc' dir='ltr'><em>ὅ(</em></span> <span class='ocrx_word' id='word_1_296' title='bbox 1281 2723 1355 2760; x_wconf 85' lang='lat' dir='ltr'><em>hoc</em></span> 
     </span>
     <span class='ocr_line' id='line_1_44' title="bbox 315 2772 1356 2824; baseline -0.003 -11"><span class='ocrx_word' id='word_1_297' title='bbox 315 2788 383 2823; x_wconf 89' lang='lat' dir='ltr'><em>pro</em></span> <span class='ocrx_word' id='word_1_298' title='bbox 406 2777 527 2813; x_wconf 78' lang='lat' dir='ltr'><em>cedria.</em></span> <span class='ocrx_word' id='word_1_299' title='bbox 554 2774 752 2824; x_wconf 77' lang='lat' dir='ltr'><em>quomodo</em></span> <span class='ocrx_word' id='word_1_300' title='bbox 773 2781 848 2810; x_wconf 88' lang='lat' dir='ltr'><em>tam</em></span> <span class='ocrx_word' id='word_1_301' title='bbox 870 2774 905 2810; x_wconf 88' lang='lat' dir='ltr'><em>in</em></span> <span class='ocrx_word' id='word_1_302' title='bbox 922 2772 1077 2810; x_wconf 75' lang='lat' dir='ltr'><em>Nasonis</em></span> <span class='ocrx_word' id='word_1_303' title='bbox 1095 2786 1205 2822; x_wconf 81' lang='lat' dir='ltr'><em>quarn</em></span> <span class='ocrx_word' id='word_1_304' title='bbox 1219 2774 1256 2811; x_wconf 87' lang='lat' dir='ltr'><em>in</em></span> <span class='ocrx_word' id='word_1_305' title='bbox 1272 2774 1356 2810; x_wconf 85' lang='lat' dir='ltr'><em>Ho-</em></span> 
     </span>
     <span class='ocr_line' id='line_1_45' title="bbox 317 2823 1358 2875; baseline -0.001 -13"><span class='ocrx_word' id='word_1_306' title='bbox 317 2827 395 2863; x_wconf 69' lang='lat' dir='ltr'><em>ratii</em></span> <span class='ocrx_word' id='word_1_307' title='bbox 424 2827 512 2863; x_wconf 84' lang='lat' dir='ltr'><em>locis</em></span> <span class='ocrx_word' id='word_1_308' title='bbox 530 2827 605 2875; x_wconf 83' lang='lat' dir='ltr'><em>jam</em></span> <span class='ocrx_word' id='word_1_309' title='bbox 640 2825 799 2873; x_wconf 83' lang='lat' dir='ltr'><em>prolatis.</em></span> <span class='ocrx_word' id='word_1_310' title='bbox 837 2823 986 2861; x_wconf 83' lang='lat' dir='ltr'><em>cedrino</em></span> <span class='ocrx_word' id='word_1_311' title='bbox 1009 2825 1106 2861; x_wconf 82' lang='lat' dir='ltr'><em>enim</em></span> <span class='ocrx_word' id='word_1_312' title='bbox 1134 2825 1222 2861; x_wconf 89' lang='lat' dir='ltr'><em>oleo</em></span> <span class='ocrx_word' id='word_1_313' title='bbox 1244 2836 1358 2872; x_wconf 80' lang='lat' dir='ltr'><em>unge-</em></span> 
     </span>
     <span class='ocr_line' id='line_1_46' title="bbox 317 2873 1360 2921; baseline -0.001 -8"><span class='ocrx_word' id='word_1_314' title='bbox 317 2876 446 2914; x_wconf 78' lang='lat' dir='ltr'><em>bantur</em></span> <span class='ocrx_word' id='word_1_315' title='bbox 466 2877 544 2913; x_wconf 78' lang='lat' dir='ltr'><em>libri</em></span> <span class='ocrx_word' id='word_1_316' title='bbox 567 2905 577 2921; x_wconf 91' lang='lat'><strong>,</strong></span> <span class='ocrx_word' id='word_1_317' title='bbox 614 2885 653 2913; x_wconf 84' lang='lat' dir='ltr'><em>ut</em></span> <span class='ocrx_word' id='word_1_318' title='bbox 676 2876 782 2913; x_wconf 77' lang='lat' dir='ltr'><em>cariei</em></span> <span class='ocrx_word' id='word_1_319' title='bbox 803 2873 1002 2912; x_wconf 79' lang='lat' dir='ltr'><em>resisterent</em></span> <span class='ocrx_word' id='word_1_320' title='bbox 1039 2886 1080 2912; x_wconf 85' lang='lat' dir='ltr'><em>ac</em></span> <span class='ocrx_word' id='word_1_321' title='bbox 1108 2876 1226 2913; x_wconf 82' lang='lat' dir='ltr'><em>tineis.</em></span> <span class='ocrx_word' id='word_1_322' title='bbox 1290 2875 1360 2912; x_wconf 91' lang='lat' dir='ltr'><em>Vi-</em></span> 
     </span>
     <span class='ocr_line' id='line_1_47' title="bbox 318 2925 1365 2975; baseline -0.002 -11"><span class='ocrx_word' id='word_1_323' title='bbox 318 2928 458 2964; x_wconf 72' lang='lat' dir='ltr'><em>truvius</em></span> <span class='ocrx_word' id='word_1_324' title='bbox 478 2927 569 2964; x_wconf 62' lang='lat' dir='ltr'><em>libro</em></span> <span class='ocrx_word' id='word_1_325' title='bbox 592 2939 637 2964; x_wconf 80' lang='lat'><em>11.</em></span> <span class='ocrx_word' id='word_1_326' title='bbox 660 2938 735 2975; x_wconf 76' lang='lat' dir='ltr'><em>cap.</em></span> <span class='ocrx_word' id='word_1_327' title='bbox 755 2938 790 2972; x_wconf 82' lang='lat'><em>9.</em></span> <span class='ocrx_word' id='word_1_328' title='bbox 831 2925 1136 2972; x_wconf 54' lang='lat' dir='ltr'><em>§Quemadmodum</em></span> <span class='ocrx_word' id='word_1_329' title='bbox 1158 2940 1199 2963; x_wconf 75' lang='lat' dir='ltr'><em>ex</em></span> <span class='ocrx_word' id='word_1_330' title='bbox 1219 2927 1365 2975; x_wconf 63' lang='lat' dir='ltr'><em>cupressu</em></span> 
     </span>
     <span class='ocr_line' id='line_1_48' title="bbox 320 2975 1362 3027; baseline 0.001 -15"><span class='ocrx_word' id='word_1_331' title='bbox 320 2989 364 3017; x_wconf 66' lang='lat' dir='ltr'><em>ey</em></span> <span class='ocrx_word' id='word_1_332' title='bbox 380 2978 464 3026; x_wconf 79' lang='lat' dir='ltr'><em>pinu</em></span> <span class='ocrx_word' id='word_1_333' title='bbox 485 2975 591 3024; x_wconf 77' lang='lat' dir='ltr'><em>rcfina</em></span> <span class='ocrx_word' id='word_1_334' title='bbox 607 3004 615 3020; x_wconf 91' lang='lat'>‚</span> <span class='ocrx_word' id='word_1_335' title='bbox 632 2976 679 3024; x_wconf 79' lang='lat' dir='ltr'><em>fic</em></span> <span class='ocrx_word' id='word_1_336' title='bbox 695 2992 735 3012; x_wconf 76' lang='lat' dir='ltr'><em>ex</em></span> <span class='ocrx_word' id='word_1_337' title='bbox 754 2976 847 3013; x_wconf 82' lang='lat' dir='ltr'><em>cedro</em></span> <span class='ocrx_word' id='word_1_338' title='bbox 866 2977 974 3013; x_wconf 74' lang='lat' dir='ltr'><em>oleum</em></span> <span class='ocrx_word' id='word_1_339' title='bbox 988 3005 997 3021; x_wconf 88' lang='lat'><strong>,</strong></span> <span class='ocrx_word' id='word_1_340' title='bbox 1027 2978 1117 3027; x_wconf 78' lang='lat' dir='ltr'><em>quod</em></span> <span class='ocrx_word' id='word_1_341' title='bbox 1138 2977 1289 3014; x_wconf 69' lang='lat' dir='ltr'><em>cedrium</em></span> <span class='ocrx_word' id='word_1_342' title='bbox 1311 2978 1362 3013; x_wconf 82' lang='lat' dir='ltr'><em>di-</em></span> 
     </span>
     <span class='ocr_line' id='line_1_49' title="bbox 324 3028 1364 3075; baseline 0 -11"><span class='ocrx_word' id='word_1_343' title='bbox 324 3029 436 3071; x_wconf 82' lang='lat' dir='ltr'><em>citur,</em></span> <span class='ocrx_word' id='word_1_344' title='bbox 466 3028 628 3075; x_wconf 69' lang='lat' dir='ltr'><em>nascitur.</em></span> <span class='ocrx_word' id='word_1_345' title='bbox 656 3040 720 3073; x_wconf 68' lang='lat'><em>‘5³10</em></span> <span class='ocrx_word' id='word_1_346' title='bbox 747 3028 899 3075; x_wconf 78' lang='lat' dir='ltr'><em>reliquae</em></span> <span class='ocrx_word' id='word_1_347' title='bbox 925 3042 998 3071; x_wconf 85' lang='lat' dir='ltr'><em>rcs,</em></span> <span class='ocrx_word' id='word_1_348' title='bbox 1027 3041 1103 3063; x_wconf 72' lang='lat' dir='ltr'><em>cum</em></span> <span class='ocrx_word' id='word_1_349' title='bbox 1127 3028 1196 3074; x_wconf 83' lang='lat' dir='ltr'><em>fint</em></span> <span class='ocrx_word' id='word_1_350' title='bbox 1218 3030 1364 3071; x_wconf 58' lang='lat' dir='ltr'><em>finitae,</em></span> 
     </span>
     <span class='ocr_line' id='line_1_50' title="bbox 326 3076 1364 3118; baseline -0.001 -2"><span class='ocrx_word' id='word_1_351' title='bbox 326 3080 380 3116; x_wconf 85' lang='lat' dir='ltr'><em>uti</em></span> <span class='ocrx_word' id='word_1_352' title='bbox 398 3079 503 3115; x_wconf 66' lang='lat' dir='ltr'><em>eziam</em></span> <span class='ocrx_word' id='word_1_353' title='bbox 526 3077 605 3113; x_wconf 87' lang='lat' dir='ltr'><em>libri</em></span> <span class='ocrx_word' id='word_1_354' title='bbox 628 3105 638 3118; x_wconf 92' lang='lat'>,</span> <span class='ocrx_word' id='word_1_355' title='bbox 673 3076 696 3112; x_wconf 73' lang='lat' dir='ltr'><em>a</em></span> <span class='ocrx_word' id='word_1_356' title='bbox 719 3078 818 3113; x_wconf 66' lang='lat' dir='ltr'><em>tineis</em></span> <span class='ocrx_word' id='word_1_357' title='bbox 838 3089 879 3115; x_wconf 62' lang='lat'><em>‹2⁷-</em></span> <span class='ocrx_word' id='word_1_358' title='bbox 910 3078 933 3112; x_wconf 70' lang='lat' dir='ltr'><em>ic</em></span> <span class='ocrx_word' id='word_1_359' title='bbox 954 3078 1043 3113; x_wconf 81' lang='lat' dir='ltr'><em>carie</em></span> <span class='ocrx_word' id='word_1_360' title='bbox 1070 3092 1135 3114; x_wconf 81' lang='lat' dir='ltr'><em>non</em></span> <span class='ocrx_word' id='word_1_361' title='bbox 1166 3079 1364 3116; x_wconf 72' lang='lat' dir='ltr'><em>laedamur.</em></span> 
     </span>
     <span class='ocr_line' id='line_1_51' title="bbox 328 3127 1368 3177; baseline 0 -11"><span class='ocrx_word' id='word_1_362' title='bbox 328 3130 480 3167; x_wconf 82' lang='lat' dir='ltr'><em>cedratcs</em></span> <span class='ocrx_word' id='word_1_363' title='bbox 498 3128 598 3165; x_wconf 81' lang='lat' dir='ltr'><em>libros</em></span> <span class='ocrx_word' id='word_1_364' title='bbox 619 3128 708 3164; x_wconf 77' lang='lat' dir='ltr'><em>dixit</em></span> <span class='ocrx_word' id='word_1_365' title='bbox 735 3127 868 3164; x_wconf 79' lang='lat' dir='ltr'><em>Plinius</em></span> <span class='ocrx_word' id='word_1_366' title='bbox 896 3127 987 3164; x_wconf 74' lang='lat' dir='ltr'><em>libro</em></span> <span class='ocrx_word' id='word_1_367' title='bbox 1006 3140 1091 3165; x_wconf 73' lang='lat' dir='ltr'>xxxx.</span> <span class='ocrx_word' id='word_1_368' title='bbox 1122 3141 1198 3177; x_wconf 79' lang='lat' dir='ltr'><em>cap.</em></span> <span class='ocrx_word' id='word_1_369' title='bbox 1223 3142 1278 3173; x_wconf 62' lang='grc' dir='ltr'><em>η.</em></span> <span class='ocrx_word' id='word_1_370' title='bbox 1304 3130 1368 3166; x_wconf 75' lang='lat' dir='ltr'><em>&#39;ce-</em></span> 
     </span>
     <span class='ocr_line' id='line_1_52' title="bbox 329 3173 1368 3229; baseline -0.002 -10"><span class='ocrx_word' id='word_1_371' title='bbox 329 3181 383 3219; x_wconf 85' lang='lat' dir='ltr'><em>dri</em></span> <span class='ocrx_word' id='word_1_372' title='bbox 403 3181 489 3218; x_wconf 84' lang='lat' dir='ltr'><em>olco</em></span> <span class='ocrx_word' id='word_1_373' title='bbox 521 3177 728 3226; x_wconf 73' lang='lat' dir='ltr'><em>perune&#39;los.</em></span> <span class='ocrx_word' id='word_1_374' title='bbox 779 3182 823 3213; x_wconf 74' lang='lat' dir='ltr'><em>Et</em></span> <span class='ocrx_word' id='word_1_375' title='bbox 851 3176 952 3214; x_wconf 71' lang='lat' dir='ltr'><em>libres</em></span> <span class='ocrx_word' id='word_1_376' title='bbox 981 3173 1264 3229; x_wconf 58' lang='lat' dir='ltr'><em>cedmtosseeiffe&#39;,</em></span> <span class='ocrx_word' id='word_1_377' title='bbox 1292 3190 1368 3229; x_wconf 78' lang='lat' dir='ltr'><em>pro·</em></span> 
     </span>
     <span class='ocr_line' id='line_1_53' title="bbox 327 3227 1370 3282; baseline -0.001 -12"><span class='ocrx_word' id='word_1_378' title='bbox 327 3242 439 3282; x_wconf 82' lang='lat' dir='ltr'><em>pterea</em></span> <span class='ocrx_word' id='word_1_379' title='bbox 461 3230 628 3267; x_wconf 81' lang='lat' dir='ltr'><em>arbitrari</em></span> <span class='ocrx_word' id='word_1_380' title='bbox 649 3241 689 3267; x_wconf 68' lang='lat' dir='ltr'><em>c·</em></span> <span class='ocrx_word' id='word_1_381' title='bbox 713 3227 821 3264; x_wconf 79' lang='lat' dir='ltr'><em>tineas</em></span> <span class='ocrx_word' id='word_1_382' title='bbox 846 3241 912 3263; x_wconf 83' lang='lat' dir='ltr'><em>non</em></span> <span class='ocrx_word' id='word_1_383' title='bbox 933 3230 1076 3278; x_wconf 57' lang='lat' dir='ltr'><em>tctigjsyh.</em></span> <span class='ocrx_word' id='word_1_384' title='bbox 1108 3230 1208 3268; x_wconf 73' lang='lat' dir='ltr'><em>idem</em></span> <span class='ocrx_word' id='word_1_385' title='bbox 1235 3233 1370 3269; x_wconf 63' lang='lat' dir='ltr'><em>Plinius</em></span> 
     </span>
     <span class='ocr_line' id='line_1_54' title="bbox 315 3278 1372 3328; baseline -0.003 -6"><span class='ocrx_word' id='word_1_386' title='bbox 315 3286 422 3322; x_wconf 51' lang='lat' dir='ltr'><em>‘libro</em></span> <span class='ocrx_word' id='word_1_387' title='bbox 443 3293 523 3319; x_wconf 75' lang='lat' dir='ltr'><em>xvr.</em></span> <span class='ocrx_word' id='word_1_388' title='bbox 544 3292 619 3327; x_wconf 80' lang='lat' dir='ltr'><em>cap.</em></span> <span class='ocrx_word' id='word_1_389' title='bbox 645 3291 701 3328; x_wconf 73' lang='lat'><em>39.</em></span> <span class='ocrx_word' id='word_1_390' title='bbox 738 3279 843 3316; x_wconf 84' lang='lat' dir='ltr'><em>Cedri</em></span> <span class='ocrx_word' id='word_1_391' title='bbox 861 3278 928 3313; x_wconf 70' lang='lat' dir='ltr'><em>cleo</em></span> <span class='ocrx_word' id='word_1_392' title='bbox 945 3283 1111 3327; x_wconf 55' lang='lat' dir='ltr'><em>peranda</em></span> <span class='ocrx_word' id='word_1_393' title='bbox 1133 3284 1293 3319; x_wconf 83' lang='lat' dir='ltr'><em>materies</em></span> <span class='ocrx_word' id='word_1_394' title='bbox 1315 3295 1372 3319; x_wconf 86' lang='lat' dir='ltr'><em>nec</em></span> 
     </span>
     <span class='ocr_line' id='line_1_55' title="bbox 332 3330 1373 3380; baseline 0 -7"><span class='ocrx_word' id='word_1_395' title='bbox 332 3336 463 3373; x_wconf 84' lang='lat' dir='ltr'><em>tineam</em></span> <span class='ocrx_word' id='word_1_396' title='bbox 477 3345 568 3379; x_wconf 78' lang='lat' dir='ltr'><em>„nec</em></span> <span class='ocrx_word' id='word_1_397' title='bbox 587 3332 711 3372; x_wconf 76' lang='lat' dir='ltr'><em>cariem</em></span> <span class='ocrx_word' id='word_1_398' title='bbox 717 3330 839 3380; x_wconf 77' lang='lat' dir='ltr'><em>sentit.</em></span> <span class='ocrx_word' id='word_1_399' title='bbox 865 3330 966 3380; x_wconf 86' lang='lat' dir='ltr'><em>quod</em></span> <span class='ocrx_word' id='word_1_400' title='bbox 993 3331 1105 3380; x_wconf 81' lang='lat' dir='ltr'><em>igitur</em></span> <span class='ocrx_word' id='word_1_401' title='bbox 1135 3333 1311 3373; x_wconf 86' lang='lat' dir='ltr'><em>Vitruvio</em></span> <span class='ocrx_word' id='word_1_402' title='bbox 1332 3344 1373 3373; x_wconf 82' lang='lat' dir='ltr'><em>ac</em></span> 
     </span>
    </p>
   </div>
   <div class='ocr_carea' id='block_1_10' title="bbox 2339 583 2442 696">
    <p class='ocr_par' dir='ltr' id='par_1_14' title="bbox 2339 583 2442 696">
     <span class='ocr_line' id='line_1_56' title="bbox 2339 583 2442 696; baseline 0.029 -17"><span class='ocrx_word' id='word_1_403' title='bbox 2339 583 2442 696; x_wconf 42' lang='lat' dir='ltr'><em>Fea,</em></span> 
     </span>
    </p>
   </div>
   <div class='ocr_carea' id='block_1_11' title="bbox 1385 754 2450 909">
    <p class='ocr_par' dir='ltr' id='par_1_15' title="bbox 1385 754 2450 909">
     <span class='ocr_line' id='line_1_57' title="bbox 1385 754 2450 804; baseline 0.003 -10"><span class='ocrx_word' id='word_1_404' title='bbox 1385 757 1507 796; x_wconf 86' lang='lat' dir='ltr'><em>Plinio</em></span> <span class='ocrx_word' id='word_1_405' title='bbox 1537 756 1627 795; x_wconf 80' lang='lat' dir='ltr'><em>cedri</em></span> <span class='ocrx_word' id='word_1_406' title='bbox 1655 756 1720 793; x_wconf 87' lang='lat' dir='ltr'><em>oleo</em></span> <span class='ocrx_word' id='word_1_407' title='bbox 1750 754 1833 803; x_wconf 81' lang='lat' dir='ltr'><em>ungi</em></span> <span class='ocrx_word' id='word_1_408' title='bbox 1860 754 1920 793; x_wconf 82' lang='lat' dir='ltr'><em>seu</em></span> <span class='ocrx_word' id='word_1_409' title='bbox 1945 755 2113 804; x_wconf 82' lang='lat' dir='ltr'><em>perungi,</em></span> <span class='ocrx_word' id='word_1_410' title='bbox 2145 755 2181 794; x_wconf 87' lang='lat' dir='ltr'><em>id</em></span> <span class='ocrx_word' id='word_1_411' title='bbox 2211 756 2370 800; x_wconf 79' lang='lat' dir='ltr'><em>Horatio</em></span> <span class='ocrx_word' id='word_1_412' title='bbox 2396 776 2450 804; x_wconf 76' lang='lat' dir='ltr'><em>ac.-</em></span> 
     </span>
     <span class='ocr_line' id='line_1_58' title="bbox 1388 806 2437 856; baseline 0.002 -8"><span class='ocrx_word' id='word_1_413' title='bbox 1388 809 1525 847; x_wconf 87' lang='lat' dir='ltr'><em>Nostro</em></span> <span class='ocrx_word' id='word_1_414' title='bbox 1544 807 1609 844; x_wconf 77' lang='lat' dir='ltr'><em>lim·</em></span> <span class='ocrx_word' id='word_1_415' title='bbox 1629 808 1722 844; x_wconf 83' lang='lat' dir='ltr'><em>cedro</em></span> <span class='ocrx_word' id='word_1_416' title='bbox 1743 806 1886 844; x_wconf 86' lang='lat' dir='ltr'><em>dicitur.</em></span> <span class='ocrx_word' id='word_1_417' title='bbox 1924 807 2018 843; x_wconf 84' lang='lat' dir='ltr'><em>cedro</em></span> <span class='ocrx_word' id='word_1_418' title='bbox 2036 808 2177 856; x_wconf 77' lang='lat' dir='ltr'><em>perungi</em></span> <span class='ocrx_word' id='word_1_419' title='bbox 2199 809 2356 850; x_wconf 81' lang='lat' dir='ltr'><em>Martiali</em></span> <span class='ocrx_word' id='word_1_420' title='bbox 2375 814 2437 855; x_wconf 80' lang='lat' dir='ltr'><em>lib-.-</em></span> 
     </span>
     <span class='ocr_line' id='line_1_59' title="bbox 1389 857 1974 909; baseline -0.005 -12"><span class='ocrx_word' id='word_1_421' title='bbox 1389 872 1453 899; x_wconf 89' lang='lat'>111.</span> <span class='ocrx_word' id='word_1_422' title='bbox 1481 860 1551 909; x_wconf 87' lang='lat' dir='ltr'><em>Ep.</em></span> <span class='ocrx_word' id='word_1_423' title='bbox 1572 871 1616 896; x_wconf 86' lang='lat'><em>11.</em></span> <span class='ocrx_word' id='word_1_424' title='bbox 1634 859 1678 896; x_wconf 88' lang='lat' dir='ltr'><em>ad</em></span> <span class='ocrx_word' id='word_1_425' title='bbox 1694 857 1824 896; x_wconf 87' lang='lat' dir='ltr'><em>librum</em></span> <span class='ocrx_word' id='word_1_426' title='bbox 1847 857 1974 896; x_wconf 87' lang='lat' dir='ltr'><em>suum:</em></span> 
     </span>
    </p>
   </div>
   <div class='ocr_carea' id='block_1_12' title="bbox 1440 921 2147 972">
    <p class='ocr_par' dir='ltr' id='par_1_16' title="bbox 1440 921 2147 972">
     <span class='ocr_line' id='line_1_60' title="bbox 1440 921 2147 972; baseline 0 -13"><span class='ocrx_word' id='word_1_427' title='bbox 1440 921 1550 959; x_wconf 87' lang='lat' dir='ltr'><em>Cedro</em></span> <span class='ocrx_word' id='word_1_428' title='bbox 1571 935 1663 959; x_wconf 83' lang='lat' dir='ltr'><em>nunc</em></span> <span class='ocrx_word' id='word_1_429' title='bbox 1686 922 1764 958; x_wconf 86' lang='lat' dir='ltr'><em>licet</em></span> <span class='ocrx_word' id='word_1_430' title='bbox 1781 921 1936 959; x_wconf 79' lang='lat' dir='ltr'><em>ambules</em></span> <span class='ocrx_word' id='word_1_431' title='bbox 1948 924 2147 972; x_wconf 76' lang='lat' dir='ltr'><em>perunl&#39;lus.</em></span> 
     </span>
    </p>
   </div>
   <div class='ocr_carea' id='block_1_13' title="bbox 1387 988 2449 1141">
    <p class='ocr_par' dir='ltr' id='par_1_17' title="bbox 1387 988 2449 1141">
     <span class='ocr_line' id='line_1_61' title="bbox 1387 988 2449 1038; baseline 0 -10"><span class='ocrx_word' id='word_1_432' title='bbox 1387 989 1448 1028; x_wconf 85' lang='lat' dir='ltr'><em>ubi</em></span> <span class='ocrx_word' id='word_1_433' title='bbox 1469 990 1570 1038; x_wconf 90' lang='lat' dir='ltr'><em>plura</em></span> <span class='ocrx_word' id='word_1_434' title='bbox 1591 989 1635 1026; x_wconf 87' lang='lat' dir='ltr'><em>ad</em></span> <span class='ocrx_word' id='word_1_435' title='bbox 1654 1000 1730 1025; x_wconf 83' lang='lat' dir='ltr'><em>rem</em></span> <span class='ocrx_word' id='word_1_436' title='bbox 1751 988 1874 1026; x_wconf 74' lang='lat' dir='ltr'><em>habes.</em></span> <span class='ocrx_word' id='word_1_437' title='bbox 1902 988 2114 1027; x_wconf 74' lang='lat' dir='ltr'><em>Schoh‘astes</em></span> <span class='ocrx_word' id='word_1_438' title='bbox 2127 989 2449 1035; x_wconf 65' lang='lat' dir='ltr'><em>Persii,Carrnina.e</em></span> 
     </span>
     <span class='ocr_line' id='line_1_62' title="bbox 1387 1039 2440 1092; baseline 0.005 -15"><span class='ocrx_word' id='word_1_439' title='bbox 1387 1041 1494 1090; x_wconf 83' lang='lat' dir='ltr'><em>digna</em></span> <span class='ocrx_word' id='word_1_440' title='bbox 1515 1040 1610 1077; x_wconf 82' lang='lat' dir='ltr'><em>cedro</em></span> <span class='ocrx_word' id='word_1_441' title='bbox 1623 1068 1633 1085; x_wconf 91' lang='lat'><strong>,</strong></span> <span class='ocrx_word' id='word_1_442' title='bbox 1647 1039 1732 1077; x_wconf 82' lang='lat' dir='ltr'><em>ideo</em></span> <span class='ocrx_word' id='word_1_443' title='bbox 1752 1039 1843 1076; x_wconf 81' lang='lat' dir='ltr'><em>dicit</em></span> <span class='ocrx_word' id='word_1_444' title='bbox 1858 1067 1866 1083; x_wconf 93' lang='lat'><strong>‚</strong></span> <span class='ocrx_word' id='word_1_445' title='bbox 1880 1039 1972 1088; x_wconf 72' lang='lat' dir='ltr'><em>quod</em></span> <span class='ocrx_word' id='word_1_446' title='bbox 1991 1053 2062 1076; x_wconf 87' lang='lat' dir='ltr'><em>mos</em></span> <span class='ocrx_word' id='word_1_447' title='bbox 2080 1040 2172 1086; x_wconf 77' lang='lat' dir='ltr'><em>apud</em></span> <span class='ocrx_word' id='word_1_448' title='bbox 2193 1051 2321 1079; x_wconf 81' lang='lat' dir='ltr'><em>veteres</em></span> <span class='ocrx_word' id='word_1_449' title='bbox 2341 1054 2414 1082; x_wconf 84' lang='lat' dir='ltr'><em>erat</em></span> <span class='ocrx_word' id='word_1_450' title='bbox 2427 1072 2440 1092; x_wconf 82' lang='lat'><strong>,</strong></span> 
     </span>
     <span class='ocr_line' id='line_1_63' title="bbox 1388 1089 2448 1141; baseline 0.004 -12"><span class='ocrx_word' id='word_1_451' title='bbox 1388 1102 1428 1129; x_wconf 82' lang='lat' dir='ltr'><em>ut</em></span> <span class='ocrx_word' id='word_1_452' title='bbox 1447 1091 1610 1135; x_wconf 85' lang='lat' dir='ltr'><em>chartae,</em></span> <span class='ocrx_word' id='word_1_453' title='bbox 1638 1091 1675 1126; x_wconf 83' lang='lat' dir='ltr'><em>in</em></span> <span class='ocrx_word' id='word_1_454' title='bbox 1705 1089 1828 1139; x_wconf 84' lang='lat' dir='ltr'><em>quibus</em></span> <span class='ocrx_word' id='word_1_455' title='bbox 1848 1089 1977 1127; x_wconf 83' lang='lat' dir='ltr'><em>nobilia</em></span> <span class='ocrx_word' id='word_1_456' title='bbox 1999 1091 2157 1128; x_wconf 82' lang='lat' dir='ltr'><em>carmina</em></span> <span class='ocrx_word' id='word_1_457' title='bbox 2178 1091 2448 1141; x_wconf 83' lang='lat' dir='ltr'><em>scribebantur,.</em></span> 
     </span>
    </p>
   </div>
   <div class='ocr_carea' id='block_1_14' title="bbox 1389 1141 2448 1237">
    <p class='ocr_par' dir='ltr' id='par_1_18' title="bbox 1389 1141 2448 1237">
     <span class='ocr_line' id='line_1_64' title="bbox 1389 1141 2448 1189; baseline 0.002 -10"><span class='ocrx_word' id='word_1_458' title='bbox 1389 1143 1456 1179; x_wconf 87' lang='lat' dir='ltr'><em>oleo</em></span> <span class='ocrx_word' id='word_1_459' title='bbox 1484 1142 1618 1179; x_wconf 78' lang='lat' dir='ltr'><em>cedrino</em></span> <span class='ocrx_word' id='word_1_460' title='bbox 1637 1142 1900 1189; x_wconf 81' lang='lat' dir='ltr'><em>inungerentur.</em></span> <span class='ocrx_word' id='word_1_461' title='bbox 1932 1141 2121 1180; x_wconf 88' lang='lat' dir='ltr'><em>adeundus</em></span> <span class='ocrx_word' id='word_1_462' title='bbox 2141 1142 2375 1184; x_wconf 78' lang='lat' dir='ltr'><em>Casaubonus</em></span> <span class='ocrx_word' id='word_1_463' title='bbox 2392 1146 2448 1186; x_wconf 76' lang='lat' dir='ltr'><em>ad,</em></span> 
     </span>
     <span class='ocr_line' id='line_1_65' title="bbox 1390 1192 1967 1237; baseline -0.003 -6"><span class='ocrx_word' id='word_1_464' title='bbox 1390 1192 1554 1231; x_wconf 77' lang='lat' dir='ltr'><em>Persium</em></span> <span class='ocrx_word' id='word_1_465' title='bbox 1580 1205 1608 1230; x_wconf 89' lang='lat'><em>1.</em></span> <span class='ocrx_word' id='word_1_466' title='bbox 1641 1192 1712 1229; x_wconf 87' lang='lat' dir='ltr'><em>Sat.</em></span> <span class='ocrx_word' id='word_1_467' title='bbox 1732 1204 1791 1237; x_wconf 71' lang='lat'><em>42.</em></span> <span class='ocrx_word' id='word_1_468' title='bbox 1819 1192 1967 1230; x_wconf 64' lang='lat' dir='ltr'><em>Hzms.</em></span> 
     </span>
    </p>
   </div>
   <div class='ocr_carea' id='block_1_15' title="bbox 1391 1242 2438 1334">
    <p class='ocr_par' dir='ltr' id='par_1_19' title="bbox 1391 1242 2438 1334">
     <span class='ocr_line' id='line_1_66' title="bbox 1445 1242 2438 1295; baseline 0.005 -14"><span class='ocrx_word' id='word_1_469' title='bbox 1445 1258 1479 1293; x_wconf 84' lang='grc' dir='ltr'><em>ς.</em></span> <span class='ocrx_word' id='word_1_470' title='bbox 1506 1242 1719 1293; x_wconf 59' lang='lat' dir='ltr'><em>Purpurea]</em></span> <span class='ocrx_word' id='word_1_471' title='bbox 1749 1243 1888 1280; x_wconf 83' lang='lat' dir='ltr'><em>Contra</em></span> <span class='ocrx_word' id='word_1_472' title='bbox 1905 1242 2082 1282; x_wconf 81' lang='lat' dir='ltr'><em>Martialis</em></span> <span class='ocrx_word' id='word_1_473' title='bbox 2101 1244 2193 1283; x_wconf 87' lang='lat' dir='ltr'><em>libro</em></span> <span class='ocrx_word' id='word_1_474' title='bbox 2213 1256 2278 1284; x_wconf 79' lang='lat'>111.</span> <span class='ocrx_word' id='word_1_475' title='bbox 2306 1245 2374 1295; x_wconf 89' lang='lat' dir='ltr'><em>Ep.</em></span> <span class='ocrx_word' id='word_1_476' title='bbox 2394 1258 2438 1287; x_wconf 65' lang='lat' dir='ltr'><em>uz</em></span> 
     </span>
     <span class='ocr_line' id='line_1_67' title="bbox 1391 1294 1637 1334; baseline -0.008 0"><span class='ocrx_word' id='word_1_477' title='bbox 1391 1295 1436 1334; x_wconf 83' lang='lat' dir='ltr'><em>ad</em></span> <span class='ocrx_word' id='word_1_478' title='bbox 1452 1294 1637 1333; x_wconf 88' lang='lat' dir='ltr'><em>libellum:</em></span> 
     </span>
    </p>
   </div>
   <div class='ocr_carea' id='block_1_16' title="bbox 1390 1356 2008 1471">
    <p class='ocr_par' dir='ltr' id='par_1_20' title="bbox 1390 1356 2008 1471">
     <span class='ocr_line' id='line_1_68' title="bbox 1444 1356 2008 1407; baseline 0.002 -11"><span class='ocrx_word' id='word_1_479' title='bbox 1444 1363 1490 1396; x_wconf 73' lang='lat' dir='ltr'><em>Et</em></span> <span class='ocrx_word' id='word_1_480' title='bbox 1512 1369 1544 1395; x_wconf 74' lang='lat' dir='ltr'><em>se</em></span> <span class='ocrx_word' id='word_1_481' title='bbox 1558 1367 1712 1407; x_wconf 82' lang='lat' dir='ltr'><em>purpura</em></span> <span class='ocrx_word' id='word_1_482' title='bbox 1734 1356 1885 1395; x_wconf 82' lang='lat' dir='ltr'><em>delicata</em></span> <span class='ocrx_word' id='word_1_483' title='bbox 1905 1357 2008 1398; x_wconf 80' lang='lat' dir='ltr'><em>velet.</em></span> 
     </span>
     <span class='ocr_line' id='line_1_69' title="bbox 1390 1421 1836 1471; baseline -0.002 -12"><span class='ocrx_word' id='word_1_484' title='bbox 1390 1421 1495 1461; x_wconf 86' lang='lat' dir='ltr'><em>Idem</em></span> <span class='ocrx_word' id='word_1_485' title='bbox 1518 1422 1611 1460; x_wconf 86' lang='lat' dir='ltr'><em>libro</em></span> <span class='ocrx_word' id='word_1_486' title='bbox 1634 1434 1669 1460; x_wconf 86' lang='lat' dir='ltr'><em>v.</em></span> <span class='ocrx_word' id='word_1_487' title='bbox 1691 1422 1758 1471; x_wconf 85' lang='lat' dir='ltr'><em>Ep.</em></span> <span class='ocrx_word' id='word_1_488' title='bbox 1781 1433 1836 1459; x_wconf 81' lang='lat' dir='ltr'><em>vt.</em></span> 
     </span>
    </p>
   </div>
   <div class='ocr_carea' id='block_1_17' title="bbox 1444 1492 2085 1593">
    <p class='ocr_par' dir='ltr' id='par_1_21' title="bbox 1444 1492 2085 1593">
     <span class='ocr_line' id='line_1_70' title="bbox 1444 1492 2085 1542; baseline 0.002 -14"><span class='ocrx_word' id='word_1_489' title='bbox 1444 1494 1546 1540; x_wconf 50' lang='lat' dir='ltr'><em>Quae</em></span> <span class='ocrx_word' id='word_1_490' title='bbox 1566 1492 1662 1529; x_wconf 86' lang='lat' dir='ltr'><em>cedro</em></span> <span class='ocrx_word' id='word_1_491' title='bbox 1680 1492 1840 1529; x_wconf 84' lang='lat' dir='ltr'><em>decorata</em></span> <span class='ocrx_word' id='word_1_492' title='bbox 1852 1500 2085 1542; x_wconf 83' lang='lat' dir='ltr'><em>purpuraque.</em></span> 
     </span>
     <span class='ocr_line' id='line_1_71' title="bbox 1445 1542 2045 1593; baseline 0.002 -13"><span class='ocrx_word' id='word_1_493' title='bbox 1445 1544 1565 1592; x_wconf 81' lang='lat' dir='ltr'><em>Nigris</em></span> <span class='ocrx_word' id='word_1_494' title='bbox 1582 1543 1711 1593; x_wconf 85' lang='lat' dir='ltr'><em>pagina</em></span> <span class='ocrx_word' id='word_1_495' title='bbox 1731 1542 1840 1579; x_wconf 80' lang='lat' dir='ltr'><em>crevit</em></span> <span class='ocrx_word' id='word_1_496' title='bbox 1863 1543 2045 1581; x_wconf 82' lang='lat' dir='ltr'><em>umbilicis.</em></span> 
     </span>
    </p>
   </div>
   <div class='ocr_carea' id='block_1_18' title="bbox 1397 1606 2465 2141">
    <p class='ocr_par' dir='ltr' id='par_1_22' title="bbox 1397 1606 2465 2141">
     <span class='ocr_line' id='line_1_72' title="bbox 1397 1606 2451 1660; baseline 0.008 -16"><span class='ocrx_word' id='word_1_497' title='bbox 1397 1607 1529 1644; x_wconf 86' lang='lat' dir='ltr'><em>Statius</em></span> <span class='ocrx_word' id='word_1_498' title='bbox 1552 1606 1653 1645; x_wconf 88' lang='lat' dir='ltr'><em>Lusu</em></span> <span class='ocrx_word' id='word_1_499' title='bbox 1684 1606 1917 1645; x_wconf 79' lang='lat' dir='ltr'><em>Saturnalitio</em></span> <span class='ocrx_word' id='word_1_500' title='bbox 1948 1607 1993 1644; x_wconf 91' lang='lat' dir='ltr'><em>ad</em></span> <span class='ocrx_word' id='word_1_501' title='bbox 2028 1608 2191 1646; x_wconf 89' lang='lat' dir='ltr'><em>Plotium</em></span> <span class='ocrx_word' id='word_1_502' title='bbox 2235 1610 2451 1660; x_wconf 74' lang='lat' dir='ltr'><em>Grippumi-</em></span> 
     </span>
     <span class='ocr_line' id='line_1_73' title="bbox 1397 1657 2454 1708; baseline 0.006 -12"><span class='ocrx_word' id='word_1_503' title='bbox 1397 1657 1517 1705; x_wconf 85' lang='lat' dir='ltr'><em>Noster</em></span> <span class='ocrx_word' id='word_1_504' title='bbox 1542 1668 1728 1707; x_wconf 81' lang='lat' dir='ltr'><em>purpureus</em></span> <span class='ocrx_word' id='word_1_505' title='bbox 1754 1671 1930 1708; x_wconf 78' lang='lat' dir='ltr'><em>novusque</em></span> <span class='ocrx_word' id='word_1_506' title='bbox 1962 1657 2096 1697; x_wconf 80' lang='lat' dir='ltr'><em>charta.</em></span> <span class='ocrx_word' id='word_1_507' title='bbox 2137 1660 2321 1699; x_wconf 81' lang='lat' dir='ltr'><em>Lucianus</em></span> <span class='ocrx_word' id='word_1_508' title='bbox 2351 1663 2454 1702; x_wconf 56' lang='lat' dir='ltr'><em>libro*</em></span> 
     </span>
     <span class='ocr_line' id='line_1_74' title="bbox 1400 1708 2455 1762; baseline 0.003 -15"><span class='ocrx_word' id='word_1_509' title='bbox 1400 1709 1446 1747; x_wconf 90' lang='lat' dir='ltr'><em>de</em></span> <span class='ocrx_word' id='word_1_510' title='bbox 1478 1709 1704 1757; x_wconf 73' lang='lat' dir='ltr'><em>philosophis</em></span> <span class='ocrx_word' id='word_1_511' title='bbox 1731 1709 1968 1747; x_wconf 86' lang='lat' dir='ltr'><em>Mercenariis</em></span> <span class='ocrx_word' id='word_1_512' title='bbox 1996 1722 2004 1746; x_wconf 74' lang='grc' dir='ltr'><strong><em>ι</em></strong></span> <span class='ocrx_word' id='word_1_513' title='bbox 2034 1708 2170 1762; x_wconf 72' lang='grc' dir='ltr'><strong><em>Ὅμοιοι</em></strong></span> <span class='ocrx_word' id='word_1_514' title='bbox 2192 1716 2256 1756; x_wconf 74' lang='grc' dir='ltr'><em>τοῖς</em></span> <span class='ocrx_word' id='word_1_515' title='bbox 2276 1713 2455 1758; x_wconf 54' lang='lat' dir='ltr'><em>nauale-055.</em></span> 
     </span>
     <span class='ocr_line' id='line_1_75' title="bbox 1400 1761 2465 1821; baseline 0.005 -18"><span class='ocrx_word' id='word_1_516' title='bbox 1400 1765 1558 1814; x_wconf 62' lang='grc' dir='ltr'><em>βιέλίοις,</em></span> <span class='ocrx_word' id='word_1_517' title='bbox 1589 1761 1626 1803; x_wconf 62' lang='grc' dir='ltr'><em>οἷν</em></span> <span class='ocrx_word' id='word_1_518' title='bbox 1644 1769 1761 1815; x_wconf 62' lang='lat' dir='ltr'><em>xpm-0)</em></span> <span class='ocrx_word' id='word_1_519' title='bbox 1781 1766 1841 1813; x_wconf 66' lang='grc' dir='ltr'><em>μὲν</em></span> <span class='ocrx_word' id='word_1_520' title='bbox 1861 1767 1888 1804; x_wconf 86' lang='lat' dir='ltr'><em>oi</em></span> <span class='ocrx_word' id='word_1_521' title='bbox 1910 1769 2060 1817; x_wconf 67' lang='grc' dir='ltr'><em>ὃμφαλοὶ</em></span> <span class='ocrx_word' id='word_1_522' title='bbox 2074 1797 2085 1817; x_wconf 81' lang='lat'>,</span> <span class='ocrx_word' id='word_1_523' title='bbox 2116 1770 2268 1821; x_wconf 67' lang='grc' dir='ltr'><em>πορφυξᾶἱ</em></span> <span class='ocrx_word' id='word_1_524' title='bbox 2285 1770 2326 1817; x_wconf 66' lang='lat' dir='ltr'><em>dL&#39;</em></span> <span class='ocrx_word' id='word_1_525' title='bbox 2349 1769 2444 1808; x_wconf 70' lang='lat' dir='ltr'><em>&#39;invo-</em></span> <span class='ocrx_word' id='word_1_526' title='bbox 2463 1795 2465 1797; x_wconf 96' lang='lat'>·</span> 
     </span>
     <span class='ocr_line' id='line_1_76' title="bbox 1401 1819 2446 1875; baseline 0.002 -15"><span class='ocrx_word' id='word_1_527' title='bbox 1401 1825 1480 1860; x_wconf 65' lang='grc' dir='ltr'><em>σθεν</em></span> <span class='ocrx_word' id='word_1_528' title='bbox 1499 1822 1515 1863; x_wconf 74' lang='grc' dir='ltr'><strong><em>ἦ</em></strong></span> <span class='ocrx_word' id='word_1_529' title='bbox 1535 1819 1693 1871; x_wconf 59' lang='grc' dir='ltr'><em>διφθέραι,</em></span> <span class='ocrx_word' id='word_1_530' title='bbox 1752 1819 1885 1859; x_wconf 83' lang='lat' dir='ltr'><em>Similes</em></span> <span class='ocrx_word' id='word_1_531' title='bbox 1908 1821 2150 1870; x_wconf 80' lang='lat' dir='ltr'><em>pulcherrimis</em></span> <span class='ocrx_word' id='word_1_532' title='bbox 2179 1822 2302 1860; x_wconf 67' lang='lat' dir='ltr'><em>lilellfs</em></span> <span class='ocrx_word' id='word_1_533' title='bbox 2321 1852 2331 1868; x_wconf 92' lang='lat'><strong>,</strong></span> <span class='ocrx_word' id='word_1_534' title='bbox 2368 1824 2446 1875; x_wconf 83' lang='lat' dir='ltr'><em>qui-</em></span> 
     </span>
     <span class='ocr_line' id='line_1_77' title="bbox 1399 1875 2445 1930; baseline 0.007 -18"><span class='ocrx_word' id='word_1_535' title='bbox 1399 1875 1460 1913; x_wconf 86' lang='lat' dir='ltr'><em>bus</em></span> <span class='ocrx_word' id='word_1_536' title='bbox 1478 1877 1575 1913; x_wconf 88' lang='lat' dir='ltr'><em>aurei</em></span> <span class='ocrx_word' id='word_1_537' title='bbox 1595 1875 1752 1913; x_wconf 83' lang='lat' dir='ltr'><em>umbilici</em></span> <span class='ocrx_word' id='word_1_538' title='bbox 1773 1887 1816 1915; x_wconf 60' lang='lat' dir='ltr'><em>co*</em></span> <span class='ocrx_word' id='word_1_539' title='bbox 1833 1886 2003 1927; x_wconf 83' lang='lat' dir='ltr'><em>purpurea</em></span> <span class='ocrx_word' id='word_1_540' title='bbox 2023 1879 2194 1930; x_wconf 83' lang='lat' dir='ltr'><em>extrorsus</em></span> <span class='ocrx_word' id='word_1_541' title='bbox 2210 1879 2316 1924; x_wconf 84' lang='lat' dir='ltr'><em>pellis.</em></span> <span class='ocrx_word' id='word_1_542' title='bbox 2341 1879 2445 1919; x_wconf 88' lang='lat' dir='ltr'><em>Idem</em></span> 
     </span>
     <span class='ocr_line' id='line_1_78' title="bbox 1399 1926 2447 1978; baseline 0.005 -14"><span class='ocrx_word' id='word_1_543' title='bbox 1399 1927 1445 1965; x_wconf 88' lang='lat' dir='ltr'><em>ad</em></span> <span class='ocrx_word' id='word_1_544' title='bbox 1464 1926 1677 1975; x_wconf 87' lang='lat' dir='ltr'><em>imperitum</em></span> <span class='ocrx_word' id='word_1_545' title='bbox 1699 1927 1808 1966; x_wconf 82' lang='lat' dir='ltr'><em>libros</em></span> <span class='ocrx_word' id='word_1_546' title='bbox 1829 1931 2113 1968; x_wconf 86' lang='lat' dir='ltr'><em>emturientem:</em></span> <span class='ocrx_word' id='word_1_547' title='bbox 2149 1928 2273 1970; x_wconf 67' lang='grc' dir='ltr'>Βιέλίω</span> <span class='ocrx_word' id='word_1_548' title='bbox 2304 1929 2447 1978; x_wconf 52' lang='lat' dir='ltr'><em>aalysiae</em></span> 
     </span>
     <span class='ocr_line' id='line_1_79' title="bbox 1401 1982 2445 2039; baseline 0.005 -19"><span class='ocrx_word' id='word_1_549' title='bbox 1401 1992 1454 2020; x_wconf 81' lang='grc' dir='ltr'><em>λον</em></span> <span class='ocrx_word' id='word_1_550' title='bbox 1475 1986 1639 2034; x_wconf 55' lang='grc' dir='ltr'><em>πορφυρᾶν</em></span> <span class='ocrx_word' id='word_1_551' title='bbox 1658 1985 1715 2033; x_wconf 72' lang='grc' dir='ltr'><em>μὲν</em></span> <span class='ocrx_word' id='word_1_552' title='bbox 1726 1982 1801 2033; x_wconf 76' lang='grc' dir='ltr'>’ἔχον</span> <span class='ocrx_word' id='word_1_553' title='bbox 1821 1983 1873 2025; x_wconf 69' lang='grc' dir='ltr'><em>τῆν</em></span> <span class='ocrx_word' id='word_1_554' title='bbox 1892 1982 2035 2038; x_wconf 59' lang='grc' dir='ltr'><em>διφθέραν</em></span> <span class='ocrx_word' id='word_1_555' title='bbox 2048 2016 2058 2037; x_wconf 75' lang='lat'>,</span> <span class='ocrx_word' id='word_1_556' title='bbox 2072 1991 2198 2039; x_wconf 64' lang='grc' dir='ltr'><em>χςυνὲν</em></span> <span class='ocrx_word' id='word_1_557' title='bbox 2210 1995 2227 2037; x_wconf 63' lang='lat' dir='ltr'><em>{j</em></span> <span class='ocrx_word' id='word_1_558' title='bbox 2241 1985 2445 2037; x_wconf 50' lang='lat' dir='ltr'><em>i-’opccpam&#39;us</em></span> 
     </span>
     <span class='ocr_line' id='line_1_80' title="bbox 1402 2036 2449 2092; baseline 0.008 -19"><span class='ocrx_word' id='word_1_559' title='bbox 1402 2036 1553 2074; x_wconf 86' lang='lat' dir='ltr'><em>Libellus</em></span> <span class='ocrx_word' id='word_1_560' title='bbox 1569 2037 1821 2085; x_wconf 82' lang='lat' dir='ltr'><em>pulcherrimus</em></span> <span class='ocrx_word' id='word_1_561' title='bbox 1838 2067 1847 2082; x_wconf 88' lang='lat'><em>‚</em></span> <span class='ocrx_word' id='word_1_562' title='bbox 1873 2048 2078 2087; x_wconf 86' lang='lat' dir='ltr'><em>purpuream</em></span> <span class='ocrx_word' id='word_1_563' title='bbox 2103 2041 2226 2092; x_wconf 81' lang='lat' dir='ltr'><em>pellem</em></span> <span class='ocrx_word' id='word_1_564' title='bbox 2255 2041 2385 2078; x_wconf 85' lang='lat' dir='ltr'><em>habens</em></span> <span class='ocrx_word' id='word_1_565' title='bbox 2405 2050 2449 2081; x_wconf 62' lang='lat' dir='ltr'><em>&lt;J</em></span> 
     </span>
     <span class='ocr_line' id='line_1_81' title="bbox 1402 2088 2461 2141; baseline 0.004 -17"><span class='ocrx_word' id='word_1_566' title='bbox 1402 2101 1549 2124; x_wconf 82' lang='lat' dir='ltr'><em>aureum</em></span> <span class='ocrx_word' id='word_1_567' title='bbox 1571 2088 1788 2126; x_wconf 87' lang='lat' dir='ltr'><em>umbilicum.</em></span> <span class='ocrx_word' id='word_1_568' title='bbox 1816 2089 1863 2127; x_wconf 91' lang='lat' dir='ltr'><em>ita</em></span> <span class='ocrx_word' id='word_1_569' title='bbox 1876 2091 2006 2129; x_wconf 76' lang='lat' dir='ltr'><em>recstius</em></span> <span class='ocrx_word' id='word_1_570' title='bbox 2028 2100 2167 2137; x_wconf 81' lang='lat' dir='ltr'><em>vertas,</em></span> <span class='ocrx_word' id='word_1_571' title='bbox 2195 2103 2304 2141; x_wconf 89' lang='lat' dir='ltr'><em>quam</em></span> <span class='ocrx_word' id='word_1_572' title='bbox 2322 2101 2461 2141; x_wconf 66' lang='lat' dir='ltr'><em>purpu-</em></span> 
     </span>
    </p>
   </div>
   <div class='ocr_carea' id='block_1_19' title="bbox 1403 2139 2453 2238">
    <p class='ocr_par' dir='ltr' id='par_1_23' title="bbox 1403 2139 2453 2238">
     <span class='ocr_line' id='line_1_82' title="bbox 1403 2139 2453 2180; baseline 0.006 -6"><span class='ocrx_word' id='word_1_573' title='bbox 1403 2152 1498 2175; x_wconf 80' lang='lat' dir='ltr'><em>ream</em></span> <span class='ocrx_word' id='word_1_574' title='bbox 1521 2139 1777 2178; x_wconf 84' lang='lat' dir='ltr'><em>membranam.</em></span> <span class='ocrx_word' id='word_1_575' title='bbox 1803 2141 1976 2179; x_wconf 88' lang='lat' dir='ltr'><em>velamen</em></span> <span class='ocrx_word' id='word_1_576' title='bbox 1998 2144 2097 2179; x_wconf 86' lang='lat' dir='ltr'><em>enim</em></span> <span class='ocrx_word' id='word_1_577' title='bbox 2120 2144 2156 2179; x_wconf 72' lang='grc' dir='ltr'><em>ὃ(</em></span> <span class='ocrx_word' id='word_1_578' title='bbox 2175 2141 2320 2180; x_wconf 81' lang='lat' dir='ltr'><em>vestitus</em></span> <span class='ocrx_word' id='word_1_579' title='bbox 2339 2142 2453 2180; x_wconf 86' lang='lat' dir='ltr'><em>libro·</em></span> 
     </span>
     <span class='ocr_line' id='line_1_83' title="bbox 1403 2190 2238 2238; baseline 0.002 -10"><span class='ocrx_word' id='word_1_580' title='bbox 1403 2201 1484 2228; x_wconf 84' lang='lat' dir='ltr'><em>rum</em></span> <span class='ocrx_word' id='word_1_581' title='bbox 1505 2201 1549 2227; x_wconf 87' lang='lat' dir='ltr'><em>ex</em></span> <span class='ocrx_word' id='word_1_582' title='bbox 1568 2190 1673 2237; x_wconf 86' lang='lat' dir='ltr'><em>pelle.</em></span> <span class='ocrx_word' id='word_1_583' title='bbox 1704 2191 1792 2228; x_wconf 88' lang='lat' dir='ltr'><em>Huc</em></span> <span class='ocrx_word' id='word_1_584' title='bbox 1813 2192 1908 2229; x_wconf 84' lang='lat' dir='ltr'><em>refer</em></span> <span class='ocrx_word' id='word_1_585' title='bbox 1929 2192 2017 2229; x_wconf 88' lang='lat' dir='ltr'><em>illud</em></span> <span class='ocrx_word' id='word_1_586' title='bbox 2039 2191 2212 2230; x_wconf 83' lang='lat' dir='ltr'><em>Martialis</em></span> <span class='ocrx_word' id='word_1_587' title='bbox 2227 2220 2238 2238; x_wconf 91' lang='lat'>,</span> 
     </span>
    </p>
   </div>
   <div class='ocr_carea' id='block_1_20' title="bbox 1403 2256 2231 2368">
    <p class='ocr_par' dir='ltr' id='par_1_24' title="bbox 1403 2256 2231 2368">
     <span class='ocr_line' id='line_1_84' title="bbox 1453 2256 2231 2310; baseline 0.005 -15"><span class='ocrx_word' id='word_1_588' title='bbox 1453 2256 1603 2295; x_wconf 86' lang='lat' dir='ltr'><em>Pellibus</em></span> <span class='ocrx_word' id='word_1_589' title='bbox 1623 2258 1753 2307; x_wconf 82' lang='lat' dir='ltr'><em>exiguis</em></span> <span class='ocrx_word' id='word_1_590' title='bbox 1772 2267 1917 2296; x_wconf 82' lang='lat' dir='ltr'><em>artatur</em></span> <span class='ocrx_word' id='word_1_591' title='bbox 1950 2259 2076 2297; x_wconf 77' lang='lat' dir='ltr'><em>Livius</em></span> <span class='ocrx_word' id='word_1_592' title='bbox 2100 2259 2231 2310; x_wconf 84' lang='lat' dir='ltr'><em>ingens.</em></span> 
     </span>
     <span class='ocr_line' id='line_1_85' title="bbox 1403 2317 1936 2368; baseline 0 -9"><span class='ocrx_word' id='word_1_593' title='bbox 1403 2327 1483 2359; x_wconf 85' lang='lat' dir='ltr'><em>tum</em></span> <span class='ocrx_word' id='word_1_594' title='bbox 1503 2317 1605 2368; x_wconf 90' lang='lat' dir='ltr'><em>quod</em></span> <span class='ocrx_word' id='word_1_595' title='bbox 1631 2318 1801 2358; x_wconf 87' lang='lat' dir='ltr'><em>Tibullus</em></span> <span class='ocrx_word' id='word_1_596' title='bbox 1821 2319 1936 2367; x_wconf 80' lang='lat' dir='ltr'><em>dixit,</em></span> 
     </span>
    </p>
   </div>
   <div class='ocr_carea' id='block_1_21' title="bbox 1457 2387 2418 2434">
    <p class='ocr_par' dir='ltr' id='par_1_25' title="bbox 1457 2387 2418 2434">
     <span class='ocr_line' id='line_1_86' title="bbox 1457 2387 2418 2434; baseline 0.01 -11"><span class='ocrx_word' id='word_1_597' title='bbox 1457 2392 1568 2425; x_wconf 84' lang='lat' dir='ltr'><em>Lutea</em></span> <span class='ocrx_word' id='word_1_598' title='bbox 1580 2401 1638 2425; x_wconf 88' lang='lat' dir='ltr'><em>nec</em></span> <span class='ocrx_word' id='word_1_599' title='bbox 1657 2387 1802 2426; x_wconf 79' lang='lat' dir='ltr'><em>niveum</em></span> <span class='ocrx_word' id='word_1_600' title='bbox 1823 2389 1990 2429; x_wconf 80' lang='lat' dir='ltr'><em>involvat</em></span> <span class='ocrx_word' id='word_1_601' title='bbox 2011 2392 2217 2431; x_wconf 87' lang='lat' dir='ltr'><em>membrana</em></span> <span class='ocrx_word' id='word_1_602' title='bbox 2236 2392 2418 2434; x_wconf 76' lang='lat' dir='ltr'><em>libellum.-</em></span> 
     </span>
    </p>
   </div>
   <div class='ocr_carea' id='block_1_22' title="bbox 1406 2450 2474 2708">
    <p class='ocr_par' dir='ltr' id='par_1_26' title="bbox 1406 2450 2474 2708">
     <span class='ocr_line' id='line_1_87' title="bbox 1406 2450 2474 2502; baseline 0.007 -14"><span class='ocrx_word' id='word_1_603' title='bbox 1406 2461 1484 2488; x_wconf 87' lang='lat' dir='ltr'><em>non</em></span> <span class='ocrx_word' id='word_1_604' title='bbox 1505 2451 1550 2489; x_wconf 85' lang='lat' dir='ltr'><em>ad</em></span> <span class='ocrx_word' id='word_1_605' title='bbox 1579 2451 1687 2489; x_wconf 89' lang='lat' dir='ltr'><em>libelli</em></span> <span class='ocrx_word' id='word_1_606' title='bbox 1708 2453 1961 2492; x_wconf 83' lang='lat' dir='ltr'><em>velamentum</em></span> <span class='ocrx_word' id='word_1_607' title='bbox 1992 2455 2118 2494; x_wconf 84' lang='lat' dir='ltr'><em>referri</em></span> <span class='ocrx_word' id='word_1_608' title='bbox 2148 2456 2256 2495; x_wconf 88' lang='lat' dir='ltr'><em>debet</em></span> <span class='ocrx_word' id='word_1_609' title='bbox 2277 2485 2287 2502; x_wconf 93' lang='lat'>‚</span> <span class='ocrx_word' id='word_1_610' title='bbox 2323 2456 2382 2495; x_wconf 86' lang='lat' dir='ltr'><em>sed</em></span> <span class='ocrx_word' id='word_1_611' title='bbox 2411 2450 2474 2496; x_wconf 67' lang='lat' dir='ltr'><em>ad?</em></span> 
     </span>
     <span class='ocr_line' id='line_1_88' title="bbox 1408 2501 2469 2554; baseline 0.008 -16"><span class='ocrx_word' id='word_1_612' title='bbox 1408 2501 1525 2548; x_wconf 82' lang='lat' dir='ltr'><em>ipsum</em></span> <span class='ocrx_word' id='word_1_613' title='bbox 1556 2502 1735 2540; x_wconf 86' lang='lat' dir='ltr'><em>volumen</em></span> <span class='ocrx_word' id='word_1_614' title='bbox 1759 2532 1769 2548; x_wconf 89' lang='lat'>‚</span> <span class='ocrx_word' id='word_1_615' title='bbox 1807 2505 1911 2554; x_wconf 88' lang='lat' dir='ltr'><em>quod</em></span> <span class='ocrx_word' id='word_1_616' title='bbox 1940 2517 1985 2543; x_wconf 84' lang='lat' dir='ltr'><em>ex</em></span> <span class='ocrx_word' id='word_1_617' title='bbox 2015 2507 2230 2545; x_wconf 86' lang='lat' dir='ltr'><em>membrana</em></span> <span class='ocrx_word' id='word_1_618' title='bbox 2264 2508 2469 2548; x_wconf 69' lang='lat' dir='ltr'><em>constabat:-</em></span> 
     </span>
     <span class='ocr_line' id='line_1_89' title="bbox 1409 2553 2469 2608; baseline 0.008 -19"><span class='ocrx_word' id='word_1_619' title='bbox 1409 2553 1585 2608; x_wconf 77' lang='lat' dir='ltr'><em>Ceterum</em></span> <span class='ocrx_word' id='word_1_620' title='bbox 1612 2553 1767 2592; x_wconf 84' lang='lat' dir='ltr'><em>Nasonis</em></span> <span class='ocrx_word' id='word_1_621' title='bbox 1787 2556 1861 2593; x_wconf 87' lang='lat' dir='ltr'><em>hoc</em></span> <span class='ocrx_word' id='word_1_622' title='bbox 1883 2555 2077 2595; x_wconf 86' lang='lat' dir='ltr'><em>exordium</em></span> <span class='ocrx_word' id='word_1_623' title='bbox 2101 2559 2303 2596; x_wconf 83' lang='lat' dir='ltr'><em>aemulatus</em></span> <span class='ocrx_word' id='word_1_624' title='bbox 2321 2558 2368 2595; x_wconf 88' lang='lat' dir='ltr'><em>est</em></span> <span class='ocrx_word' id='word_1_625' title='bbox 2385 2559 2469 2597; x_wconf 79' lang='lat' dir='ltr'><em>Pu·-</em></span> 
     </span>
     <span class='ocr_line' id='line_1_90' title="bbox 1409 2603 2472 2660; baseline 0.006 -20"><span class='ocrx_word' id='word_1_626' title='bbox 1409 2603 1524 2659; x_wconf 76' lang='lat' dir='ltr'><em>blilius</em></span> <span class='ocrx_word' id='word_1_627' title='bbox 1549 2605 1770 2652; x_wconf 76' lang='lat' dir='ltr'><em>Optatianus</em></span> <span class='ocrx_word' id='word_1_628' title='bbox 1792 2606 2015 2656; x_wconf 87' lang='lat' dir='ltr'><em>Porphyrius</em></span> <span class='ocrx_word' id='word_1_629' title='bbox 2034 2610 2262 2656; x_wconf 85' lang='lat' dir='ltr'><em>praefatione</em></span> <span class='ocrx_word' id='word_1_630' title='bbox 2291 2610 2472 2660; x_wconf 58' lang='lat' dir='ltr'><em>Panequ&#39;f</em></span> 
     </span>
     <span class='ocr_line' id='line_1_91' title="bbox 1409 2656 2397 2708; baseline 0.008 -19"><span class='ocrx_word' id='word_1_631' title='bbox 1409 2665 1498 2699; x_wconf 75' lang='lat' dir='ltr'><em>rici,</em></span> <span class='ocrx_word' id='word_1_632' title='bbox 1526 2666 1639 2703; x_wconf 84' lang='lat' dir='ltr'><em>quem</em></span> <span class='ocrx_word' id='word_1_633' title='bbox 1666 2656 1911 2696; x_wconf 86' lang='lat' dir='ltr'><em>Constantino</em></span> <span class='ocrx_word' id='word_1_634' title='bbox 1930 2659 2097 2708; x_wconf 76' lang='lat' dir='ltr'><em>Augusto</em></span> <span class='ocrx_word' id='word_1_635' title='bbox 2120 2659 2221 2698; x_wconf 85' lang='lat' dir='ltr'><em>dixit.</em></span> <span class='ocrx_word' id='word_1_636' title='bbox 2250 2659 2397 2697; x_wconf 64' lang='lat' dir='ltr'><em>Hzms,</em></span> 
     </span>
    </p>
   </div>
   <div class='ocr_carea' id='block_1_23' title="bbox 1415 2721 2474 3419">
    <p class='ocr_par' dir='ltr' id='par_1_27' title="bbox 1415 2721 2474 3387">
     <span class='ocr_line' id='line_1_92' title="bbox 1465 2721 2472 2773; baseline 0.01 -18"><span class='ocrx_word' id='word_1_637' title='bbox 1465 2732 1499 2765; x_wconf 92' lang='lat'><em>7.</em></span> <span class='ocrx_word' id='word_1_638' title='bbox 1529 2726 1599 2757; x_wconf 86' lang='lat' dir='ltr'><em>Nec</em></span> <span class='ocrx_word' id='word_1_639' title='bbox 1617 2721 1785 2773; x_wconf 83' lang='lat' dir='ltr'><em>titulus.]</em></span> <span class='ocrx_word' id='word_1_640' title='bbox 1862 2724 2001 2762; x_wconf 79' lang='lat' dir='ltr'><em>Titulus</em></span> <span class='ocrx_word' id='word_1_641' title='bbox 2028 2736 2138 2773; x_wconf 82' lang='lat' dir='ltr'><em>quare</em></span> <span class='ocrx_word' id='word_1_642' title='bbox 2173 2725 2214 2763; x_wconf 81' lang='lat' dir='ltr'><em>sit</em></span> <span class='ocrx_word' id='word_1_643' title='bbox 2243 2725 2358 2764; x_wconf 56' lang='lat' dir='ltr'><em>didius</em></span> <span class='ocrx_word' id='word_1_644' title='bbox 2393 2726 2472 2765; x_wconf 86' lang='lat' dir='ltr'><em>do·-</em></span> 
     </span>
     <span class='ocr_line' id='line_1_93' title="bbox 1415 2771 2469 2826; baseline 0.007 -18"><span class='ocrx_word' id='word_1_645' title='bbox 1415 2771 1558 2809; x_wconf 61' lang='lat' dir='ltr'><em>{torum</em></span> <span class='ocrx_word' id='word_1_646' title='bbox 1582 2772 1781 2812; x_wconf 85' lang='lat' dir='ltr'><em>hominum</em></span> <span class='ocrx_word' id='word_1_647' title='bbox 1803 2774 1901 2812; x_wconf 75' lang='lat' dir='ltr'><em>varia</em></span> <span class='ocrx_word' id='word_1_648' title='bbox 1921 2776 1969 2813; x_wconf 85' lang='lat' dir='ltr'><em>est</em></span> <span class='ocrx_word' id='word_1_649' title='bbox 1992 2777 2119 2824; x_wconf 86' lang='lat' dir='ltr'><em>opinio</em></span> <span class='ocrx_word' id='word_1_650' title='bbox 2142 2804 2151 2819; x_wconf 81' lang='grc'>,</span> <span class='ocrx_word' id='word_1_651' title='bbox 2180 2789 2338 2826; x_wconf 84' lang='lat' dir='ltr'><em>quorum</em></span> <span class='ocrx_word' id='word_1_652' title='bbox 2363 2777 2469 2815; x_wconf 70' lang='lat' dir='ltr'><em>nulla·</em></span> 
     </span>
     <span class='ocr_line' id='line_1_94' title="bbox 1416 2823 2470 2875; baseline 0.006 -16"><span class='ocrx_word' id='word_1_653' title='bbox 1416 2823 1507 2860; x_wconf 85' lang='lat' dir='ltr'><em>mihi</em></span> <span class='ocrx_word' id='word_1_654' title='bbox 1530 2823 1712 2870; x_wconf 81' lang='lat' dir='ltr'><em>probatur.</em></span> <span class='ocrx_word' id='word_1_655' title='bbox 1758 2827 1884 2873; x_wconf 85' lang='lat' dir='ltr'><em>Quare</em></span> <span class='ocrx_word' id='word_1_656' title='bbox 1912 2837 1982 2874; x_wconf 86' lang='lat' dir='ltr'><em>ego</em></span> <span class='ocrx_word' id='word_1_657' title='bbox 1998 2854 2007 2870; x_wconf 92' lang='lat'>‚</span> <span class='ocrx_word' id='word_1_658' title='bbox 2036 2825 2123 2873; x_wconf 78' lang='lat' dir='ltr'><em>quid</em></span> <span class='ocrx_word' id='word_1_659' title='bbox 2146 2826 2250 2875; x_wconf 87' lang='lat' dir='ltr'><em>super</em></span> <span class='ocrx_word' id='word_1_660' title='bbox 2269 2828 2337 2865; x_wconf 77' lang='lat' dir='ltr'><em>hac</em></span> <span class='ocrx_word' id='word_1_661' title='bbox 2360 2840 2397 2866; x_wconf 87' lang='lat' dir='ltr'><em>re</em></span> <span class='ocrx_word' id='word_1_662' title='bbox 2421 2827 2470 2865; x_wconf 75' lang='lat' dir='ltr'><em>in-</em></span> 
     </span>
     <span class='ocr_line' id='line_1_95' title="bbox 1418 2874 2469 2927; baseline 0.006 -17"><span class='ocrx_word' id='word_1_663' title='bbox 1418 2881 1583 2911; x_wconf 84' lang='lat' dir='ltr'><em>mentem</em></span> <span class='ocrx_word' id='word_1_664' title='bbox 1613 2876 1738 2919; x_wconf 85' lang='lat' dir='ltr'><em>venit,</em></span> <span class='ocrx_word' id='word_1_665' title='bbox 1766 2876 1803 2913; x_wconf 89' lang='lat' dir='ltr'><em>in</em></span> <span class='ocrx_word' id='word_1_666' title='bbox 1825 2874 1989 2913; x_wconf 78' lang='lat' dir='ltr'><em>medium</em></span> <span class='ocrx_word' id='word_1_667' title='bbox 2014 2877 2154 2914; x_wconf 71' lang='lat' dir='ltr'><em>adferre</em></span> <span class='ocrx_word' id='word_1_668' title='bbox 2175 2890 2251 2916; x_wconf 86' lang='lat' dir='ltr'><em>non</em></span> <span class='ocrx_word' id='word_1_669' title='bbox 2275 2879 2469 2927; x_wconf 64' lang='lat' dir='ltr'><em>gravabon.</em></span> 
     </span>
     <span class='ocr_line' id='line_1_96' title="bbox 1420 2925 2473 2968; baseline 0.007 -8"><span class='ocrx_word' id='word_1_670' title='bbox 1420 2925 1577 2961; x_wconf 66' lang='lat' dir='ltr'><em>Titulum</em></span> <span class='ocrx_word' id='word_1_671' title='bbox 1609 2937 1692 2962; x_wconf 85' lang='lat' dir='ltr'><em>cum</em></span> <span class='ocrx_word' id='word_1_672' title='bbox 1722 2925 1836 2962; x_wconf 78' lang='lat' dir='ltr'><em>rutulo</em></span> <span class='ocrx_word' id='word_1_673' title='bbox 1863 2936 1978 2963; x_wconf 86' lang='lat' dir='ltr'><em>unum</em></span> <span class='ocrx_word' id='word_1_674' title='bbox 2010 2928 2046 2964; x_wconf 88' lang='lat'>&amp;</span> <span class='ocrx_word' id='word_1_675' title='bbox 2079 2927 2177 2965; x_wconf 87' lang='lat' dir='ltr'><em>idern</em></span> <span class='ocrx_word' id='word_1_676' title='bbox 2211 2928 2280 2966; x_wconf 76' lang='lat' dir='ltr'><em>effe</em></span> <span class='ocrx_word' id='word_1_677' title='bbox 2310 2929 2473 2968; x_wconf 78' lang='lat' dir='ltr'><em>censeos.</em></span> 
     </span>
     <span class='ocr_line' id='line_1_97' title="bbox 1417 2976 2471 3026; baseline 0.005 -15"><span class='ocrx_word' id='word_1_678' title='bbox 1417 2976 1430 3011; x_wconf 88' lang='lat' dir='ltr'><em>i</em></span> <span class='ocrx_word' id='word_1_679' title='bbox 1462 2977 1497 3012; x_wconf 79' lang='lat' dir='ltr'><em>in</em></span> <span class='ocrx_word' id='word_1_680' title='bbox 1538 2988 1561 3010; x_wconf 88' lang='lat' dir='ltr'><em>u</em></span> <span class='ocrx_word' id='word_1_681' title='bbox 1596 2983 1751 3012; x_wconf 86' lang='lat' dir='ltr'><em>mutato.</em></span> <span class='ocrx_word' id='word_1_682' title='bbox 1801 2984 1840 3013; x_wconf 88' lang='lat' dir='ltr'><em>ut</em></span> <span class='ocrx_word' id='word_1_683' title='bbox 1874 2977 2024 3025; x_wconf 80' lang='lat' dir='ltr'><em>optime,</em></span> <span class='ocrx_word' id='word_1_684' title='bbox 2072 2989 2206 3026; x_wconf 65' lang='lat' dir='ltr'><em>optume</em></span> <span class='ocrx_word' id='word_1_685' title='bbox 2228 2996 2238 3016; x_wconf 92' lang='grc'><em>.·</em></span> <span class='ocrx_word' id='word_1_686' title='bbox 2285 2980 2471 3024; x_wconf 57' lang='lat' dir='ltr'><em>maxime„</em></span> 
     </span>
     <span class='ocr_line' id='line_1_98' title="bbox 1420 3025 2471 3075; baseline 0.007 -14"><span class='ocrx_word' id='word_1_687' title='bbox 1420 3036 1608 3062; x_wconf 67' lang='lat' dir='ltr'><em>maxume:</em></span> <span class='ocrx_word' id='word_1_688' title='bbox 1636 3025 1784 3062; x_wconf 83' lang='lat' dir='ltr'><em>lacrima</em></span> <span class='ocrx_word' id='word_1_689' title='bbox 1805 3054 1814 3070; x_wconf 91' lang='lat'><strong>,</strong></span> <span class='ocrx_word' id='word_1_690' title='bbox 1851 3026 2021 3066; x_wconf 65' lang='lat' dir='ltr'><em>lact-uma.</em></span> <span class='ocrx_word' id='word_1_691' title='bbox 2068 3029 2216 3065; x_wconf 76' lang='lat' dir='ltr'><em>Tutulus</em></span> <span class='ocrx_word' id='word_1_692' title='bbox 2243 3041 2363 3068; x_wconf 82' lang='lat' dir='ltr'><em>autem</em></span> <span class='ocrx_word' id='word_1_693' title='bbox 2386 3058 2396 3075; x_wconf 92' lang='lat'>,</span> <span class='ocrx_word' id='word_1_694' title='bbox 2423 3038 2471 3068; x_wconf 70' lang='lat' dir='ltr'><em>ut,</em></span> 
     </span>
     <span class='ocr_line' id='line_1_99' title="bbox 1421 3077 2463 3129; baseline 0.007 -16"><span class='ocrx_word' id='word_1_695' title='bbox 1421 3077 1540 3113; x_wconf 77' lang='lat' dir='ltr'><em>Festus</em></span> <span class='ocrx_word' id='word_1_696' title='bbox 1560 3077 1609 3113; x_wconf 88' lang='lat' dir='ltr'><em>ait</em></span> <span class='ocrx_word' id='word_1_697' title='bbox 1630 3104 1639 3119; x_wconf 94' lang='lat'>,</span> <span class='ocrx_word' id='word_1_698' title='bbox 1685 3077 1884 3114; x_wconf 79' lang='lat' dir='ltr'><em>vocabatur</em></span> <span class='ocrx_word' id='word_1_699' title='bbox 1906 3078 2182 3115; x_wconf 73' lang='lat' dir='ltr'><em>flaminicarum</em></span> <span class='ocrx_word' id='word_1_700' title='bbox 2216 3082 2335 3129; x_wconf 78' lang='lat' dir='ltr'><em>capitis</em></span> <span class='ocrx_word' id='word_1_701' title='bbox 2363 3090 2463 3120; x_wconf 67' lang='lat' dir='ltr'><em>ornae</em></span> 
     </span>
     <span class='ocr_line' id='line_1_100' title="bbox 1422 3128 2474 3178; baseline 0.002 -14"><span class='ocrx_word' id='word_1_702' title='bbox 1422 3137 1578 3165; x_wconf 82' lang='lat' dir='ltr'><em>mentum</em></span> <span class='ocrx_word' id='word_1_703' title='bbox 1596 3154 1604 3170; x_wconf 93' lang='lat'>,</span> <span class='ocrx_word' id='word_1_704' title='bbox 1634 3128 1723 3175; x_wconf 67' lang='lat' dir='ltr'><em>quod</em></span> <span class='ocrx_word' id='word_1_705' title='bbox 1742 3128 1848 3175; x_wconf 78' lang='lat' dir='ltr'><em>fiebat</em></span> <span class='ocrx_word' id='word_1_706' title='bbox 1869 3128 1967 3165; x_wconf 71' lang='lat' dir='ltr'><em>vitta</em></span> <span class='ocrx_word' id='word_1_707' title='bbox 1993 3139 2175 3178; x_wconf 80' lang='lat' dir='ltr'><em>purpurea.</em></span> <span class='ocrx_word' id='word_1_708' title='bbox 2202 3130 2332 3168; x_wconf 80' lang='lat' dir='ltr'><em>innexa</em></span> <span class='ocrx_word' id='word_1_709' title='bbox 2361 3129 2474 3168; x_wconf 79' lang='lat' dir='ltr'><em>crini--</em></span> 
     </span>
     <span class='ocr_line' id='line_1_101' title="bbox 1424 3178 2464 3221; baseline 0.008 -8"><span class='ocrx_word' id='word_1_710' title='bbox 1424 3178 1507 3221; x_wconf 88' lang='lat' dir='ltr'><em>bus,</em></span> <span class='ocrx_word' id='word_1_711' title='bbox 1536 3189 1578 3215; x_wconf 59' lang='grc' dir='ltr'><em>αῖ</em></span> <span class='ocrx_word' id='word_1_712' title='bbox 1596 3181 1794 3214; x_wconf 58' lang='lat' dir='ltr'><em>extrenum</em></span> <span class='ocrx_word' id='word_1_713' title='bbox 1822 3179 1860 3215; x_wconf 87' lang='lat' dir='ltr'><em>in</em></span> <span class='ocrx_word' id='word_1_714' title='bbox 1886 3178 2123 3217; x_wconf 83' lang='lat' dir='ltr'><em>altitudinem.</em></span> <span class='ocrx_word' id='word_1_715' title='bbox 2172 3182 2224 3218; x_wconf 81' lang='lat' dir='ltr'><em>Ut</em></span> <span class='ocrx_word' id='word_1_716' title='bbox 2247 3182 2345 3220; x_wconf 80' lang='lat' dir='ltr'><em>enim</em></span> <span class='ocrx_word' id='word_1_717' title='bbox 2368 3189 2464 3221; x_wconf 74' lang='lat' dir='ltr'><em>tutu·</em></span> 
     </span>
     <span class='ocr_line' id='line_1_102' title="bbox 1424 3228 2464 3277; baseline 0.002 -11"><span class='ocrx_word' id='word_1_718' title='bbox 1424 3228 1476 3266; x_wconf 84' lang='lat' dir='ltr'><em>lus</em></span> <span class='ocrx_word' id='word_1_719' title='bbox 1498 3228 1691 3265; x_wconf 77' lang='lat' dir='ltr'><em>mulierum</em></span> <span class='ocrx_word' id='word_1_720' title='bbox 1716 3230 1848 3277; x_wconf 76' lang='lat' dir='ltr'><em>capiti,</em></span> <span class='ocrx_word' id='word_1_721' title='bbox 1877 3228 1924 3266; x_wconf 91' lang='lat' dir='ltr'><em>s1c</em></span> <span class='ocrx_word' id='word_1_722' title='bbox 1941 3229 2065 3268; x_wconf 70' lang='lat' dir='ltr'><em>titulus</em></span> <span class='ocrx_word' id='word_1_723' title='bbox 2082 3230 2256 3269; x_wconf 88' lang='lat' dir='ltr'><em>librorum</em></span> <span class='ocrx_word' id='word_1_724' title='bbox 2274 3231 2464 3270; x_wconf 81' lang='lat' dir='ltr'><em>frontiim-</em></span> 
     </span>
     <span class='ocr_line' id='line_1_103' title="bbox 1426 3279 2465 3331; baseline 0.002 -15"><span class='ocrx_word' id='word_1_725' title='bbox 1426 3279 1640 3327; x_wconf 79' lang='lat' dir='ltr'><em>ponebatur.</em></span> <span class='ocrx_word' id='word_1_726' title='bbox 1670 3279 1837 3317; x_wconf 63' lang='lat' dir='ltr'><em>Cxorau.</em></span> <span class='ocrx_word' id='word_1_727' title='bbox 1867 3279 2017 3318; x_wconf 75' lang='lat' dir='ltr'><em>saniora</em></span> <span class='ocrx_word' id='word_1_728' title='bbox 2031 3281 2170 3320; x_wconf 85' lang='lat' dir='ltr'><em>videbis</em></span> <span class='ocrx_word' id='word_1_729' title='bbox 2192 3281 2465 3331; x_wconf 82' lang='lat' dir='ltr'><em>apudVofiium</em></span> 
     </span>
     <span class='ocr_line' id='line_1_104' title="bbox 1428 3329 2466 3387; baseline 0.005 -17"><span class='ocrx_word' id='word_1_730' title='bbox 1428 3332 1466 3370; x_wconf 83' lang='lat' dir='ltr'><em>in</em></span> <span class='ocrx_word' id='word_1_731' title='bbox 1497 3329 1719 3379; x_wconf 73' lang='lat' dir='ltr'><em>Etymolog.</em></span> <span class='ocrx_word' id='word_1_732' title='bbox 1753 3340 1918 3369; x_wconf 85' lang='lat' dir='ltr'><em>ceterum</em></span> <span class='ocrx_word' id='word_1_733' title='bbox 1952 3340 2092 3373; x_wconf 81' lang='lat' dir='ltr'><em>veteres</em></span> <span class='ocrx_word' id='word_1_734' title='bbox 2117 3344 2181 3384; x_wconf 88' lang='lat' dir='ltr'><em>per</em></span> <span class='ocrx_word' id='word_1_735' title='bbox 2211 3332 2357 3381; x_wconf 80' lang='lat' dir='ltr'><em>titulum</em></span> <span class='ocrx_word' id='word_1_736' title='bbox 2387 3341 2466 3387; x_wconf 68' lang='lat'>1²91!</span> 
     </span>
    </p>

    <p class='ocr_par' dir='ltr' id='par_1_28' title="bbox 2265 3392 2474 3419">
     <span class='ocr_line' id='line_1_105' title="bbox 2265 3392 2474 3419; baseline -0.005 -1"><span class='ocrx_word' id='word_1_737' title='bbox 2265 3403 2268 3405; x_wconf 91' lang='lat'>·</span> <span class='ocrx_word' id='word_1_738' title='bbox 2417 3392 2474 3419; x_wconf 71' lang='lat' dir='ltr'><em>mu·</em></span> 
     </span>
    </p>
   </div>
  </div>
 </body>
</html>
