2495 3675
733 202 795 260 P.
871 203 1289 263 OV1D11

242 220 345 273 500

536 294 628 352 Ille
652 311 776 351 meo
801 315 993 353 vereor
1016 317 1083 354 ne
1112 299 1284 371 speret
1315 297 1566 369 sanguine
1594 299 1873 369 praedam:

611 367 771 425 Haec
796 371 1010 425 titulum
1036 373 1242 424 nostrae
1270 373 1459 425 mortis
1486 371 1679 426 habere
1709 373 1852 426 velit.

539 440 768 496 Barbara
792 460 906 513 pars
931 444 1072 496 laeva
1100 442 1203 505 est,
1241 442 1424 497 avidae
1454 443 1718 498 sucein&a
1747 445 1986 514 rapinae,

615 514 791 585 Quam
819 531 1009 574 cruor,
1049 514 1102 567 &
1128 515 1348 578 caedes,
1388 516 1627 589 bellaque
1656 518 1864 589 semper
1891 517 2108 572 habent.

541 587 794 656 Cumque
828 586 885 638 sit
917 585 1148 640 hibernis
1174 589 1428 659 agitatum
1456 589 1702 646 fluctibus
1729 608 1963 662 aequor3

620 658 846 713 Pectora
873 659 989 711 sunt
1021 658 1133 730 ipso
1162 661 1455 716 turbidiora
1483 664 1629 717 mari.

545 733 676 804 Quo
703 732 870 800 magis
898 730 976 784 his
1004 732 1166 786 debes
1194 735 1498 804 ignoscere,
1539 736 1770 791 candide
1796 735 1995 799 leffior,

626 803 685 856 512
706 804 793 873 spe
820 804 934 856 sunt
953 843 966 863 ,
1003 819 1061 858 ut
1089 805 1206 859 sunt
1225 851 1236 867 ‚
1278 807 1529 863 inferiora
1555 810 1660 862 tua.

547 875 675 930 Non
705 875 834 929 haec
864 875 916 929 in
945 877 1155 940 nostriS‚
1200 893 1256 933 ut
1285 881 1588 949 quondam,
1629 881 1903 936 scribimus
1927 881 2130 937 hortis:

393 386 463 436 30

402 751 467 803 35

1363 201 1909 265 NASONIS-

621 947 738 1003 Nec
766 949 1022 1005 consuete
1047 968 1224 1008 meum
1246 989 1263 1016 ,
1301 952 1491 1009 leftule
1512 994 1528 1020 ‚
1567 972 1761 1028 corpus
1789 955 1964 1010 habes

257 1224 324 1262 pro
345 1210 372 1257 [ἱ
390 1213 543 1262 attigero.
567 1213 746 1250 Micrtt..
781 1201 888 1251 Unus
909 1214 1079 1253 Vatican.
1101 1219 1307 1267 Attingam.

258 1265 425 1302 C10FAN.
458 1266 648 1312 ,attigerim
673 1265 761 1311 duo.
793 1267 980 1313 attigeram
1011 1268 1181 1306 totidem.
1203 1281 1306 1307 terre·

256 1317 321 1355 bar
340 1315 489 1364 septem.
504 1318 690 1365 attigeram
713 1316 750 1352 δί
772 1317 923 1353 terrebar
944 1317 1153 1357 Bersmanni
1178 1321 1250 1358 Ms.

309 1388 368 1424 29.
398 1377 459 1413 ille
484 1391 554 1414 meo
574 1405 584 1422 ,
630 1391 747 1415 vereor
769 1407 778 1423 ,
818 1392 858 1415 ne
879 1380 990 1430 speret
1010 1382 1181 1430 sanguine
1209 1393 1307 1433 prae-

258 1427 375 1476 dam]
407 1429 512 1464 illum
539 1441 605 1477 pro
631 1430 755 1478 aliquo
777 1430 906 1478 posuit.
936 1433 1126 1471 MERULA.
1157 1434 1308 1473 Imore-

257 1478 342 1516 lativ
352 1490 411 1514 um
434 1478 482 1516 est
497 1507 506 1523 ‚
533 1482 569 1516 &
588 1479 631 1516 ad
645 1480 765 1518 ensem
785 1482 957 1519 refertur:
988 1492 1028 1520 ut
1050 1483 1090 1520 sit
1104 1513 1113 1528 ,
1145 1485 1204 1522 Ille
1215 1485 1309 1533 ensis.

257 1528 305 1566 Et
328 1530 464 1567 tursum
480 1557 490 1573 ‚
518 1528 637 1578 Ensis,
665 1543 730 1578 pro
749 1533 985 1570 interfet‘iore
1007 1534 1162 1573 dietum.
1196 1538 1308 1576 Unde

259 1581 298 1616 &
320 1592 382 1627 per
412 1581 586 1618 diastolen
629 1593 719 1618 mox
752 1581 933 1630 sequitur,
970 1591 1057 1621 Haec
1080 1585 1226 1624 titulum
1248 1603 1309 1625 no-

252 1631 345 1679 strae
368 1633 489 1667 mortis
509 1630 632 1668 habere
651 1632 740 1668 velit
761 1633 824 1677 <sic
847 1634 946 1671 enirn
971 1636 1027 1672 alii
1050 1636 1203 1685 legunt.)
1253 1641 1308 1677 Ut

258 1679 300 1718 fit
328 1682 474 1719 sensus:
512 1683 648 1720 Metuo
679 1691 718 1720 ut
739 1684 798 1721 ille
822 1711 833 1728 ,
871 1684 1005 1723 scilicet
1032 1687 1122 1725 ensis
1146 1717 1156 1732 ,
1194 1689 1310 1737 speret

258 1732 456 1779 praedam:
484 1733 574 1770 haec
596 1742 718 1771 autem
744 1762 753 1778 ‚
789 1735 825 1772 id
847 1735 893 1772 est
915 1737 1036 1780 unda,
1064 1738 1124 1775 fibi
1147 1749 1246 1786 petat
1266 1742 1310 1779 ti—

260 1782 379 1838 tulum
404 1796 447 1821 ex
472 1794 592 1822 morte
614 1796 709 1823 mea.
744 1786 924 1825 Micrti..
952 1793 1031 1824 Neu
1053 1788 1200 1827 titulum
1222 1793 1309 1831 Edi-

260 1841 382 1872 tiones
404 1843 555 1873 veteres.

315 1913 374 1952 31.
402 1901 559 1938 Barbara
576 1911 656 1951 pars
679 1902 782 1940 laeva
801 1902 855 1948 est.
875 1903 892 1953 ]
930 1904 1106 1952 Defignat
1125 1904 1310 1942 Thraciae

262 1951 385 1997 littus,
414 1954 517 2003 quod
545 1955 668 1991 Ponto
693 1955 837 1992 alluitur
860 1968 868 1992 :
905 1956 1006 2003 quod
1034 1956 1149 1993 scribit
1181 1956 1310 1992 Strabo

263 2004 445 2041 desertum
468 2002 560 2048 effe,
588 2005 769 2053 petrosum
786 2033 797 2050 ,
825 2006 1095 2054 importuosum
1112 2007 1177 2050 ,ad
1195 2006 1311 2054 Aqui*

261 2054 358 2093 lonis
378 2054 524 2092 flamina
551 2056 621 2092 late
646 2065 770 2104 patens
792 2084 802 2100 ‚
840 2057 877 2093 &
900 2066 1064 2103 apertum
1087 2071 1113 2094 ι·
1136 2057 1180 2094 ad
1208 2056 1311 2105 quod

262 2105 455 2154 naufragio
483 2106 610 2154 ejeffi,
640 2107 683 2143 ab
713 2106 905 2156 oppidanis
934 2107 1151 2154 spoliantur,
1190 2108 1312 2145 Thra-

263 2157 319 2194 cia
337 2166 448 2204 gente
466 2155 767 2205 superhabitante.
805 2157 908 2194 Idem
931 2157 1012 2195 alibi
1042 2159 1153 2196 etiarn
1175 2158 1319 2202 docet,

265 2219 367 2245 mare
380 2207 567 2245 Euxinum
583 2208 671 2245 nulli
692 2207 841 2254 patuiffe
855 2209 1109 2257 navigationi,
1137 2212 1173 2246 δί
1189 2211 1314 2258 proin-

265 2258 313 2295 de
335 2262 505 2303 Axenon,
543 2259 579 2296 id
609 2258 656 2296 est
685 2257 939 2306 inhospitalem
971 2270 1129 2308 pontum
1158 2259 1315 2308 appella·

265 2310 321 2352 ri,
350 2318 499 2358 propter
529 2309 794 2358 tempestuosa,
824 2311 860 2346 δε
885 2321 947 2358 per
968 2312 1120 2358 hyemes
1143 2312 1313 2348 interclu-

263 2359 299 2397 sa
317 2360 400 2398 loca
414 2388 423 2404 ‚
452 2361 490 2398 &
510 2361 716 2398 accolarum
731 2362 998 2398 immanitatem
1014 2389 1024 2405 ,
1053 2363 1216 2399 maxime
1228 2364 1317 2410 Scy-

264 2411 436 2456 thanim,
465 2411 624 2459 hospites
654 2411 852 2448 immolare
879 2411 1097 2457 solitorum,
1126 2414 1164 2450 ὃς
1186 2414 1318 2449 huma-

266 2461 321 2499 nis
343 2461 566 2499 vescentium
596 2462 758 2499 carnibus
783 2489 793 2505 ,
833 2462 870 2498 ὅ(
899 2474 966 2509 pro
998 2464 1126 2510 patetis
1149 2464 1319 2501 calvarias

269 2511 535 2561 usurpantium.
568 2515 758 2550 Menum.
813 2512 927 2550 Hunc
958 2513 1082 2551 locum
1109 2515 1253 2551 Merula
1274 2514 1319 2551 ad

268 2573 350 2598 eam
382 2562 596 2601 sententiam
628 2564 766 2607 refert,
805 2563 851 2600 de
881 2574 953 2612 qua
980 2563 1164 2612 superiore
1195 2565 1320 2613 Elegia

268 2612 449 2651 diximus:
481 2614 652 2652 videlicet
680 2623 720 2652 ut
742 2615 964 2661 accipiamus
988 2642 999 2658 ,
1028 2616 1212 2652 Ovidium
1235 2616 1320 2653 sini-

270 2662 341 2701 stro
361 2676 401 2701 ac
420 2666 555 2702 Getico
574 2666 699 2702 littore
721 2677 765 2701 ex
801 2665 1046 2712 Hellesponto
1068 2668 1105 2703 in
1130 2667 1291 2703 Pontum
1307 2694 1317 2709 ‚

270 2721 380 2761 atque
404 2716 487 2752 inde
519 2716 671 2753 Tomos
695 2713 887 2764 navigasse.
937 2716 1077 2753 Contra
1106 2715 1191 2753 illud
1214 2715 1318 2763 quod

271 2763 310 2800 in
332 2765 458 2801 eadem
491 2766 616 2813 Elegia
647 2766 799 2809 dicitur,
828 2766 988 2808 scilicet,
1017 2772 1116 2803 Nam
1147 2766 1236 2812 mihi
1259 2767 1317 2802 Bi-

264 2813 390 2861 st‘onios
408 2818 537 2863 placuit
556 2817 636 2865 pede
657 2826 787 2864 carpere
807 2825 961 2864 campos,
989 2828 1061 2856 effe.
1088 2818 1315 2866 Quanquam

273 2873 396 2901 autem
420 2866 477 2902 hic
502 2867 602 2904 locus
630 2867 675 2903 de
703 2867 894 2904 Barbarico
915 2867 1038 2904 littore
1057 2867 1136 2904 satis
1160 2869 1319 2905 manife-

273 2915 324 2952 ste
345 2915 453 2958 dicit,
483 2920 615 2964 exponi
641 2927 765 2954 tamen
789 2919 886 2954 idem
908 2919 1017 2955 etiarn
1041 2919 1115 2955 hoc
1134 2919 1320 2956 modovi-

275 2965 382 3002 detur
402 2965 523 3014 posse,
554 2977 592 3004 ut
612 2969 878 3015 intelligamus,
905 2968 1000 3005 hanc
1016 2969 1177 3016 hlegiam
1200 2970 1318 3007 statim

274 3015 354 3065 post
377 3016 598 3063 superiorem
619 3018 783 3064 scriptam
802 3045 812 3061 ,
840 3030 924 3055 cum
946 3032 990 3055 ex
1014 3020 1263 3057 Samothracia
1283 3020 1322 3057 in

273 3066 388 3113 ipsam
413 3067 612 3104 Thraciam
632 3068 826 3104 veheretur
845 3069 979 3106 Poeta:
1009 3070 1256 3119 Barbarosque
1269 3071 1323 3108 di-

275 3118 310 3154 ci
334 3129 419 3162 eos,
447 3119 509 3165 qui
535 3119 573 3153 in
595 3129 657 3153 ora
679 3118 861 3154 Thraciae
884 3123 926 3154 au'
952 3121 1093 3157 laevam
1120 3122 1334 3160 habitarint..

276 3167 356 3206 Aut
376 3177 497 3210 certe,
526 3176 564 3204 ut
593 3179 798 3214 ponamus,
828 3179 890 3215 per
917 3169 1115 3207 Thraciam
1141 3182 1240 3218 parte
1262 3173 1325 3209 sal-

241 3231 244 3234 ·
274 3227 353 3256 tem
373 3219 492 3267 aliqua
513 3218 633 3256 feciffe
656 3219 806 3266 pedibus
835 3220 1074 3257 iter-l’oetam
1091 3249 1100 3263 ,
1128 3223 1324 3272 posteaque

276 3268 322 3307 ad
351 3281 484 3308 navem
512 3269 727 3307 reversum:
775 3279 885 3317 atque
914 3271 966 3307 ita
1001 3282 1126 3308 tamen
1158 3274 1323 3322 Elegiam

242 3364 248 3370 .
273 3320 377 3373 hanc,
390 3318 568 3371 scripsisse.
620 3320 721 3362 Nam
744 3320 788 3361 de
805 3330 982 3369 perpetua
1003 3321 1097 3363 iliius
1119 3325 1325 3375 navigatio-<

2325 1080 2411 1154 Ja-

1362 1224 1436 1264 ne.
1463 1219 1539 1257 hoc
1560 1218 1630 1261 est,
1657 1218 1761 1269 qnod
1786 1218 1860 1258 sola
1877 1219 1963 1258 navi
1982 1226 2106 1259 totum
2134 1217 2201 1258 iter
2220 1221 2435 1270 peregeritrx
2484 1224 2492 1271 ι’

1363 1269 1437 1308 dici
1466 1271 1618 1320 aliquod
1645 1279 1747 1309 certo
1781 1282 1858 1308 non
1888 1271 2036 1319 potest:
2074 1271 2225 1320 quando
2244 1273 2355 1310 etiarn
2372 1273 2411 1313 in
2483 1273 2492 1327 l

1363 1320 1432 1358 hac
1452 1321 1523 1370 ipsa
1540 1321 1666 1370 Elegia
1681 1350 1692 1366 ,
1722 1328 1820 1358 Nam
1840 1321 1950 1370 fimul
1970 1321 2103 1369 insidiis
2122 1321 2304 1359 hominum
2340 1324 2412 1372 (in-
2483 1330 2495 1375 1.

1365 1373 1462 1420 quit)
1495 1371 1672 1421 pelagique
1702 1371 1839 1417 laboro,
1868 1376 1913 1409 Et
1936 1373 2080 1420 faciunt
2094 1373 2245 1421 geminos
2262 1372 2344 1420 ensis
2370 1384 2413 1414 ο·
2483 1379 2487 1416 Ι

1365 1424 1462 1459 unda
1482 1435 1605 1460 metus.
1654 1424 1788 1473 Neque
1815 1425 1915 1461 enim
1945 1423 1966 1461 a
1986 1425 2103 1462 nautis
2121 1423 2258 1473 aliquid
2277 1423 2419 1465 adverfi·
2483 1429 2489 1476 ξ

1366 1475 1578 1519 metuebat,
1607 1475 1816 1522 praesertim
1846 1476 1883 1512 in
1906 1487 1948 1512 ea
1976 1477 2086 1519 navi,
2113 1486 2225 1524 quam
2246 1484 2415 1525 tantope-
2483 1478 2495 1527 Ιᾴ

1367 1536 1404 1561 re
1429 1525 1501 1571 ipse
1526 1526 1628 1573 supra
1647 1525 1831 1563 laudavit:
1860 1525 1922 1563 sed
1943 1525 2086 1564 infidias
2106 1526 2305 1564 hominum
2321 1554 2333 1571 ‚
2358 1527 2434 1566 in->
2489 1531 2495 1571 l,

1365 1576 1550 1613 cursiones
1575 1577 1808 1625 praedonum
1838 1579 1875 1614 δε
1895 1577 2083 1616 latronum
2103 1577 2294 1626 intelligit,
2322 1588 2412 1627 qua·
2432 1583 2433 1587 ’

1363 1625 1413 1664 les
1429 1636 1509 1664 tum
1532 1628 1568 1664 in
1590 1627 1773 1670 Thracia,
1802 1636 1932 1675 utpote
1945 1637 2037 1665 terra
2058 1628 2287 1674 barbariore,
2306 1630 2422 1669 etiam=

1364 1677 1512 1715 aliunde
1534 1679 1734 1725 accipimus
1757 1677 1872 1716 fuiffe.
1900 1679 2078 1717 Micrtr..
2432 1675 2437 1688 ’

1423 1739 1483 1776 31.
1509 1729 1656 1766 Avidae
1677 1728 1865 1774 substrub‘t'a
1884 1730 2067 1779 rapinae]
2097 1731 2247 1770 Reffius
2269 1733 2306 1771 in
2324 1740 2437 1774 non-⁴·

1365 1779 1472 1817 nullis
1487 1807 1498 1823 ,
1525 1780 1654 1816 avidae
1672 1781 1906 1830 instruCZaque
1925 1782 2076 1828 rapinae.
2107 1783 2296 1823 Nauem.
2322 1785 2432 1825 Tres'

1367 1830 1443 1868 libri
1467 1831 1611 1878 scripti,
1637 1830 1823 1876 substrata.
1849 1833 2021 1870 Crorau.
2061 1834 2274 1883 Avidaeque
2293 1837 2431 1879 instrffi

1367 1885 1423 1917 Ha
1447 1882 1595 1930 quidam
1617 1882 1710 1919 libri.
1741 1894 1808 1920 nos
1846 1895 1890 1920 ex
1919 1884 1993 1920 Ms.
2018 1885 2259 1932 retinuimus,
2288 1887 2424 1926 avidae

1358 1932 1525 1980 submissa
1541 1961 1550 1976 ‚
1580 1933 1615 1969 id
1635 1932 1684 1970 est
1704 1932 1825 1970 dedita
1845 1934 1880 1970 ὅ(
1900 1934 2232 1982 qualimancipata.
2270 1937 2416 1978 Bssnsm.

1369 1984 1536 2029 Uterque
1564 1983 1749 2021 Palatinus
1780 1984 1960 2033 multique
1991 1986 2074 2030 alii,
2097 1987 2285 2033 substrata.
2313 1991 2418 2037 prim.

1369 2033 1491 2070 Vatic.
1514 2041 1622 2082 atque
1636 2034 1770 2081 septem
1795 2045 2002 2081 praeterea,
2023 2037 2217 2085 subtrac‘fa.
2246 2041 2424 2085 totidem,1

1361 2083 1537 2133 subjeae'la,
1568 2093 1608 2121 ut
1635 2085 1731 2122 forte
1759 2084 1800 2122 fit
1825 2086 2051 2123 scribendum
2077 2117 2086 2130 ‚
2115 2090 2312 2139 avidaeque
2331 2091 2418 2140 obje-

1369 2137 1424 2170 cta
1435 2135 1575 2180 rapinae
1588 2164 1597 2178 ,
1610 2136 1667 2173 vel
1680 2135 1861 2182 instruc‘la,
1874 2147 1911 2174 ut
1925 2138 2128 2185 Naugerius
2141 2139 2263 2177 edidit.
2275 2142 2422 2182 Heius.
2484 2151 2488 2188 Γ,

1369 2185 1544 2223 Voffiana
1565 2186 1744 2234 Excerpta
1763 2188 1921 2231 habent,
1950 2189 2080 2223 avidae
2099 2190 2284 2236 succinela.
2316 2191 2421 2241 quod

1371 2247 1535 2273 maxime
1565 2238 1683 2284 placet
1705 2264 1714 2279 ‚
1755 2239 1929 2281 succinela
1969 2241 2067 2274 enim
2093 2239 2142 2275 est
2173 2252 2239 2287 pro
2269 2252 2419 2290 parata,
2487 2244 2495 2265 '¹'

1372 2297 1541 2335 prompta
1579 2287 1624 2324 ad
1651 2288 1798 2334 praedas
1835 2288 2002 2336 agendas.
2048 2289 2243 2336 avidaeque
2279 2293 2424 2332 intenta.
2483 2286 2495 2383 ἱ

1373 2336 1479 2375 duo?
1507 2340 1617 2375 etiam
1653 2350 1726 2375 non
1762 2339 1868 2375 male.
1928 2339 2071 2376 Auc'tor
2093 2341 2308 2381 Elestorum
2327 2344 2418 2383 Eto-

1373 2388 1541 2426 nenfiuin
1568 2389 1738 2436 substrata
1770 2391 1915 2427 retinet.
1950 2391 2146 2441 avidaeque
2173 2393 2339 2438 instruffla
2369 2394 2421 2434 est'
2485 2387 2495 2433 Ἰ

1374 2441 1408 2476 in
1434 2440 1632 2477 Herculan.
1659 2440 1793 2476 deinde
1824 2441 2002 2478 Palatinus
2034 2454 2119 2478 cum
2141 2445 2258 2490 prima
2289 2445 2419 2484 editio-
2487 2454 2495 2484 ¹

1375 2501 1444 2533 ne,
1473 2490 1628 2538 bellaque
1640 2491 1774 2539 semper
1793 2502 1921 2539 agunt,
1952 2493 2062 2529 etiam
2085 2505 2161 2530 non
2182 2495 2290 2533 male.
2308 2502 2423 2545 agunt
2475 2485 2495 2542 [ἒ

1374 2543 1591 2590 praecipites
1612 2569 1622 2586 ,
1661 2541 1854 2589 impellunt
1884 2551 1924 2579 ut
1954 2543 2051 2580 feros
2085 2545 2123 2580 &
2161 2545 2325 2584 furiosos.
2352 2544 2422 2585 nifi⁷
2474 2542 2495 2586 1⁵

1377 2593 1500 2634 malis,
1526 2592 1654 2636 alunt,
1674 2602 1713 2629 ut
1735 2592 1895 2636 sitidem
1925 2593 2050 2642 quod,
2079 2595 2222 2632 vivitur
2253 2610 2294 2634 ex
2313 2606 2418 2646 rapto.
2472 2589 2478 2683 Ξ

1376 2645 1422 2681 ita
1447 2642 1569 2678 habere
1587 2643 1724 2679 &alere
1742 2645 1878 2681 centies
1889 2645 2052 2682 confusa.
2069 2644 2144 2683 vid.
2165 2647 2422 2686 111.P0nt.111·.

1376 2706 1410 2740 7.
1438 2694 1476 2730 ὃ(
1498 2693 1592 2730 alibi.
1617 2693 1748 2732 Evam.

1429 2765 1488 2803 35.
1516 2756 1595 2802 (gQuo
1618 2757 1726 2804 magis
1747 2755 1844 2806 his.]
1874 2758 2020 2804 Quoque
2037 2758 2147 2806 magis
2169 2760 2428 2803 debesPutean)
2494 2794 2495 2799 ,

1372 2805 1457 2853 Jun.
1478 2806 1617 2843 Moreti
1640 2808 1676 2844 ὅ(
1698 2807 1922 2845 Bersmanni.
1949 2821 2014 2856 quo
2033 2810 2141 2858 magis
2161 2811 2214 2847 hic
2240 2814 2341 2852 alius.

1428 2868 1486 2916 36.
1514 2866 1723 2916 Sispefint‚
1749 2880 1789 2905 ut
1807 2867 1916 2916 finn]
1969 2870 2004 2905 Si
2024 2871 2191 2919 spesunt
2215 2899 2227 2915 ‚
2258 2884 2299 2908 ut
2314 2874 2419 2921 simu
2493 2886 2495 2891 ·

1376 2920 1560 2957 meliores.
1593 2919 1630 2956 ὅ(
1652 2930 1763 2963 mox,
1785 2917 2002 2968 scripstmus,
2035 2932 2103 2969 pro
2122 2922 2320 2970 scribimus.
2353 2924 2422 2970 Pu2
2492 2931 2495 2974 j

1376 2979 1417 3008 to
1433 2997 1443 3013 ‚

1428 3032 1464 3068 si
1473 3034 1530 3081 spe
1539 3031 1628 3079 sunt
1641 3059 1652 3076 ,
1679 3041 1720 3068 ut
1739 3042 1862 3079 erum,
1891 3032 2055 3081 inferiora
2074 3043 2150 3073 tua.
2469 3061 2473 3099 ί

1377 3090 1469 3130 infra
1484 3121 1495 3138 ,
2468 3113 2472 3175 1

1433 3159 1468 3194 si
1489 3170 1559 3207 qua
1577 3158 1661 3197 meis
1671 3158 1811 3207 fuerint
1825 3187 1837 3205 ‚
1863 3170 1903 3197 ut
1923 3170 2047 3206 erunt,
2079 3161 2207 3213 vitiosa
2225 3163 2358 3204 libellis:
2468 3178 2471 3183 ’

1382 3209 1527 3246 Hiems.
2467 3185 2471 3264 i

1410 3284 1411 3287 ¹
1432 3281 1489 3319 37.
1519 3275 1601 3305 Non
1622 3268 1703 3304 haec
1723 3270 1760 3306 in
1779 3269 1895 3315 nostris
1911 3298 1920 3313 ‚
1950 3279 1989 3306 ut
2011 3271 2190 3320 quondam
2215 3301 2225 3317 ,
2244 3272 2425 3322 scribimus
2466 3265 2470 3330 ι

1378 3319 1525 3371 berria]
1561 3319 1707 3359 Hortos
1737 3321 1826 3360 dicit
1857 3333 1920 3361 eos
1940 3347 1952 3367 ,
1991 3333 2084 3373 quos
2105 3323 2262 3363 Romae.
2276 3325 2427 3381 habebat
2466 3339 2469 3380 g

2332 3382 2429 3418 inter.
2466 3381 2468 3427 !

2466 3490 2467 3510 l

2464 3525 2467 3628 ἒ

2464 3642 2467 3675 l
