2495 3675
409 146 971 212 ErisTOLARuM
1007 147 1113 207 EX
1153 144 1423 205 PonTo
1461 145 1581 203 Lm.
1623 149 1679 206 ir.
1721 104 1898 215 Emsr.
1939 158 2032 218 iv.

2166 178 2259 231 773

386 247 501 302 Nos
530 245 660 310 fora
679 245 929 298 viderunt
956 246 1183 314 pariter,
1224 259 1321 296 nos
1351 242 1587 312 porticus
1617 251 1817 313 omnis,

247 337 320 372 20

466 321 579 372 Nos
610 318 718 379 via,
758 334 853 370 nos
877 314 1068 385 junflis
1095 333 1259 368 curva
1284 313 1485 367 theatra
1511 315 1655 370 Iocis.

393 390 646 461 Denique
673 402 850 442 tantus
875 405 1024 441 amor
1052 388 1200 440 nobis
1220 426 1235 449 ,
1274 387 1563 449 cariilime,
1598 390 1802 463 semper
1820 432 1837 456 ‚

463 465 710 535 Quantus
737 462 789 513 in
816 459 1057 514 AEacidis
1085 458 1468 530 Aeioritlisque
1496 461 1612 514 fuit.

390 536 515 590 Non
546 551 675 603 eg0‚
718 532 930 586 securae
955 530 1162 584 biberes
1187 529 1223 583 fi
1250 534 1437 600 pocula
1466 532 1695 598 LetheS,

471 605 736 660 Excidere
767 605 895 657 haec
921 603 1137 656 credam
1170 603 1384 671 ped-iore
1411 604 1552 672 posse
1582 622 1692 662 tuo.

245 702 315 751 25
391 681 583 748 Longa
612 677 723 730 dies
748 676 901 729 citius
929 674 1148 729 brumali
1174 675 1370 737 sidere,
1408 693 1625 749 noxque

463 749 700 805 Tardior
727 747 944 802 hiberna
972 747 1242 801 solstitialis
1268 748 1382 801 erit.

387 826 506 882 Nec
533 822 772 892 Baby'on
800 820 1026 882 aestum,
1069 836 1169 872 nec
1196 818 1391 889 frigora
1418 820 1618 876 Pontus
1645 824 1886 892 habebit,

459 895 755 964 Calthaque
783 890 1057 947 Paestanas
1081 891 1259 946 vincet
1286 891 1455 948 odore
1483 895 1651 951 rosas:

89 1171 209 1212 potes.
237 1162 419 1200 Numerat
439 1165 562 1196 autem
589 1163 730 1206 praeter
748 1155 819 1192 hos
839 1154 931 1193 duos
951 1153 1019 1194 alia
1041 1157 1136 1194 ami-

90 1226 218 1251 corum
242 1214 279 1250 in
308 1213 363 1249 his
395 1210 489 1247 libris
512 1209 608 1256 paria
627 1219 653 1249 ‚·
675 1216 712 1244 ut
740 1207 1065 1252 Agamemnonem
1097 1209 1135 1245 δε

87 1264 330 1305 Menelaum;
362 1260 549 1298 Castorem
575 1262 609 1294 ὅ(
633 1258 846 1299 Pollucem:
877 1257 1132 1295 Pirithoum&

87 1314 256 1356 Thesea;
282 1312 456 1362 Pyladem
477 1311 513 1347 ὅ(
529 1308 708 1347 Orestem.
743 1308 904 1345 Fannio
936 1309 1050 1346 Nullo
1072 1322 1138 1357 pa·-

88 1365 150 1402 eto
171 1364 312 1402 locutio
334 1365 422 1399 haec
437 1373 520 1398 cum
550 1372 590 1397 ea
606 1387 614 1401 ‚
644 1370 740 1407 quae
760 1361 795 1394 iii
811 1358 983 1403 superiori
996 1358 1042 1395 est
1056 1371 1130 1396 car-

87 1417 215 1457 mine,
244 1414 435 1450 cohaeret:
468 1422 588 1459 neque
623 1409 703 1445 ferri
734 1409 875 1456 potest;
904 1409 1015 1456 idque
1040 1410 1130 1447 vidit

84 1466 184 1503 idem
208 1464 402 1501 Fabricius.
432 1461 472 1498 In
496 1474 572 1499 uno
595 1460 715 1497 Vatic.
736 1458 811 1497 fine
835 1459 904 1497 ulla
924 1459 1052 1496 liturae
1074 1459 1129 1498 su-

85 1515 249 1565 spicione
271 1523 394 1562 aperte
418 1512 568 1560 legitur:

136 1582 305 1628 §Quantus
323 1580 361 1617 in
383 1577 524 1616 Atridis
541 1605 552 1622 ,
581 1576 858 1626 Tyndaridisque
886 1578 967 1621 fuit.

87 1637 207 1686 Quod
225 1639 374 1688 quidem
400 1651 545 1677 carmen
568 1639 658 1677 dixit
681 1642 718 1678 ὃ(
741 1641 798 1678 lib.
823 1654 849 1678 1.
877 1641 984 1689 hujus
1006 1644 1127 1690 operis

86 1688 192 1738 Eleg.
223 1703 290 1727 iix.
329 1690 417 1727 solet
446 1691 545 1728 enim
575 1702 652 1727 non
681 1691 797 1729 solum
832 1692 991 1730 Ovidius
1014 1720 1024 1736 ,
1069 1693 1128 1730 sed

86 1741 197 1777 etiam
225 1741 394 1790 Virgilius
417 1741 555 1788 integra
575 1743 734 1779 carmina
750 1750 924 1790 repetere.
954 1743 1123 1781 CiOFAN.

84 1792 254 1838 Qantus
271 1791 309 1828 in
329 1791 471 1828 AEacide
496 1792 818 1836 Aeloridequefut‘t.
851 1793 1050 1830 Hichiatus
1072 1794 1128 1830 in-

84 1841 203 1878 solens
222 1842 270 1879 est
294 1841 439 1879 Nasoni.
480 1842 559 1879 Nec
590 1842 752 1879 constant
774 1842 835 1879 fibi
855 1842 980 1890 scripta
1002 1855 1128 1880 exem-

86 1891 210 1939 plaria.
233 1893 365 1940 Regius
381 1919 390 1935 ,
415 1892 564 1929 AEacida
578 1893 825 1941 Nestorideque.
857 1893 1130 1942 Polit.Argent.

83 1942 125 1979 ὃς
144 1942 280 1990 septem
304 1943 361 1980 alii
383 1970 393 1986 ‚
431 1942 573 1979 AEacide
595 1943 842 1992 Nestorideque.
899 1943 1121 1982 Antilochus

85 2001 186 2029 certe
224 1993 354 2030 Achilli
392 1990 525 2030 familia
548 1995 574 2030 is
604 1994 642 2031 &
677 1994 814 2030 amicus
843 1993 923 2030 fuit.
961 2004 1121 2042 quatuor

83 2042 143 2079 alii
167 2055 251 2080 cum
286 2043 550 2081 Twisdeniano
574 2071 584 2087 ‚
623 2043 765 2080 AEacide
788 2042 1031 2092 Testorideque.
1060 2044 1120 2082 sed

83 2093 235 2130 Calchas
258 2095 350 2131 inter
371 2097 510 2132 amicos
531 2094 680 2131 Achillis
701 2104 881 2141 nusquam
904 2094 1121 2132 recensetur.

83 2154 296 2191 quanquam
321 2155 466 2192 propter
489 2145 590 2181 illum
620 2156 718 2180 rixae
753 2145 847 2180 inter
874 2143 973 2180 hunc
1005 2144 1044 2181 &
1066 2145 1120 2181 A·

78 2203 370 2241 gameinnonem
393 2203 552 2231 exortae.
580 2203 670 2237 tres,
702 2193 829 2229 Atride
848 2193 1120 2243 Tyndarideque.

79 2243 180 2287 duo,
213 2244 354 2280 Atridis
386 2244 670 2292 Tyndaridisque.
699 2243 757 2280 sed
793 2244 837 2279 de
866 2244 1012 2289 fratrum
1045 2246 1119 2290 pari

77 2295 213 2332 Noster
235 2295 294 2331 hic
314 2307 389 2331 non
410 2297 492 2342 agit.
521 2294 656 2341 septem
674 2322 683 2335 ‚
712 2293 882 2330 AEact'den
914 2294 1118 2331 Actoriden-

76 2357 143 2393 que
176 2345 310 2382 Sarrav.
333 2345 512 2382 AEacidem
534 2345 785 2394 Nestorideque.
814 2343 840 2382 fi
863 2344 952 2394 quid
973 2354 1118 2384 mutan·

77 2395 168 2433 dum
182 2423 190 2438 ‚
219 2395 336 2443 legam
354 2423 365 2439 ,

129 2461 297 2508 Quantus
316 2458 355 2496 in
376 2459 531 2496 AEacidis
554 2460 798 2509 Afforidisque
810 2461 897 2506 suit.

79 2536 166 2563 nam
219 2524 366 2561 Achillis
413 2526 449 2561 ὃ(
495 2525 648 2563 Patrocli
689 2526 848 2562 amicitia
888 2525 1118 2565 nobiliffima.

6 2569 10 2574 ’
78 2575 128 2612 sic
162 2577 320 2612 Hea‘loras
359 2574 450 2610 dixit
487 2575 640 2621 Epistola
678 2575 915 2614 Laodamiae.
973 2579 1117 2615 Herm.

77 2625 336 2671 Interpretatio
368 2624 540 2672 praedura
565 2653 576 2669 ,
624 2636 706 2663 cum
744 2626 1027 2665 confirmatione
1070 2641 1114 2667 ex

76 2676 296 2713 alienissimo
326 2676 413 2713 loco
444 2675 596 2721 (multos
622 2676 693 2712 illic
726 2680 884 2713 Hectoras
916 2678 972 2726 effe
1002 2681 1112 2727 puta)

78 2737 243 2774 captata5
273 2738 341 2763 nec
362 2725 472 2762 lec‘iio
493 2735 617 2762 tamen
642 2739 718 2763 non
739 2728 951 2771 certissima,
976 2731 1115 2765 Actori-

81 2776 145 2812 das
162 2804 171 2816 .
195 2777 354 2824 intellige
369 2776 485 2813 modo
500 2777 737 2814 Menoetium
754 2778 791 2814 &
804 2777 1011 2816 Patroclum
1026 2786 1113 2824 ,ΑΞ-

78 2827 195 2863 acidas
218 2837 340 2863 autem
370 2827 475 2863 Pelea
505 2839 588 2863 curn
611 2827 767 2865 Achille.
820 2829 1010 2876 Nepotum
1031 2833 1112 2879 qui-

79 2876 163 2914 dem
185 2877 361 2913 celebrata
384 2879 495 2925 magis
521 2878 745 2914 sermonibus
768 2879 926 2916 amicitia
949 2907 960 2923 ‚
998 2892 1110 2928 quam

77 2935 202 2965 tamen
226 2935 410 2975 paternam
436 2927 578 2964 actoris
597 2928 785 2976 Aeacique
806 2928 963 2967 filiorum
984 2942 1109 2969 exem-

77 2978 140 3026 plo
159 2978 457 3014 commendatam
483 2979 708 3015 extulerunt:
738 2990 822 3015 nam
844 2980 882 3016 ὃς
908 2981 1038 3017 horum
1061 2982 1110 3019 sa-

78 3037 124 3065 tis
151 3027 198 3064 est
229 3028 349 3064 testata
383 3028 607 3065 necessitudo
642 3030 945 3077 coniundtioque.
974 3043 1110 3080 nempe

77 3078 318 3117 Menoetium
343 3079 518 3115 Pindarus
549 3079 681 3124 aliique
706 3078 819 3116 filium
853 3079 1010 3127 AEginae
1032 3094 1110 3119 me-

78 3135 246 3169 morant,
275 3140 384 3175 quam
410 3130 565 3166 eandem
590 3130 684 3165 Pelei
708 3131 810 3176 patris
825 3140 977 3167 matrem
1001 3134 1109 3170 novi·

79 3190 174 3216 mus.
202 3178 294 3213 hanc
324 3178 500 3225 sanguinis
525 3179 735 3216 societatem
770 3180 1004 3218 adfirmatum
1033 3183 1108 3221 duo

81 3226 243 3275 religiosa
263 3227 446 3264 amicitiae
471 3231 636 3272 vincula3
667 3230 689 3267 fi
715 3231 863 3278 quidem
889 3233 939 3268 uti
958 3232 1115 3272 Diodor.

79 3278 148 3329 §ie
161 3287 290 3319 narrat,
306 3277 408 3313 Pelea
423 3281 606 3320 Menoetis
615 3289 731 3330 pater,
744 3281 853 3321 caede
867 3282 978 3330 saeta,
987 3285 1114 3333 profu-

262 3332 356 3366 Tem.
384 3332 451 3369 111.
870 3333 876 3337 ”

2056 1029 2232 1104 Quam

1189 1165 1278 1204 gum
1309 1155 1348 1194 &
1370 1156 1556 1204 expiavit,
1587 1157 1625 1195 &
1644 1158 1804 1208 hospitio
1830 1159 1875 1198 ad
1913 1162 1947 1201 se
1982 1163 2236 1215 benignissirne

1191 1207 1339 1254 recepit.
1379 1206 1467 1245 lnde
1498 1208 1727 1247 affinitatibus
1747 1222 1897 1260 quoque
1931 1219 2115 1255 connexi:
2145 1231 2233 1259 nam

1192 1255 1432 1295 Philomelam
1460 1259 1586 1296 Peleus
1606 1269 1715 1309 atque
1744 1262 1947 1310 Eurydicen
1972 1266 2155 1306 Menoetii
2176 1271 2234 1307 so·

1192 1318 1308 1346 rores.
1340 1309 1367 1345 is
1385 1317 1506 1346 autern
1536 1309 1629 1347 Pelei
1653 1311 1761 1349 filiam
1789 1313 2004 1360 Polymelen
2029 1316 2143 1356 duxit.
2171 1320 2231 1358 illa

1189 1358 1442 1406 Aristophanis
1474 1361 1510 1397 ὃ(
1543 1361 1730 1408 Apollonii
1759 1364 1972 1403 Scholiastae
1997 1395 2007 1410 ‚
2038 1379 2121 1406 cum
2142 1370 2227 1408 Ho-

1188 1410 1329 1445 merico
1363 1408 1382 1446 e
1413 1411 1577 1460 staphyti
1607 1411 1820 1451 Thessalicis
1853 1416 2118 1464 exscripserunt.
2153 1421 2229 1460 hoc

1186 1459 1440 1506 Apollodorus
1471 1461 1531 1498 lib.
1569 1475 1631 1500 111.
1667 1475 1742 1512 cap,
1771 1476 1818 1501 12v
1862 1466 1933 1512 (ex
1967 1470 2230 1511 emendatione

1184 1509 1291 1547 Galei
1315 1511 1504 1558 nostratis)
1544 1515 1581 1550 ὃ(
1613 1514 1782 1562 Hyginus
1813 1515 1882 1553 fab.
1901 1526 1962 1564 97.
1999 1519 2110 1557 testati
2134 1521 2226 1561 sunt.

1185 1562 1495 1612 monendumque
1517 1564 1634 1601 obiter
1658 1566 1797 1613 Hygini
1830 1566 1978 1612 locum,
2009 1571 2118 1608 etiam
2144 1584 2226 1610 cor·

1183 1621 1359 1659 ruptum,
1391 1614 1695 1652 emendationem
1731 1616 1950 1663 Apollodori
1985 1620 2222 1668 confirmare,

1183 1662 1299 1709 ipsum
1336 1665 1471 1701 mutuis
1495 1666 1614 1713 operis
1635 1694 1646 1709 ‚
1676 1673 1715 1703 ut
1734 1667 1933 1705 consulenti
1954 1680 2120 1709 cernetur
2135 1701 2145 1717 ,
2176 1686 2223 1713 ex

1183 1713 1421 1760 Apollodoro
1444 1715 1565 1752 sanari.
1605 1715 1802 1753 Caeterum
1824 1718 1952 1756 heroas
1974 1720 2119 1767 posthac
2141 1735 2226 1762 nus·

1183 1775 1294 1811 quam
1319 1764 1489 1813 digressos
1511 1793 1522 1809 ‚
1562 1765 1717 1803 eandem
1742 1780 1855 1815 usque
1888 1772 2021 1817 regiain
2042 1800 2051 1815 ,
2076 1772 2138 1810 nifi
2160 1787 2223 1823 per

1184 1814 1352 1850 militiam
1378 1815 1666 1862 Argonauticam
1683 1844 1693 1860 ,
1713 1818 1812 1865 cujus
1834 1826 1984 1866 uterque
2005 1822 2115 1866 socii,
2145 1836 2225 1873 per-

1182 1871 1297 1911 petuo
1320 1863 1492 1901 habitasse
1515 1867 1758 1905 contubernio
1773 1896 1783 1911 ,
1807 1870 1974 1907 credibile
1995 1873 2041 1908 eil
2095 1874 2222 1925 Atque

1183 1914 1277 1951 adeo
1299 1915 1431 1952 Nestor
1464 1917 1502 1953 &
1529 1915 1672 1965 Ulyll'es
1694 1919 1787 1965 apud
1813 1919 2022 1959 Homerum
2052 1923 2152 1961 Iliad.
2174 1932 2222 1965 Λ.

1177 1964 1215 2000 in
1230 1965 1326 2002 Pelei
1347 1965 1464 2003 domo
1477 1967 1636 2004 eundem
1652 1969 1696 2005 ad
1717 1970 1843 2007 focum
1862 1998 1871 2015 ,
1892 1970 2061 2011 AEacidas
2074 1975 2222 2014 Actori-

1177 2012 1313 2062 dasque
1327 2043 1337 2058 ,
1364 2015 1530 2052 Achillen
1546 2018 1582 2053 ὅ(
1596 2017 1803 2057 Patroclum
1820 2048 1829 2063 ,
1844 2033 1926 2058 cum
1948 2023 2088 2061 senibus
2101 2025 2221 2064 offen-

1177 2064 1294 2108 dunt,
1321 2066 1423 2102 sacris
1444 2067 1704 2105 communibus
1717 2080 1898 2116 operatos.
1929 2074 2049 2118 unde,
2077 2075 2138 2113 sub
2152 2089 2219 2115 eo-

1177 2114 1261 2150 dem
1284 2115 1384 2152 tedto
1415 2117 1553 2163 accepti
1583 2116 1674 2154 filios
1704 2118 1841 2157 ducunt
1871 2121 1974 2160 missu
2004 2134 2145 2172 patrum
2176 2128 2216 2166 δε

1179 2165 1352 2213 exemplo
1383 2167 1523 2203 futuros
1554 2166 1718 2206 Troicae
1744 2170 1897 2210 ‘militiae
1929 2178 2217 2216 contubernales.

1177 2213 1352 2254 Aucfoa
1374 2216 1522 2254 Emer.
1548 2219 1751 2256 broseus.
1791 2221 1846 2258 Ex
1870 2224 1949 2260 Viri
1971 2237 2057 2273 ergo
2081 2228 2215 2267 doetis-

1176 2263 1254 2302 fimi
1276 2267 1452 2304 sententia
1472 2268 1667 2316 legendum
1683 2270 1768 2307 esset
1781 2299 1789 2314 ,
1802 2273 1839 2308 in
1851 2276 2004 2311 AEaczdis
2022 2279 2215 2315 Afflomdis·

1174 2317 1350 2364 quefuit,
1379 2329 1462 2354 cuin
1487 2318 1559 2366 ipse
1581 2330 1703 2357 tamen
1728 2321 1881 2360 ediderit
1894 2327 2041 2362 Aeacide
2077 2330 2213 2366 Actori·

1173 2366 1288 2416 deque.
1319 2368 1540 2406 Accedimus
1555 2381 1642 2408 vero
1655 2371 1881 2412 doctiffimae
1893 2377 2180 2425 interpretationi
2196 2408 2210 2425 ‚

1173 2427 1285 2466 quam
1309 2430 1431 2455 veram
1455 2420 1647 2459 credimus.

1224 2477 1284 2517 25.
1316 2476 1427 2517 Longa
1445 2470 1513 2506 dies
1534 2471 1630 2508 citior
1652 2471 1804 2509 brumali
1817 2472 1959 2523 fideres]
2006 2476 2059 2513 Ita
2082 2480 2116 2515 in
2141 2480 2208 2518 Al·

1174 2517 1264 2556 dino
1285 2521 1321 2555 &
1335 2521 1515 2568 antiquis:
1535 2522 1569 2558 in
1585 2522 1709 2559 nostris
1725 2551 1733 2566 ‚
1762 2525 2089 2574 brumalt'tempore,
2105 2531 2206 2577 quod

1174 2567 1196 2605 ὲ
1217 2568 1327 2616 glossa
1358 2571 1499 2608 videtur
1529 2572 1712 2610 insertum.
1753 2574 1912 2612 Fame.
1967 2577 2076 2614 Sidere
2097 2579 2206 2619 estin

1175 2620 1290 2666 priscis
1322 2621 1599 2669 exemplaribus.
1656 2625 1763 2672 Quae
1794 2625 1903 2662 lectio
1936 2626 2098 2666 Fabi-icio
2127 2641 2207 2670 non

1170 2671 1359 2708 immerito
1388 2673 1537 2720 probata
1557 2674 1616 2709 est.
1654 2673 1702 2711 fic
1721 2677 1755 2711 in
1780 2675 1942 2714 Halieut.
1968 2679 2079 2724 dixit,
2107 2682 2207 2728 aesti-

1171 2735 1258 2757 vum
1272 2722 1390 2770 sidus,
1419 2722 1519 2770 quod
1553 2724 1588 2760 ἃ
1618 2726 1825 2762 antitheton
1867 2726 2034 2765 CIOFAN.
2088 2740 2101 2765 (
2120 2732 2205 2770 itius

1172 2771 1309 2809 Sarrav.
1330 2774 1483 2820 Argent.
1504 2774 1537 2810 ὅ(
1561 2774 1617 2810 sex
1638 2775 1705 2812 alii.
1736 2778 1773 2812 ὃς
1797 2788 1862 2823 pro
1883 2789 2046 2827 tempore.
2075 2782 2203 2829 iidem,

1161 2820 1279 2868 fidere.
1309 2824 1505 2871 quomodo
1529 2824 1565 2860 &
1585 2825 1755 2863 meliores
1777 2827 1954 2866 editiones
1989 2829 2124 2869 zffatim
2150 2835 2204 2872 as-

1169 2871 1273 2910 seruit
1294 2873 1579 2921 diligentissimus
1600 2875 1812 2913 Gronovius
1827 2878 2135 2919 Observationum
2158 2884 2203 2924 li-

1169 2921 1233 2959 bro
1254 2935 1316 2961 xit.
1339 2935 1414 2972 cap.
1439 2936 1496 2960 xv.
1519 2924 1696 2962 secundae
1719 2928 1902 2966 editionis.
1931 2942 1998 2968 nos
2027 2935 2068 2969 ad
2091 2933 2202 2973 Clau·

1168 2971 1315 3011 dianum
1348 2986 1499 3022 quoque
1536 2976 1722 3014 nonnulla.
1762 2983 1982 3027 Tempestates
2013 2983 2052 3020 ὃ(
2082 2984 2201 3023 Sidera

1166 3024 1360 3072 conjunxit
1381 3026 1511 3062 Maro:

1219 3088 1319 3133 Quid
1336 3090 1547 3136 tempestates
1567 3093 1748 3128 Autumni
1760 3105 1800 3132 <9-
1815 3092 1927 3141 sidera
1947 3096 2074 3136 dicam.

1168 3137 1307 3176 Hans.
1336 3139 1397 3189 ¹Sic
1415 3140 1596 3177 hibernum
1609 3140 1704 3190 fidus
1723 3143 1811 3181 dixit
1835 3145 1956 3193 Virgil.
1982 3149 2197 3188 1=·.AEnei·d.

1170 3196 1254 3234 309.
1277 3189 1348 3227 vid.
1368 3190 1456 3228 adv.
1471 3192 1551 3228 Met
1574 3194 1656 3229 281.
1677 3205 1742 3240 pro
1754 3195 1854 3230 citius
1868 3224 1878 3240 ,
1895 3196 2028 3234 brevior
2052 3201 2195 3244 R›‹gi'us.

1221 3240 1282 3278 26.
1311 3241 1420 3289 Erit]
1453 3243 1651 3287 Nonnulli,
1680 3255 1765 3281 erat.
1794 3250 1905 3288 Puto,
1927 3247 2196 3286 eat.s1cMer.1.

1170 3302 1306 3329 euntem
1327 3291 1477 3327 detinuit
1489 3296 1642 3342 sermone
1655 3295 1758 3335 diem.
1785 3296 1924 3346 fliius,

1346 3341 1477 3396 fsffs
2038 3358 2096 3393 27.
2125 3352 2195 3385 Nec
