2495 3675
254 166 356 236 782.

718 168 779 227 P.
856 169 1273 231 OVIDII
1343 166 1883 233 NASONIS

895 384 1595 450 EPISTOLA
1697 379 1914 460 V11.f

767 534 855 611 A
963 530 1045 612 T
1191 531 1272 610 T
1406 532 1448 611 I
1572 534 1652 614 C
1792 534 1903 613 O.

659 705 746 761 Sse
773 703 1051 760 salutatum
1076 705 1191 759 vult
1217 716 1271 759 te
1297 722 1417 761 mea
1440 705 1591 760 litera
1615 707 1850 778 primum

731 782 785 834 A
807 779 946 832 male
972 779 1200 850 pacatiS‚
1238 779 1460 841 Attice,
1497 778 1641 833 mifla
1671 778 1847 833 Getis

543 853 799 907 Proxima
822 849 1182 923 subsequitur,
1221 851 1354 924 quid
1384 869 1532 923 agaS‚
1567 852 1754 907 audire
1781 851 2038 925 voluptas,

614 925 687 980 Et
719 924 782 988 fi,
820 923 1088 996 quidquid
1115 940 1264 995 agaS‚
1302 925 1362 979 sit
1390 925 1487 979 tibi
1512 942 1638 980 cura
1665 926 1787 979 mei.

390 1010 422 1063 5
533 996 653 1054 Nec
678 997 871 1051 dubito
896 1001 1028 1069 quin
1049 996 1136 1050 fit:
1174 997 1265 1051 sed
1290 1015 1377 1053 me
1403 998 1566 1052 timor
1589 997 1698 1069 ipse
1726 999 1992 1055 malorum

609 1071 776 1142 Saepe
801 1069 1155 1141 supervacuos
1177 1072 1327 1143 cogit
1353 1070 1549 1125 habere
1576 1082 1771 1125 metus.

533 1143 621 1198 Da
647 1143 885 1205 veniam,
922 1144 1145 1215 quaese,
1186 1144 1461 1215 nimioque
1486 1143 1702 1214 ignosce
1732 1143 1932 1200 timori.

607 1215 949 1289 Tranquillas
981 1216 1144 1270 etiam
1167 1216 1450 1287 naufragus
1474 1215 1662 1270 horret
1686 1232 1864 1288 aquas,

531 1289 644 1362 Qui
676 1289 836 1343 semel
863 1287 939 1343 est
964 1288 1127 1343 laesus
1153 1289 1323 1343 fallaci
1349 1288 1500 1360 piscis
1526 1287 1589 1343 ab
1615 1288 1774 1343 hamo
1790 1326 1808 1352 ,

388 1379 451 1416 10

600 1361 867 1417 Omnibus
894 1379 1030 1417 unca
1056 1361 1188 1416 cibis
1211 1380 1331 1417 aera
1358 1359 1558 1416 subeffe
1582 1373 1751 1433 putat.

534 1436 632 1492 Sae
674 1453 704 1490 e
730 1453 917 1491 canem
939 1436 1099 1507 longe
1125 1434 1293 1490 visum
1319 1434 1456 1506 fugit
1485 1451 1646 1506 agna,
1683 1434 1979 1509 lupumque

663 1507 836 1573 redit,
863 1508 919 1562 &
947 1508 1054 1581 ipsa
1080 1507 1228 1563 suam
1257 1508 1433 1563 nescia
1454 1507 1585 1562 vitat
1613 1524 1791 1580 opem.

527 1580 784 1637 Membra
809 1580 1164 1636 reformidant
1189 1582 1411 1636 mollem
1437 1598 1656 1652 quoque
1681 1582 1850 1637 saucia
1877 1583 2101 1640 tatium:

608 1655 871 1727 Vanaque
896 1653 1130 1709 sollicitis
1156 1654 1349 1709 incutit
1376 1653 1562 1709 umbra
1585 1667 1817 1711 metum&

389 1746 452 1797 15
529 1727 617 1784 Sic
644 1745 750 1800 ego
776 1727 1046 1783 Fortunae
1071 1726 1189 1783 telis
1213 1726 1457 1782 confixus
1481 1726 1704 1798 iniquis,

598 1801 826 1856 Pediore
851 1800 1104 1872 concipio
1130 1801 1205 1856 nil
1232 1800 1329 1857 nisi
1353 1799 1497 1856 triste
1526 1816 1669 1856 meo·

288 2075 324 2114 3.
350 2062 451 2114 §Quid
468 2075 550 2114 agas
567 2062 689 2102 audire
709 2061 914 2113 voluntas]
955 2063 1118 2115 Voluptas
1139 2074 1186 2103 ex
1205 2063 1287 2103 me2

241 2111 403 2156 fioribus·
430 2116 575 2153 HEms.

287 2178 326 2218 4.
355 2172 400 2204 Et
420 2168 517 2204 modo
540 2195 550 2212 ,
588 2165 755 2218 quicquid
781 2179 864 2214 agas
883 2192 893 2210 ‚
914 2164 965 2214 fit
983 2165 1049 2203 tibi
1069 2179 1154 2202 cura
1173 2164 1279 2215 mei.]

237 2216 293 2255 Ita
314 2218 513 2266 legendum
537 2217 667 2255 censeo
685 2244 696 2261 ,
733 2218 771 2253 &
803 2220 853 2254 ita
872 2218 983 2254 etiam
999 2217 1134 2254 Aldina
1164 2217 1281 2254 editio

237 2268 359 2306 habet.
404 2268 463 2306 Est
493 2276 616 2306 autem
640 2267 756 2306 sensus
779 2280 789 2306 t
815 2267 991 2305 Proxima
1019 2267 1189 2305 voluntas
1210 2266 1286 2305 five

237 2319 415 2369 cupiditas
438 2319 487 2357 est
510 2346 520 2364 ,
555 2319 680 2357 audire
712 2318 802 2368 quid
837 2329 947 2367 agas:
986 2317 1120 2356 deinde
1145 2347 1154 2363 ,
1182 2319 1287 2367 quic-

236 2370 326 2420 quid
346 2371 497 2408 tandem
529 2380 611 2418 agas
632 2397 642 2414 ,
679 2381 724 2407 an
757 2369 798 2407 sit
826 2369 944 2407 modo
975 2381 1059 2408 cura
1080 2370 1145 2407 tibi
1165 2370 1287 2419 aliqua

237 2422 324 2460 mei.
362 2421 488 2459 Postea
519 2420 623 2470 quod
648 2420 821 2470 sequitur.
858 2421 1034 2459 Micrtr..
1087 2420 1227 2459 SarraV.
1247 2422 1286 2459 ὅ(

238 2471 315 2511 duo
337 2472 395 2510 alii
411 2501 420 2518 ,
452 2477 496 2508 Et
508 2474 539 2520 s¹
561 2471 647 2523 quid
667 2471 738 2520 agis
755 2471 825 2520 fit,
853 2471 988 2510 omisso
1010 2472 1059 2519 ’τῷ
1080 2471 1190 2509 modo.
1218 2483 1285 2520 pro

240 2534 320 2573 quo
342 2524 425 2569 alii,
454 2522 534 2560 bene
564 2534 650 2561 cum
683 2523 954 2571 Argentinensi.
988 2523 1072 2566 alii,
1093 2523 1198 2572 jam,
1227 2523 1287 2561 vel

242 2584 283 2610 tu
297 2602 306 2619 ,
335 2574 395 2612 vel
416 2586 507 2611 nunt
522 2601 532 2618 ‚
564 2575 601 2611 ὅ(
620 2572 761 2611 similia.
799 2573 920 2611 Scribe
938 2602 950 2620 ,
977 2573 1091 2622 Etfi,
1119 2573 1287 2624 quicquid

243 2636 318 2671 ages
333 2652 341 2667 ‚
362 2622 411 2673 stt
433 2624 497 2661 tihi
533 2637 616 2660 cura
647 2624 726 2660 mei.
762 2624 889 2673 Atque
909 2625 958 2662 ita
978 2633 1049 2663 tres
1064 2625 1196 2674 scripti.
1222 2624 1290 2664 nisl

245 2676 346 2723 quod
369 2676 404 2712 in
425 2676 489 2719 iis,
518 2688 612 2723 agas.
648 2673 764 2722 posset
786 2677 895 2712 etiarn
917 2677 1072 2723 reponi,

245 2725 353 2813 HEsl
375 2725 473 2770 bene,
503 2724 671 2776 quicquid
692 2737 796 2774 agas,
816 2724 851 2774 fi
869 2724 934 2764 tihi
957 2739 1040 2764 cura
1059 2726 1126 2764 mei
1147 2725 1203 2775 est.

291 2786 394 2813 Eius.

300 2839 333 2873 ς.
361 2825 423 2862 Sed
443 2839 496 2862 me
511 2825 615 2863 timor
633 2826 696 2875 ipse
708 2826 881 2864 malorum
901 2827 993 2877 eya]
1022 2828 1112 2866 Non
1124 2827 1168 2865 de
1187 2839 1291 2876 prae-

246 2875 404 2914 sentibus
425 2877 526 2913 malis
547 2877 647 2914 exilii
664 2884 808 2915 tantum
828 2878 1108 2927 intelligendum
1125 2905 1136 2922 ,
1164 2879 1222 2916 sed
1242 2880 1288 2917 de

249 2926 541 2975 quibuscunque.
561 2935 600 2964 ut
621 2926 662 2964 sit
679 2927 818 2965 sensus:
848 2928 918 2966 Sed
948 2930 1084 2974 timor,
1111 2941 1188 2978 quo
1210 2929 1291 2967 sub-

252 2976 338 3014 inde
359 2977 426 3013 alia
451 2986 559 3025 atque
590 2977 658 3014 alia
690 2978 783 3015 mala
807 3005 817 3022 ,
855 2989 971 3027 eaque
994 2991 1038 3017 ex
1066 2982 1171 3018 omni
1192 2989 1292 3028 parte

248 3027 368 3064 timeo
382 3054 391 3070 ,
426 3027 511 3063 facit
526 3053 535 3070 ‚
562 3036 601 3065 ut
621 3028 759 3065 multos
779 3029 1066 3077 supervacaneos
1085 3039 1206 3070 metus
1228 3032 1294 3070 ha·

249 3077 372 3116 beam.
399 3077 573 3113 Micrm..

304 3137 343 3175 7.
371 3126 541 3176 Qaesa]
580 3127 670 3176 Faffl
697 3127 813 3167 Servii
834 3128 952 3167 codex
967 3157 976 3174 ,
996 3130 1034 3167 ὅ(
1050 3131 1271 3171 Ms.ssersm.

307 3190 341 3225 9.
373 3182 497 3224 Laesus
512 3176 677 3224 fallacu]
727 3180 803 3226 (Qti
817 3180 921 3227 semel
939 3181 983 3226 est
996 3181 1102 3226 sacili
1118 3183 1215 3229 piscis
1238 3184 1295 3220 de-

252 3229 394 3279 prensus
412 3226 456 3263 ab
484 3226 586 3262 hamo
617 3227 757 3265 Fames.
788 3241 831 3265 an
863 3241 939 3267 non
964 3242 1030 3279 pro
1053 3230 1161 3278 laesus
1182 3234 1293 3270 etiam

2270 1931 2393 2005 jam

1341 2061 1508 2153 piesricqgo
1529 2062 1683 2113 doetus,
1710 2063 1885 2106 omnibus
1905 2065 1991 2107 escis
2010 2075 2114 2118 putat
2133 2069 2288 2111 hamum
2310 2072 2394 2122 sub-j

1343 2127 1363 2153 e
1395 2129 1427 2153 e·
1487 2128 1587 2157 URM.

1369 2194 1454 2239 ‚¹0·
1480 2185 1607 2235 Subeffe
1619 2188 1764 2239 putat.]
1817 2189 1931 2229 Timet
1953 2191 2100 2232 codices
2132 2193 2300 2242 ssarrhii,
2318 2196 2385 2245 Ju·‘,

1339 2243 1440 2270 man.
1463 2236 1501 2272 &
1521 2236 1658 2275 Bersm.

1395 2310 1450 2346 14
1473 2300 1610 2356 'Incitat
1629 2302 1756 2340 umbra
1774 2304 1947 2355 metum]
1975 2306 2126 2352 Scribo,
2151 2308 2292 2348 incutit.
2317 2311 2387 2348 ne·³

1342 2360 1417 2406 que
1426 2350 1538 2406 *aliter
1558 2364 1625 2400 pro
1647 2354 1784 2393 diversa
1803 2355 1966 2394 lenione
1987 2357 2278 2398 Barberinianus.
2307 2360 2388 2399 Sar-

1343 2411 1432 2439 ravu
1453 2402 1597 2447 codex,
1625 2404 1808 2443 immutat.
1844 2407 2035 2446 mendose.
2064 2418 2252 2456 terrorem,
2281 2412 2386 2449 timo-

1341 2465 1414 2489 rem
1430 2480 1439 2497 ,
1465 2462 1631 2501 pavorem
1647 2483 1657 2500 ,
1685 2466 1817 2494 metum
1837 2456 1989 2495 incutere
2014 2460 2140 2507 paffim
2164 2462 2260 2510 apud
2281 2463 2393 2502 Cice&

1341 2514 1471 2541 ronern
1493 2506 1531 2542 &
1554 2506 1721 2546 Livium.
1748 2508 1899 2548 Hsms.
1926 2509 2092 2548 Sollicitos
2115 2512 2244 2550 incitat
2262 2514 2392 2553 umbra

1342 2565 1454 2611 metus
1476 2556 1582 2595 Leid.
1603 2558 1796 2606 sollicitum
1831 2560 1982 2599 concitat
2012 2561 2137 2600 umbra
2168 2574 2302 2602 metum
2323 2566 2391 2612 Ju-

1343 2617 1442 2662 man,
1469 2607 1517 2645 fic
1539 2608 1710 2654 fhllicitus
1736 2620 1848 2647 metus
1875 2611 1937 2649 lib.
1958 2624 2022 2650 ιιι.
2053 2625 2103 2651 11.
2128 2625 2182 2652 12.
2211 2615 2251 2652 &
2281 2616 2389 2654 timor

1338 2656 1508 2713 solltcitus
1529 2659 1639 2707 Epist.
1659 2673 1687 2699 1.
1713 2673 1768 2698 12.
1796 2661 1834 2699 δε
1855 2662 1953 2700 alibi.
1973 2663 2051 2711 post
2075 2664 2175 2702 hunc
2193 2665 2335 2705 versum
2347 2667 2388 2707 in

1344 2718 1461 2756 prima
1481 2708 1646 2748 editione
1669 2710 1832 2749 additum
1855 2712 2022 2761 ineptum
2044 2713 2246 2762 distichon,

1397 2770 1434 2807 se·
1454 2771 1590 2808 volucri
1610 2782 1726 2821 captae
1747 2773 1810 2810 dat
1824 2773 1898 2821 fhrs
1917 2775 2063 2813 evadere
2077 2777 2160 2824 poffe
2173 2804 2184 2821 ,

1344 2868 1372 2907 B
1449 2822 1614 2860 Partibus
1630 2828 1668 2862 in
1687 2825 1816 2862 cunetis
1836 2825 1893 2874 effe
1909 2834 2015 2875 putat
2038 2826 2216 2877 laqueum.

1377 2884 1478 2910 unm.

1400 2942 1458 2979 ῐς.
1486 2932 1653 2978 Confixus
1681 2934 1852 2986 iniquis]
1907 2935 2057 2974 Refflus
2089 2937 2293 2987 legeretur,
2319 2939 2390 2979 ini-

1349 2993 1437 3029 quae
1451 2992 1511 3027 ,ut
1536 2985 1708 3023 Heinsius
1730 2987 1768 3023 in
1787 2997 1852 3024 ora
1870 2985 1950 3025 libri
1961 2998 2178 3027 correxerat.
2194 2990 2243 3027 ita
2253 2990 2312 3028 lib.
2333 3004 2389 3031 ιν.

1350 3031 1454 3081 Eleg.
1475 3046 1528 3071 vx.
1554 3044 1613 3084 39.

1403 3090 1458 3120 At
1469 3083 1504 3132 fi
1524 3099 1624 3133 quem
1645 3084 1738 3123 laedi
1758 3092 1910 3125 Fortuna
1928 3087 2036 3124 cernis
2053 3087 2189 3137 iniqua.

1349 3132 1493 3180 Juretus
1524 3136 1568 3173 ad
1591 3136 1805 3184 Symmach.
1834 3150 1862 3174 1.
1880 3138 1948 3185 Ep.
1967 3146 2030 3185 94.
2068 3138 2153 3176 citat
2178 3167 2187 3183 ,
2217 3141 2389 3187 fortunae

1349 3183 1428 3220 telis
1444 3184 1596 3231 confixus
1617 3188 1739 3224 acutis.
1767 3187 1888 3224 nescio
1908 3197 1952 3223 an
1977 3199 2022 3223 ex
2040 3186 2147 3227 libris.
2166 3190 2297 3231 Bunm.

1405 3246 1462 3280 17.
1490 3236 1665 3285 coeptos]
1694 3242 1812 3272 Certos
1830 3235 1998 3274 Leidens.
2020 3238 2056 3274 &
2077 3239 2246 3279 Francos.
2263 3245 2388 3294 greffits

254 3282 380 3318 liceret
397 3278 541 3325 legere,
569 3277 679 3333 lapsu}
696 3287 710 3315 ,θ
734 3286 772 3314 ut
793 3278 870 3316 fieri
892 3280 981 3318 solet
1002 3280 1106 3328 saepe
1127 3282 1163 3319 in
1178 3283 1290 3340 pisca7
1347 3284 1459 3322 etiam
1486 3293 1557 3322 tres
1575 3286 1919 3340 alii3casusuMoreti
1934 3288 1971 3323 &
1994 3287 2052 3324 sex
2075 3290 2145 3330 alii.
2171 3291 2388 3343 liquentAr-

252 3339 318 3377 tu,
339 3338 378 3369 ut
401 3328 559 3369 elabatur
585 3327 687 3378 piscis
717 3339 795 3367 non
817 3328 910 3370 bene
937 3329 1027 3373 fixus
1047 3332 1161 3372 hamo
1185 3359 1197 3379 ,
1223 3344 1289 3383 qut
1343 3342 1443 3385 gent.
1467 3336 1504 3374 &
1524 3334 1701 3374 tredecim
1724 3334 1796 3375 alii.
1817 3345 1876 3387 per
1898 3337 1989 3376 mihi
2009 3338 2097 3382 duo,

2230 3405 2289 3444 19.
2315 3395 2388 3444 Ob:
