2495 3675
485 185 1120 257 TRISTIUM
1189 184 1377 245 ιη.
1451 182 1489 240 1.
1568 143 1886 239 Eamne

2107 180 2208 255 5492

345 297 505 354 Nunc
529 311 748 370 quoque
772 303 886 347 tuta
907 303 1101 362 precor
1125 280 1249 339 vasti
1274 279 1417 335 secet
1445 275 1571 332 ostia
1594 273 1788 336 Ponti;

418 370 675 443 Quasque
700 369 865 440 petit,
907 360 1091 417 Getici
1115 355 1284 412 litoris
1307 355 1471 408 intret
1497 365 1671 421 aquas.

208 462 273 515 15

348 444 504 517 Quae
532 441 681 497 simul
705 437 915 494 AEoliae
937 448 1083 488 mare
1111 447 1198 484 me
1224 424 1449 481 deduxit
1470 424 1527 478 in
1554 419 1772 481 Helles,

427 516 499 571 Et
525 516 745 585 longum
776 506 924 563 tenui
948 504 1116 560 limite
1141 501 1272 555 fecit
1297 500 1431 558 iter;

348 589 620 645 Fleximus
647 588 702 640 in
727 584 934 636 laevum
959 578 1165 632 cursus:
1204 572 1259 626 &
1281 572 1344 625 ab
1372 566 1626 625 Hefioris
1653 561 1784 620 urbe

424 660 684 718 Venimus
704 655 772 709 ad
797 666 1012 723 portuS,
1053 647 1244 702 Imbria
1269 658 1408 698 terra
1434 655 1571 696 tuos.

346 733 479 791 Inde
503 730 606 786 levi
633 740 796 784 vento
811 721 1106 796 Zerynthia
1128 721 1283 773 litora
1307 713 1497 778 nafiiS,

204 830 276 866 20

110 1040 156 1076 ⁴9.
187 1024 348 1064 Primum
368 1017 457 1059 mihi
474 1014 609 1066 cognita
628 1010 767 1062 terris.]
796 1011 886 1050 Non
907 1007 1028 1052 terris,
1049 1004 1109 1044 sed

62 1076 232 1119 cenchris
249 1071 448 1124 legendum
470 1067 733 1106 est.M1=.Rur.A,
761 1062 964 1101 Sedtamen
980 1060 1016 1098 ὅ(
1030 1063 1111 1095 Ἰεν-

62 1131 115 1170 ris
151 1141 228 1168 non
260 1135 376 1176 usque
419 1119 514 1159 adeo
542 1113 787 1158 incommode
822 1113 964 1161 legetur
988 1138 998 1155 ‚
1044 1120 1111 1157 pro

63 1180 148 1220 oris
169 1178 302 1218 scilicet
332 1180 541 1222 acceptum.
583 1168 629 1206 In.
656 1163 823 1204 cenchris
847 1170 974 1201 autem
999 1160 1112 1198 etiam

63 1232 181 1282 figura
202 1225 379 1279 Synizefis
397 1219 625 1262 admittenda
655 1217 704 1256 est
725 1229 734 1254 2
772 1224 811 1254 ut
838 1211 1020 1252 Cenchreis
1039 1209 1116 1248 tris·

67 1281 259 1333 syllaburn,
268 1289 334 1328 pro
346 1272 533 1325 diffyllabo
543 1271 581 1309 in
596 1266 782 1308 scansione
793 1265 928 1304 veniat.
940 1264 1118 1300 Miciirr..

71 1332 183 1372 Terris
203 1328 402 1380 legendum
435 1336 482 1362 ex
501 1321 645 1361 duobus
674 1319 798 1356 Vatic.
829 1327 908 1353 non
937 1312 1118 1356 cenchris,

66 1392 112 1424 >ut
131 1383 266 1433 placuit
284 1376 452 1418 Merulae
476 1402 488 1419 ,
524 1373 589 1422 qui
612 1370 648 1409 id
668 1370 829 1419 primum
849 1373 992 1405 mutare
1014 1362 1116 1400 ausus

71 1435 153 1474 est:
193 1433 377 1472 rationem
405 1437 499 1465 mox
527 1421 693 1461 reddam.
722 1420 892 1457 CiorAN.
938 1414 1050 1452 Terris
1079 1414 1117 1451 &

72 1484 207 1524 Teucris
234 1484 273 1521 ὅ(
300 1478 428 1519 similia
447 1477 484 1514 in
510 1473 607 1512 libris
637 1471 784 1520 scriptis.
808 1465 1006 1517 legendum
1029 1469 1120 1501 Cen-

28 1566 32 1571 .
66 1536 190 1575 chais.
224 1532 310 1571 vide
341 1537 448 1569 notas
469 1527 627 1564 Metam.
657 1534 730 1560 v11.
755 1519 811 1563 xrs.
831 1530 914 1565 224.
943 1517 1120 1561 Κενχρέαι

67 1586 234 1626 Graccis.
252 1577 563 1620 Cenchreasetiam
581 1572 759 1623 appellat,
780 1580 866 1608 cum
879 1568 937 1606 alii
951 1594 960 1611 ,
973 1575 1054 1604 tum
1068 1567 1123 1603 A-

72 1637 214 1688 pulejus
226 1634 382 1671 Metam.
393 1643 426 1668 x.
438 1628 500 1667 sub
513 1626 626 1664 finem
644 1623 727 1673 ,qui
745 1622 934 1671 optimum
953 1617 1122 1667 illicpor-

72 1697 156 1728 tum
178 1685 248 1724 esse
267 1694 336 1722 nos
354 1681 477 1720 docet.
504 1677 648 1714 Herus.

128 1750 143 1777 1
155 1749 186 1776 1.
214 1742 342 1784 Perque
360 1742 410 1770 tot
427 1726 609 1777 mentm]
639 1724 730 1762 Non
751 1722 869 1771 placet
888 1720 947 1759 ille
965 1719 1117 1769 rhytmo

72 1789 266 1841 proximus
289 1785 396 1823 sonus
418 1810 429 1827 ,
466 1788 610 1817 eventus
634 1777 672 1814 &
702 1773 818 1811 ventis
836 1800 846 1817 ,
884 1782 1007 1820 neque
1028 1769 1119 1818 quid

73 1843 137 1881 hic
156 1851 219 1889 per
248 1845 391 1874 eventus
416 1830 593 1878 intelligat
613 1855 624 1873 ,
659 1825 739 1865 satis
760 1825 999 1877 capio.quare
1019 1820 1120 1871 lege-

74 1903 153 1933 rem
171 1918 181 1935 ,
208 1888 235 1927 fi
256 1886 402 1926 codices
423 1883 613 1924 faverent,

130 1959 262 2002 Perque
282 1958 334 1987 tot
352 1942 561 1994 adversis&
578 1939 710 1994 iniquis
730 1937 862 1979 concita
882 1936 1000 1977 ventis

180 2008 350 2053 AEquora.

43 2067 51 2071 ’
76 2067 220 2109 >adversi
237 2065 340 2105 venti
366 2060 497 2103 diversi
526 2060 607 2100 sunt
627 2057 672 2097 ab
691 2057 849 2107 iniquis,
876 2056 940 2104 qui
962 2054 1042 2093 sunt
1062 2064 1129 2091 ve-

79 2122 297 2162 hementes,
324 2114 524 2166 procellam
546 2113 583 2149 &
603 2108 858 2159 tempestatem
871 2103 1127 2145 ferentes.vid.

81 2171 129 2210 ad
153 2169 263 2219 Epist.
279 2179 327 2206 11.
346 2177 405 2215 35.
433 2163 603 2202 Francius
616 2189 628 2206 ,
654 2161 767 2199 etiam
789 2170 869 2196 non
889 2157 1008 2195 ferens
1027 2155 1129 2204 rhyt-

82 2223 226 2261 micum
257 2219 361 2258 illum
393 2215 526 2254 sonum
548 2240 559 2256 ‚
594 2211 758 2261 legebat,
783 2217 907 2259 perque
927 2217 978 2245 tot
1006 2209 1131 2252 anfra-

86 2275 170 2312 elus.
189 2282 267 2310 non
278 2268 374 2307 rnale
389 2294 400 2311 ,
421 2263 604 2305 sicodices
616 2263 805 2312 juvarent.
823 2270 909 2298 narn
930 2257 1030 2296 verbi
1051 2257 1129 2305 ejus

85 2324 166 2362 usus
185 2324 222 2361 in
241 2319 522 2369 navigationum
553 2314 672 2353 curvis
702 2313 741 2350 ὃ(
761 2308 946 2350 fluctuosis
968 2307 1131 2355 ambagi-

84 2374 152 2413 bus
195 2371 244 2410 est
272 2372 456 2421 frequens.
486 2365 560 2405 vid.
600 2363 723 2403 Barth.
751 2361 799 2401 ad
825 2361 914 2399 Stat.
942 2370 978 2398 v.
1008 2358 1132 2396 Theb.

120 2437 177 2464 10.
204 2423 337 2461 Eum.

91 2439 108 2475 ς
148 2487 202 2513 12.
228 2478 321 2510 Tuta
334 2467 452 2518 fnit.]
499 2467 627 2504 Immo
647 2491 658 2508 ,
687 2463 785 2512 fugit
806 2473 891 2500 curn
911 2457 1134 2498 melioribus.

88 2527 237 2566 Herus.
270 2519 431 2558 Palladio
461 2529 601 2555 munere
620 2515 728 2563 prim.
756 2514 877 2550 Vatic.
900 2513 938 2549 &
968 2511 1135 2560 quinque

94 2578 154 2615 alii
175 2585 258 2613 curn
279 2573 386 2620 prim.
407 2567 502 2606 Edit.
524 2564 611 2604 illud
633 2563 729 2613 fugit
761 2574 850 2600 vero
865 2590 875 2607 ,
904 2560 1136 2609 sequentibus

93 2638 186 2664 nunc
206 2635 336 2675 qunque
356 2631 433 2658 nori
450 2618 528 2655 satis
543 2624 626 2665 apte
653 2624 854 2663 congruere
876 2611 1020 2649 videtur
1034 2639 1044 2654 ,
1071 2609 1138 2647 nifi

93 2679 133 2717 in
164 2673 340 2725 praesenti
370 2670 531 2718 capiatur
555 2695 565 2712 ,
603 2664 707 2715 quod
728 2663 848 2701 versus
869 2664 962 2701 ratio
984 2660 1139 2712 respuit:

92 2738 205 2779 quare
219 2726 294 2773 fuit
314 2722 407 2760 mihi
430 2719 543 2768 magis
562 2715 705 2754 arridet.
733 2714 865 2753 Burm.

153 2790 210 2825 14.
238 2772 368 2823 Petit.]
397 2778 491 2808 Petet
514 2768 622 2806 Polit.
641 2774 808 2815 uterque.

153 2840 211 2876 15.
239 2823 371 2864 AEoliae
392 2819 541 2869 Hellen]
591 2816 716 2855 AEolia
746 2816 789 2854 ab
816 2815 941 2854 AEolia
960 2814 1140 2863 regione,

98 2877 288 2930 quondam
320 2872 440 2923 Mysia
468 2869 669 2920 appellata,
696 2879 790 2917 quae
812 2866 1056 2914 Hellesponto
1077 2863 1141 2901 ad-

97 2931 220 2981 jacet;
249 2926 309 2964 vel
328 2925 371 2963 ab
390 2922 507 2961 AEolo
528 2932 600 2958 avo
615 2947 626 2964 ‚
656 2920 718 2967 qui
742 2917 886 2966 regioni
906 2926 1046 2953 nomen
1069 2914 1140 2951 im-

102 2980 233 3029 posuit.
260 2977 426 3015 Mintur..
450 2972 496 3010 Et
519 2969 622 3020 quod
642 2968 775 3006 AEolus
799 2966 1029 3005 Athamantis
1042 2973 1143 3012 pater

102 3030 193 3075 fuit,
219 3038 314 3079 quae
335 3025 395 3063 vel
415 3021 598 3073 potiffima
616 3019 709 3059 ratio
730 3019 790 3058 est.
818 3019 996 3056 Micui..
1036 3015 1146 3051 AEoli-

107 3081 170 3118 dae
190 3076 331 3118 Moreti
353 3077 392 3114 &
413 3071 583 3112 Leidens.

162 3133 219 3168 16.
245 3127 352 3166 Tenui
388 3122 540 3173 limita]
605 3119 647 3158 Id
675 3118 864 3169 fignificari
892 3125 983 3167 puto
1003 3144 1014 3161 ,
1042 3114 1146 3165 quod

109 3180 228 3220 nostra
243 3179 367 3228 lingua
377 3176 532 3215 dicimus
551 3182 677 3210 terraa
695 3170 982 3207 terra.C101=AN.
1011 3166 1150 3203 Trami-

113 3240 157 3320 εἰ,
173 3229 373 3316 ςίίὶοιῑοῐρὴ.
396 3238 492 3277 quae
523 3223 654 3264 eadem
683 3220 868 3260 diversitas
899 3219 949 3258 est
970 3246 980 3266 ‚
1017 3218 1076 3257 lib.
1103 3227 1151 3257 11.

118 3323 122 3327 .
160 3291 188 3318 n
219 3290 328 3325 ·477-

167 3338 319 3393 Discolqrj
335 3350 374 3391 us
394 3339 480 3393 resto
495 3337 660 3389 grassetur
679 3335 791 3378 limite
808 3333 919 3385 miles.

422 802 742 861 Threiciam
770 798 947 870 tetigit
974 793 1098 850 feffa
1117 792 1293 849 carina
1322 790 1535 844 Samon.

2097 850 2206 908 Sal-

1165 1004 1204 1043 &
1223 1001 1320 1053 apud
1343 999 1475 1039 Claud.
1496 1011 1541 1039 11.
1558 997 1595 1037 in
1616 995 1703 1035 Ruf.
1725 996 1812 1046 350.

1475 1075 1558 1100 nam
1580 1072 1687 1099 cetera
1704 1069 1831 1111 pontus

1217 1116 1352 1155 Circuit
1366 1143 1376 1161 ‚
1405 1114 1522 1163 exiguo
1542 1111 1662 1150 dirimi
1675 1113 1712 1161 se
1730 1109 1875 1149 tramite
1889 1107 2014 1160 passus}

1170 1182 1232 1221 ubi
1252 1184 1290 1221 &
1310 1181 1420 1220 limite
1449 1183 1537 1219 Mes.
1558 1182 1594 1219 ὅ(
1613 1179 1707 1217 alibi.
1735 1179 1794 1216 hic
1827 1188 1917 1215 vero
1945 1173 2037 1213 nihil
2057 1177 2203 1214 muteni

1168 1234 1335 1283 intelligit
1354 1234 1451 1271 enim
1466 1232 1739 1280 navigationem
1760 1241 1822 1278 per
1835 1238 1936 1265 mare
1952 1225 2136 1275 AEgaeum
2149 1254 2159 1269 ,
2172 1233 2216 1264 ut

1170 1284 1273 1333 Eleg.
1301 1285 1373 1334 seq.
1396 1283 1449 1327 >ss.
1471 1283 1505 1321 8.
1532 1281 1633 1333 quod
1664 1292 1750 1319 cum
1781 1279 1931 1328 plenum
1964 1276 2082 1315 insulis
2103 1275 2214 1321 esset,

1171 1337 1265 1374 inter
1294 1348 1382 1385 quas
1412 1335 1528 1372 cursus
1559 1332 1765 1382 dirigendus
1794 1338 1869 1367 erat
1894 1355 1905 1374 ,
1945 1339 2021 1365 non
2043 1334 2214 1376 poterant

1170 1386 1245 1424 lato
1266 1398 1428 1436 aequore
1449 1386 1621 1433 navigare
1636 1411 1646 1428 ,
1676 1382 1734 1420 sed
1751 1381 1854 1420 tenui
1876 1379 1993 1417 limite
2014 1377 2218 1416 currebant.

1173 1437 1221 1475 ita
1239 1438 1361 1486 gracili
1381 1435 1492 1474 limite
1523 1436 1568 1473 de
1590 1434 1759 1472 Formica
1782 1432 1892 1475 dicit,
1918 1429 1977 1467 lib.
1990 1440 2023 1466 v.
2046 1428 2218 1477 Eleg.v1.

1174 1488 1343 1526 nondum
1368 1499 1456 1525 vero
1472 1485 1753 1534 Hellespontum
1774 1483 1915 1528 attigit,
1944 1489 1983 1518 ut
2006 1491 2049 1517 ex
2062 1479 2217 1528 sequen-

1173 1539 1268 1577 tibus
1286 1548 1444 1588 apparet.
1473 1539 1510 1575 ὃς
1537 1537 1610 1585 ipse
1639 1534 1797 1573 Ovidius
1817 1541 2015 1581 antequam
2045 1541 2092 1568 eo
2113 1530 2219 1567 veni-

1175 1600 1255 1634 ret,
1282 1592 1317 1627 in
1339 1600 1471 1627 terram
1502 1584 1673 1636 ingressus
1695 1585 1754 1623 est.
1782 1585 1831 1622 ita
1854 1591 1893 1621 ut
1916 1581 1977 1620 hic
1998 1580 2223 1628 Hellespon&

1177 1648 1233 1678 tus
1253 1642 1412 1690 capiatur
1431 1639 1551 1678 latiori
1572 1635 1878 1675 denominatione
1898 1644 1963 1682 pro
1983 1640 2082 1681 parte
2106 1632 2220 1669 Maris

1177 1690 1289 1740 AEgei
1312 1692 1480 1741 proxima
1495 1688 1737 1737 Hellesponto
1749 1715 1760 1731 ,
1773 1697 1849 1733 quo
1861 1683 2051 1732 postquam
2064 1679 2219 1719 venisset

1177 1744 1279 1780 navis
1299 1770 1309 1786 ,
1346 1754 1423 1779 non
1454 1740 1550 1778 ree'ta
1576 1738 1712 1777 transiit
1745 1735 2028 1784 Hellespontum
2050 1760 2061 1777 ,
2097 1732 2158 1770 sed
2182 1733 2222 1769 in

1176 1792 1326 1832 laevum
1355 1792 1455 1829 flexit
1480 1792 1560 1828 iter.
1589 1800 1699 1839 quare
1731 1789 1844 1825 etiam
1872 1785 1988 1835 aptius
2014 1783 2223 1833 legeretur,

1177 1856 1275 1882 mare
1294 1856 1348 1880 me
1367 1841 1514 1880 deduxit
1534 1840 1581 1877 ad
1606 1839 1728 1877 Helles.
1754 1838 1885 1876 Euam,

1236 1921 1291 1955 17.
1322 1908 1383 1947 Ab
1405 1908 1543 1947 Amris
1559 1905 1677 1954 urba]
1706 1906 1757 1945 In.
1772 1902 1989 1955 quibusdam
2009 1902 2228 1950 exemplari-

1180 1962 1247 2000 bus
1264 1961 1395 2010 legitur
1417 1961 1529 1998 etiam
1546 1987 1556 2004 ,
1583 1957 1734 1995 Heffloris
1757 1972 1767 1993 .-
1796 1966 1891 2006 quae
1917 1954 2030 1992 lec'tio
2056 1965 2133 1991 non
2152 1953 2228 2002 pla·

1182 2022 1253 2051 cet.
1281 2013 1363 2062 Ego
1383 2011 1582 2062 legendum
1602 2006 1798 2047 emendate
1820 2006 1993 2049 arbitror,
2023 2004 2084 2042 Ab
2104 2011 2231 2041 Hercu-

1183 2064 1226 2101 lis
1245 2064 1349 2106 urbe,
1377 2072 1416 2100 ut
1446 2061 1665 2099 Heracleam
1696 2057 1872 2105 intelligas
1893 2084 1905 2101 ‚
1943 2068 2036 2106 quae
2056 2055 2136 2094 urbs
2159 2055 2228 2092 fuit

1183 2116 1220 2153 in
1243 2126 1306 2152 ora
1329 2112 1453 2151 sinistri
1470 2112 1598 2150 littoris
1616 2109 1874 2158 Propontidis;
1903 2114 1942 2144 ut
1963 2116 2070 2145 autor
2081 2106 2129 2144 est
2143 2105 2230 2143 Pto-

1182 2165 1360 2203 lomaeus.
1388 2164 1532 2201 Verum
1554 2161 1577 2200 fi
1597 2161 1854 2208 intelligimus,
1882 2158 2038 2196 Po'e'tam
2059 2155 2230 2195 nondum

1185 2213 1322 2254 venisse
1342 2216 1379 2252 iu
1402 2214 1685 2262 Hellespontum
1709 2239 1720 2256 ,
1756 2210 1817 2248 sed
1847 2208 1966 2247 adhuc
1987 2206 2088 2247 fuisse
2106 2209 2140 2244 in
2163 2205 2233 2243 ΙΕ-

1185 2279 1256 2318 geo
1279 2267 1327 2304 illi
1347 2266 1581 2315 propinquo,
1607 2262 1712 2312 quod
1742 2260 1813 2310 ipse
1838 2259 1984 2298 videtur
2009 2258 2230 2304 Hellespon-

1185 2328 1266 2357 tum
1284 2318 1502 2361 nominare,
1529 2315 1627 2364 leges
1659 2312 1856 2351 emendate
1877 2339 1888 2355 ,
1929 2309 1984 2346 Ab
2007 2310 2155 2346 Heeloris
2174 2318 2233 2344 ur-

1188 2369 1254 2407 be:
1283 2368 1318 2406 id
1339 2367 1387 2405 est
1412 2367 1480 2404 llio
1504 2394 1514 2410 ,
1544 2377 1638 2414 quae
1660 2376 1706 2402 ex
1725 2362 1848 2410 AEgeo
1871 2360 2151 2408 Hellespontum
2176 2358 2233 2394 in·

1189 2418 1385 2470 gredientis
1408 2426 1482 2455 erat
1503 2416 1524 2453 {t
1547 2417 1683 2452 dextra.
1713 2423 1751 2451 ut
1779 2413 1819 2450 fit
1840 2410 1976 2449 sensus:
2006 2412 2134 2457 Quum
2159 2409 2234 2455 pri-

1190 2483 1295 2509 mum
1316 2471 1353 2506 in
1376 2468 1499 2516 lEgeo
1519 2467 1638 2503 adhuc
1650 2466 1823 2512 navigans
1843 2462 1950 2499 habui
1963 2460 2070 2497 Ilium
2092 2457 2111 2495 a
2133 2458 2236 2495 fron-

1190 2530 1227 2560 te
1242 2550 1251 2565 ,
1279 2520 1364 2557 flexi
1384 2519 1451 2555 iter
1473 2519 1509 2554 in
1529 2518 1671 2554 laevam
1694 2523 1830 2562 partem
1849 2540 1858 2555 ‚
1887 2511 1946 2547 ubi
1971 2519 2070 2547 erant
2092 2509 2174 2546 loca
2193 2508 2236 2545 il-

1190 2572 1247 2614 la,
1275 2581 1368 2620 quae
1388 2568 1503 2605 statim
1532 2566 1724 2614 subjungit.
1742 2563 1917 2600 Ceterum
1943 2560 2030 2598 illud
2051 2559 2162 2596 ausim
2184 2558 2239 2596 af-

1194 2622 1362 2664 firmare,
1391 2627 1451 2656 aut
1474 2618 1633 2655 carmina
1658 2617 1777 2663 aliqua
1802 2611 1918 2650 deeii'e
1934 2638 1942 2654 ‚
1972 2620 2033 2648 aut
2055 2612 2147 2648 hanc
2171 2621 2237 2646 na-

1198 2672 1391 2722 vigationis
1407 2669 1686 2716 descriptionem
1714 2664 1832 2702 falsam
1855 2661 1937 2700 esse.
1983 2662 2043 2699 Ab
2064 2660 2238 2698 omnibus

1198 2727 1299 2761 enim
1329 2719 1557 2769 scriptoribus
1585 2718 1781 2767 plurimum
1806 2712 1965 2751 diilentit
1986 2711 2145 2749 Ovidius
2161 2738 2172 2755 ‚
2197 2720 2238 2749 ut

1196 2773 1386 2813 manifeste
1400 2770 1530 2808 melius
1542 2766 1898 2817 apparebitint'erius.
1927 2764 2117 2801 Minuta.
2144 2762 2242 2799 Vul-

1195 2837 1244 2874 go
1266 2824 1415 2873 quidem
1449 2821 1588 2857 Actoris
1604 2819 1745 2866 legitur.
1794 2815 1925 2852 Aldina
1954 2823 2077 2852 autem
2100 2814 2239 2857 editio,

1195 2875 1347 2911 Hechris
1372 2872 1492 2909 habet.
1520 2871 1697 2907 Ceterum
1719 2866 1856 2903 Amris
1875 2877 1920 2902 an
1946 2864 2093 2902 Heffloris
2111 2864 2242 2901 restius

1194 2925 1359 2973 legatur,
1385 2933 1463 2960 non
1483 2921 1589 2957 facile
1615 2919 1837 2956 affirmarim.
1883 2916 1978 2953 Nam
2011 2915 2056 2953 de
2079 2914 2243 2958 Αέὶοῑε,

1199 2975 1263 3025 qui
1286 2975 1323 3012 in
1348 2972 1505 3009 Asiatico
1523 2971 1647 3007 littore
1669 2969 1857 3010 habitarit,
1885 2975 1947 3004 aut
1973 2966 2098 3003 urbem
2116 2965 2245 3003 condi-

1203 3026 1317 3067 derit,
1346 3023 1429 3060 alibi
1453 3021 1542 3058 nihil
1573 3019 1734 3057 traditur.
1781 3019 1827 3055 Et
1855 3028 1966 3065 quam
1992 3017 2163 3054 Hectoris
2187 3027 2246 3052 ur-

1203 3077 1286 3113 bem
1309 3074 1368 3110 liic
1389 3074 1504 3109 Po'e'ta
1525 3080 1654 3113 vocet,
1684 3069 1914 3118 Troiamne,
1943 3079 2036 3116 quae
2048 3067 2144 3104 nulla
2166 3075 2247 3103 tum

1205 3134 1302 3167 erat,
1331 3136 1375 3160 an
1407 3123 1515 3160 llium
1546 3121 1565 3158 ii
1596 3120 1742 3170 posteris
1774 3119 2031 3161 instauratum,
2060 3129 2104 3153 an
2135 3117 2247 3153 etiarn

1205 3177 1311 3214 aliam
1335 3174 1572 3223 quampiam,
1602 3172 1672 3208 dici
1694 3179 1795 3208 certo
1823 3182 1900 3207 non
1930 3168 2067 3216 potest,
2097 3165 2251 3215 praeser-

1207 3228 1273 3264 tim
1295 3225 1444 3274 quando
1471 3223 1544 3271 ipse
1567 3230 1674 3269 poeta
1699 3221 1743 3257 de
1759 3221 1882 3258 littore
1914 3220 2068 3255 ³iiiatico
2092 3217 2251 3253 mentio-

1209 3288 1296 3315 nem
1317 3287 1393 3312 non
1416 3274 1521 3316 facit,
1550 3284 1671 3320 neque
1692 3283 1738 3308 eo
1761 3271 1793 3307 se
1822 3267 1992 3318 appulisse
2015 3267 2170 3305 omnino
2200 3264 2255 3300 di-

1214 3329 1274 3365 cit.
1302 3328 1426 3375 Quare
1448 3333 1486 3359 ut
1509 3323 1780 3371 expolitionem
1799 3320 1965 3358 Merulae
1985 3320 2058 3356 hoc
2077 3316 2162 3354 loco
2175 3325 2252 3367 non

1394 3376 1502 3423 Qqq
1529 3385 1549 3410 2
2175 3376 2257 3413 reji-
