2495 3675
201 171 300 230 862
692 160 1248 224 P.OVIDII

1320 158 1857 222 NASONIS

501 263 611 339 Ipse
636 266 813 331 vides,
851 276 1067 320 onerata
1095 263 1252 316 ferox
1279 273 1338 314 ut
1365 259 1526 314 ducat
1553 260 1715 336 Iazyx

365 361 427 399 to
583 340 684 397 Per
711 341 908 396 medias
931 336 1039 391 Istri
1069 332 1291 406 plaustra
1317 333 1575 388 bubulcus
1601 354 1778 409 aquas,

506 415 752 484 Adspicis
782 416 834 467 &
862 410 1002 465 mitti
1029 408 1122 461 sub
1147 407 1360 462 adunco
1388 409 1568 462 toxica
1593 408 1768 476 ferm,

578 485 649 543 Et
681 489 846 542 telum
878 478 1073 535 caussas
1099 482 1288 535 mortis
1315 480 1511 536 habere
1534 481 1681 538 duas,

505 563 690 633 Atque
719 559 921 612 utinam
948 571 1066 626 pars
1094 554 1224 608 haec
1255 568 1462 609 tantum
1489 554 1715 626 spefiata
1742 557 1945 622 fuisset,

582 635 706 687 Non
732 631 892 685 etiam
917 627 1138 701 proprio
1164 629 1381 700 cognita
1411 627 1592 684 Marte
1618 629 1740 684 tibi!

366 727 431 778 15
505 708 563 761 T
566 704 759 759 enditis
786 704 850 758 ad
878 702 1111 774 primum
1138 719 1232 774 per
1260 701 1418 756 densa
1443 703 1673 773 pericula
1699 705 1894 773 pilum:

576 777 827 849 Contigit
853 794 921 831 ex
945 775 1142 830 merito
1165 775 1256 848 qui
1279 776 1373 829 tibi
1401 793 1572 846 nuper
1599 776 1783 833 honos

507 852 586 908 Sit
615 852 738 906 licet
768 851 853 905 hic
881 849 1064 904 titulus
1088 848 1256 921 plenis
1285 849 1381 904 tibi
1406 848 1660 905 fructibus
1684 851 1900 924 iugem,

583 925 690 997 Ipsa
718 937 899 979 tamen
925 924 1091 977 virtus
1120 923 1312 977 ordine
1341 922 1509 989 maior
1532 938 1659 980 erat.

504 997 632 1055 Non
658 1012 818 1070 neget
843 998 948 1052 hoc
974 996 1124 1050 Ister:
1165 995 1312 1066 cujus
1337 1008 1426 1049 tua
1453 996 1675 1052 dextera
1701 1000 1978 1072 quondam

364 1092 436 1128 20
584 1074 902 1126 Poeniceam
934 1069 1138 1125 Getico
1165 1069 1412 1140 sanguine
1435 1068 1564 1122 feeit
1587 1087 1796 1143 aquam.

509 1146 639 1202 Non
662 1158 822 1216 neget
846 1144 1145 1216 AEgypsOS,
1188 1160 1356 1215 quae,
1395 1155 1448 1195 te
1475 1141 1767 1208 subeunte,
1803 1160 2018 1219 recepta

590 1218 760 1273 Senfit
786 1219 840 1272 in
867 1217 1087 1289 ingenio
1111 1216 1183 1271 nil
1207 1215 1322 1286 opis
1350 1214 1452 1269 effe
1485 1216 1607 1271 loci.

506 1293 646 1349 Nam
673 1291 898 1345 dubium
916 1328 932 1352 ,
969 1288 1143 1361 pofitu
1167 1289 1357 1343 melius
1383 1287 1596 1343 defensa
1624 1308 1882 1358 manuve,

580 1364 719 1421 Urbs
743 1377 854 1420 erat
879 1365 934 1420 in
958 1364 1167 1419 summo
1192 1360 1420 1419 nubibus
1445 1380 1614 1436 aequa
1632 1364 1782 1437 jugo,

219 1641 365 1686 perrum
388 1630 586 1676 ordinem.
613 1629 678 1678 qui
706 1629 798 1667 mihi
829 1628 1020 1686 stabilitate
1048 1627 1270 1686 quadam&

220 1688 374 1736 simplici
395 1685 571 1736 gravitate
600 1681 710 1720 fidem
743 1680 860 1718 verbis
883 1681 1054 1729 praestat,
1084 1682 1121 1719 δε
1143 1679 1272 1718 mirlfi-

2295 1494 2375 1549 Sit

1325 1626 1415 1666 loco
1435 1627 1580 1666 Noster.
1609 1635 1707 1667 certe
1727 1627 2003 1679 Rottendorph.
2019 1629 2134 1670 Jc‘izix.
2153 1631 2376 1682 praeceden-

1328 1680 1354 1717 ti
1377 1679 1480 1717 versu
1500 1692 1566 1728 pro
1586 1679 1674 1717 vina
1688 1680 1785 1719 Petri
1798 1681 1914 1719 Servii
1926 1682 2046 1720 codex
2060 1710 2069 1726 ‚
2097 1683 2376 1729 mustaflems.

224 1751 265 1776 ce
285 1740 373 1776 loco
396 1734 587 1774 convenit.
616 1734 793 1771 Aneros<
826 1733 974 1771 Emer.
997 1733 1128 1771 ETON.
1155 1736 1267 1769 Acce·
1328 1731 1431 1768 Yiixis
1443 1731 1588 1777 Junian.
1609 1732 1729 1769 Hiatis
1750 1732 1860 1780 prim.
1879 1732 1977 1772 Edit.
2000 1738 2105 1772 Yc'izes
2128 1734 2236 1772 Leid.
2261 1740 2375 1785 Yapyx

222 1790 286 1826 dat
309 1789 432 1826 Fesch.
450 1789 486 1825 ὃ(
507 1786 660 1823 Putean.

274 1840 310 1878 6.
339 1839 482 1887 Alpinis
497 1836 639 1885 juvenis
670 1834 824 1884 regibus,
854 1833 956 1883 effa]

223 1890 310 1929 &ias
333 1891 444 1938 Alpes
464 1889 541 1926 satis
562 1895 666 1924 notas
684 1897 726 1923 ac
747 1886 942 1926 familiares
961 1883 1063 1922 fuiffe
1085 1885 1269 1928 Merulae,

223 1943 289 1991 qui
310 1943 346 1979 ὃ(
366 1941 517 1978 Cottam
539 1938 764 1986 superiorem
779 1965 789 1982 ,
817 1948 958 1974 nomen
976 1963 986 1979 ‚
1015 1937 1053 1974 &
1072 1937 1172 1974 hunc
1191 1936 1272 1972 Ve-

225 1993 348 2032 stalem
372 2021 384 2035 ,
418 2001 533 2040 genus
563 1989 667 2027 suum
703 1988 748 2025 ab
783 1987 912 2025 iisdem
948 1984 1090 2024 traxisse
1125 1986 1271 2034 putarit.

225 2043 343 2092 Quod
372 2043 481 2090 igitur
506 2040 551 2078 ad
575 2048 775 2087 utrumque
796 2038 953 2086 pertinet
973 2065 985 2081 ,
1022 2036 1094 2085 ipse
1125 2036 1272 2074 viderit.

225 2097 325 2134 Nam
349 2094 387 2130 &
418 2092 476 2130 alii
506 2102 607 2140 reges
642 2089 766 2137 Alpini
790 2089 891 2126 fuere
925 2097 1065 2136 praeter
1088 2087 1268 2125 coelium:

227 2147 266 2184 ἃ
287 2144 308 2183 a
330 2155 407 2194 quo
430 2142 615 2181 coeiianae
635 2141 745 2188 Alpes
769 2139 887 2177 dietae
907 2140 1000 2177 sunt.
1027 2150 1105 2176 non
1118 2138 1271 2181 Cottius,

226 2196 287 2235 sed
310 2195 467 2238 coelius,
493 2205 555 2241 per
584 2197 613 2228 C
634 2199 717 2229 ante
738 2196 786 2235 1,
811 2190 855 2228 ab
884 2190 1139 2228 eruditioribus
1170 2189 1272 2228 scribi

225 2247 329 2286 solet.
358 2246 536 2282 Mrcnr.
589 2243 631 2280 In
662 2242 822 2290 juniano
843 2251 942 2286 erat,
971 2242 1114 2292 Alpinis
1129 2240 1274 2288 finibus.

227 2300 267 2336 in
289 2297 360 2334 alio
376 2323 385 2339 ‚
417 2294 601 2331 montibus.

283 2359 317 2393 7.
346 2346 464 2383 Glacie
485 2343 722 2393 concrescere]
746 2343 984 2381 Vid.haec&
1005 2343 1079 2391 seq.
1098 2343 1275 2382 illustran-

234 2407 311 2438 tem
335 2398 545 2435 Por-nanum
569 2396 612 2432 ad
638 2395 803 2432 Marrob.
826 2395 886 2432 lib.
906 2395 1130 2433 V11.Saturn.
1146 2407 1201 2432 12.

284 2450 317 2487 8.
345 2447 503 2496 Rigida]
535 2446 652 2483 Gelzdo
670 2446 815 2493 juniam.
837 2448 875 2483 ὃς
898 2446 1017 2495 Marg.
1039 2446 1277 2489 ssersmstan-

231 2500 284 2538 zia
307 2502 419 2537 musta
439 2499 553 2536 Servii
574 2498 656 2534 cod.

284 2564 320 2599 9.
351 2556 458 2586 Ferox
482 2547 605 2597 [licis]
659 2547 718 2584 Sic
747 2547 899 2595 quidem
930 2549 968 2585 in
999 2547 1173 2586 omnibus
1200 2548 1276 2586 fere

234 2601 501 2649 exempiaribus
513 2600 643 2647 legitur
657 2627 667 2643 ,
695 2599 752 2635 sed
768 2598 962 2646 depravate
977 2612 984 2635 ε
999 2611 1112 2649 quare
1131 2611 1208 2636 non
1223 2603 1279 2635 lii-

236 2655 304 2697 εἰς,
332 2652 389 2690 scd
414 2656 523 2699 liizyx
544 2649 742 2700 legendum
769 2649 830 2688 est.
875 2650 991 2687 Fuere
1015 2652 1115 2687 enim
1140 2655 1281 2698 lazyges

236 2705 364 2753 popuii
389 2704 560 2751 Scythiae
584 2729 593 2746 ‚
633 2702 695 2750 qui
728 2712 880 2750 campos
910 2702 947 2738 &c
980 2701 1086 2749 plana
1102 2709 1282 2745 tenuere,

238 2765 279 2793 ut
300 2755 435 2792 Plinius
455 2754 585 2791 docet:
615 2753 792 2799 fuereque
824 2753 882 2789 alii
903 2752 947 2789 ad
980 2753 1192 2796 Maeotim,
1222 2751 1281 2790 alii

237 2803 501 2853 Dacisjunffi,
532 2803 757 2840 Metanastae
774 2830 783 2844 ,
809 2801 908 2851 qnasi
934 2804 1283 2852 migratoresappel-

238 2857 311 2893 lati.
340 2855 450 2893 Unde
469 2867 544 2892 non
567 2854 614 2892 est
639 2854 844 2891 mirandum
863 2882 873 2899 ,
903 2853 925 2891 si
955 2855 1015 2891 hic
1037 2854 1198 2891 Ovidius
1216 2854 1280 2891 bu-

242 2907 389 2944 bulcum
410 2918 454 2943 ex
476 2919 515 2943 ea
533 2914 644 2955 gente
665 2905 857 2953 pTaustrum
882 2917 944 2952 per
964 2906 1130 2942 medium
1156 2906 1282 2944 mrum

194 2996 196 2999 ,
241 2958 397 3004 gelatum
423 2958 556 2995 ducere
572 2958 739 2996 fateatur.
769 2957 829 2994 De
850 2957 904 2994 his
922 2957 971 2994 ita
994 2957 1164 2994 meminit
1187 2957 1285 2995 Ovi-

244 3007 323 3045 dius
344 3009 389 3045 de
412 3008 610 3046 Tristibus:

294 3080 435 3124 szyges
456 3079 651 3124 &Colchi,
680 3078 1040 3129 Metereaqueturba,
1068 3083 1252 3130 Getaeque.

244 3146 292 3185 Et
313 3142 481 3183 Valerius
504 3146 669 3186 Flaccus:

298 3216 471 3257 Imperat,
500 3220 542 3247 ey
563 3210 672 3253 [ι’νισῖο
688 3211 734 3259 fic
759 3223 853 3261 urget
880 3218 1026 3262 Iiizygas
1045 3215 1132 3260 enfi’.

1322 1780 1458 1820 Bersm.
1481 1782 1548 1819 Ed.
1569 1782 1694 1820 educat
1716 1793 1757 1820 ut
1783 1783 1877 1821 altas
1899 1784 2048 1834 Regius.
2067 1788 2171 1832 ferox
2190 1785 2314 1824 trahat
2333 1797 2375 1825 ut

1005 1834 1171 1882 Apparet
1190 1834 1269 1871 Co·
1319 1832 1486 1880 glacialis
1511 1833 1624 1871 Servii
1645 1835 1683 1872 &
1704 1833 1741 1871 Ρ.
1761 1835 1859 1873 Dan.

1382 1894 1438 1921 11.
1466 1887 1514 1920 Et
1534 1884 1672 1933 misul]
1703 1888 1749 1922 Et
1767 1886 1860 1932 misti
1873 1885 2282 1933 Polit.m0x‚Ettelum
2294 1888 2375 1938 plu-

1326 1934 1423 1972 rimi.
1436 1945 1480 1974 ω’
1499 1935 1628 1984 cauffas
1643 1934 1752 1972 telum
1775 1937 1922 1982 Jum'an.

1384 1996 1438 2030 14.
1468 1991 1548 2022 Non
1567 1985 1720 2036 etiam]
1760 1991 1806 2023 Et
1826 2001 1895 2024 non
1907 1988 1988 2036 jam
2011 1989 2153 2035 Iunian.
2175 1991 2246 2040 Effe
2264 1990 2373 2028 etiam

1328 2033 1472 2073 Barber.
1493 2049 1560 2073 non
1580 2036 1708 2074 etenim
1729 2037 1858 2077 Servii.
1887 2039 1936 2077 Et
1952 2040 2128 2090 superiori
2158 2042 2287 2090 versu,
2307 2053 2377 2093 paq

1329 2088 1532 2135 catafm'ffet
1555 2088 1705 2137 Regius.

1382 2150 1440 2187 15.
1470 2139 1666 2189 pericula]
1697 2139 1847 2177 piacula
1870 2142 2023 2192 Regius.

1362 2191 1440 2239 ¹16.
1466 2195 1585 2239 Nuper
1612 2190 1755 2241 honen]
1786 2193 1927 2230 Primus
1947 2193 2051 2231 honos
2079 2194 2298 2234 Ms.Bersm.

1387 2240 1442 2277 18.
1474 2242 1593 2289 Major
1613 2241 1717 2292 erit.]
1773 2243 1927 2282 Mallem
1961 2257 2046 2282 cum
2076 2245 2220 2283 duobus
2239 2246 2379 2285 codici·

1333 2289 1457 2380 buslssbc
1477 2293 1585 2339 prim.
1611 2292 1711 2332 Edit.
1736 2303 1825 2332 erat.
1855 2294 1964 2340 inest,
1992 2295 2051 2332 vei
2082 2295 2175 2342 adest
2203 2297 2378 2336 Heinsius

1335 2354 1395 2381 ma
1412 2354 1431 2380 e
1459 2350 1506 2380 at.

1393 2406 1447 2441 19-
1477 2399 1557 2430 Non
1581 2393 1723 2444 negat.]
1754 2401 1861 2443 Neget
1881 2394 2111 2442 Thuaneus,
2138 2397 2245 2437 &ita
2263 2397 2376 2438 scribe

1333 2444 1487 2483 disticho
1507 2444 1686 2493 sequenti.
1707 2459 1766 2482 nec
1787 2455 1888 2494 negat
1907 2447 2008 2484 alius.

1384 2509 1445 2534 21.
1474 2502 1554 2532 Non
1573 2507 1673 2545 negat
1694 2500 1875 2546 AEgyffos,
1903 2510 1991 2546 quae
2010 2507 2043 2534 te
2057 2497 2248 2545 subeunte,
2275 2499 2379 2550 wa]

1335 2547 1462 2585 Sensus
1481 2547 1608 2595 planus
1633 2547 1682 2584 est
1713 2559 1757 2585 ex
1787 2550 1853 2592 iis,
1882 2560 1978 2596 quae
1996 2547 2207 2598 sequuntur.
2235 2551 2333 2590 Nam
2358 2552 2381 2591 a

1336 2598 1440 2636 Getis
1462 2600 1527 2646 (ut
1546 2598 1649 2646 supra
1679 2609 1833 2648 qnoque
1863 2599 1925 2637 lib.
1949 2612 1977 2636 1.
2007 2600 2110 2648 Eleg.
2132 2613 2220 2639 vm.
2244 2604 2381 2641 memi-

1337 2649 1416 2697 nit)
1442 2650 1683 2698 interceptam
1709 2677 1719 2694 ,
1760 2661 1803 2687 ac
1835 2651 1909 2699 regi
1938 2650 2123 2689 Thraciae
2144 2648 2380 2702 ademptam,

1337 2708 1589 2749 recuperatam
1613 2712 1704 2738 mox
1736 2700 1878 2739 Vitellii
1909 2713 2019 2749 opera
2046 2703 2085 2740 ὅτ
2115 2703 2253 2742 auxilio
2276 2704 2380 2744 dicit.

1335 2752 1371 2790 in
1394 2763 1465 2800 qua
1496 2754 1776 2799 recuperatione
1807 2763 1849 2789 ac
1880 2763 2000 2809 pugna
2020 2752 2204 2791 Vestalem
2225 2767 2382 2805 quoque
2462 2758 2466 2762 '

1336 2803 1555 2851 praeclaram
1579 2814 1732 2852 operam
1752 2801 1897 2841 navasse
1919 2805 2062 2849 mnuit,
2091 2815 2174 2842 curn
2197 2807 2266 2844 ait:
2296 2807 2384 2844 Sub-

1335 2865 1435 2891 eunte
1455 2867 1511 2898 eo,
1539 2854 1612 2891 hoc
1633 2854 1682 2891 est
1705 2882 1716 2899 ‚
1754 2864 1992 2902 oppugnante
2017 2864 2128 2904 atque
2161 2855 2381 2895 ascendente

1339 2917 1487 2949 muros,
1515 2913 1714 2953 receptam.
1743 2906 1922 2943 Mrcrm..
1961 2905 2059 2943 Vide
2082 2916 2186 2944 notas
2204 2907 2263 2945 lib.
2282 2920 2308 2943 1.
2331 2906 2380 2943 E-

1337 2957 1523 3005 leg.vr11.
1552 2957 1604 2999 >2¹⁷ss.
1638 2966 1696 3005 13.
1739 2957 1882 2995 Huius.
1936 2956 2035 2994 Edit.
2054 2957 2204 2996 Vicent.
2231 2957 2385 3005 Egypfos.

1340 3008 1412 3045 Ms.
1434 3007 1531 3055 apud
1551 3007 1684 3045 Bersm.
1706 3012 1844 3057 Egyros.
1871 3008 2109 3046 membranae
2137 3007 2301 3051 nostrae,
2324 3007 2384 3044 hec

1343 3058 1470 3107 Egiros.
1489 3059 1641 3096 eaedem
1656 3058 1716 3096 lib.
1732 3072 1760 3096 1.
1780 3059 1834 3098 El.
1853 3072 1942 3097 vm.
1966 3059 2112 3108 Egiffus,
2125 3068 2218 3103 quae
2231 3057 2388 3107 sequun-

1343 3118 1402 3148 tur
1431 3120 1476 3146 ex
1510 3111 1604 3158 Epir.
1634 3109 1805 3159 Stephan.
1839 3112 2001 3153 faciunt,
2029 3117 2068 3145 ut
2093 3107 2292 3156 suspectam
2325 3119 2389 3147 na-

1349 3161 1455 3199 beam
1481 3162 1635 3199 notitiae
1657 3161 2016 3210 Imperiiieecionem
2034 3185 2044 3202 ‚
2072 3170 2184 3208 quam
2199 3160 2390 3209 amplexus

1350 3212 1398 3249 est
1421 3212 1593 3250 Heinsius
1625 3212 1801 3258 Ἀγησσ-ὃς
1828 3213 1934 3249 πόλις
1964 3213 2106 3253 Θράκης
2139 3211 2212 3248 &c.
2261 3211 2390 3248 ἐθνικόυ

245 3262 414 3300 Meum..
468 3259 589 3297 Scribe
610 3288 621 3305 ‚
660 3267 785 3309 Iazyx.
826 3264 956 3312 Ἰιὶζυξ
982 3293 991 3307 ,
1033 3261 1222 3311 ’Ῑεέζυγος,
1252 3271 1292 3301 ut
1349 3264 1535 3308 Ἀγῆσσιος
1557 3275 1671 3311 quem
1692 3264 1864 3301 inlocum
1881 3260 1938 3297 ista
1955 3260 2150 3299 Berkelius.
2169 3262 2338 3301 Goltzius
2352 3273 2398 3299 ex

243 3310 399 3362 Ἰᾶπυξ,
425 3310 629 3367 Ἰάπυγας,
663 3317 807 3362 Iazygas
839 3315 922 3353 aiibi
959 3325 1066 3367 vocat
1098 3327 1177 3355 non
1211 3327 1289 3354 uno
1335 3315 1531 3364 Gordiani
1554 3325 1716 3353 nummo
1745 3314 1989 3351 ΑΓΕΣΣΙΩΝ
2022 3314 2210 3353 meminit.
2244 3314 2338 3353 adeo
2361 3320 2402 3350 ut

2339 3363 2400 3411 hic
