2495 3675
450 155 1013 219 EPISTOLARUM
1047 156 1155 216 EX
1193 154 1464 214 PONTO
1501 155 1622 213 Lm.
1658 158 1718 215 11.
1758 158 1937 217 Emsr.
1976 157 2053 213 X.

2180 151 2278 206 801

417 249 512 306 Est
537 254 735 325 aliquid
753 294 767 318 ,
806 254 948 309 casus
972 253 1169 323 pariter
1193 248 1422 305 timuisse
1448 248 1707 313 marinos;

268 339 338 391 40

479 324 778 400 Junstaque
806 327 875 380 ad.
902 340 1198 397 aequoreos
1224 335 1351 377 vota
1379 320 1549 377 tulisse
1575 320 1758 375 Deos:

411 394 483 450 Et
509 399 677 454 modo
705 417 787 454 res
811 397 970 469 egisse
997 397 1175 458 fimu13

1217 396 1385 449 modo
1415 396 1586 449 rursus
1609 393 1672 447 ab
1697 393 1824 455 iliis,

490 474 738 543 Qorum
766 488 875 525 non
899 468 1127 540 pudeat,
1165 466 1310 538 posse
1335 467 1535 522 referre
1557 465 1725 536 jocos,

406 540 564 598 Haec
589 545 682 598 tibi
705 544 741 597 si
768 543 1012 604 subeant,
1051 539 1232 611 (absim
1258 539 1414 607 licet)
1454 539 1699 593 omnibus
1723 538 1872 594 horis

488 619 636 671 Ante
661 631 782 670 tuos
808 614 1024 675 ocuIOS,
1063 627 1120 666 ut
1146 612 1316 666 modo
1344 612 1506 673 visu8‚
1542 629 1652 665 ero,

264 704 333 754 45
412 687 522 759 Ipse
547 690 767 760 quidem
791 686 1019 742 extremi
1043 702 1167 739 eum
1197 685 1286 738 sim
1316 683 1406 737 sub
1434 684 1651 738 cardine
1682 682 1902 747 mundi,

486 762 597 832 Qui
623 761 828 832 semper
857 758 1066 830 liquidis
1092 757 1246 811 altior
1274 756 1436 810 exstat
1463 756 1639 827 aquis;

409 831 498 886 Te
530 849 705 887 tamen
732 836 974 893 intueor,
1011 848 1121 901 quo
1148 830 1259 882 solo
1293 827 1509 899 pet‘iore
1538 827 1771 898 possum:

482 904 554 959 Et
581 919 761 958 tecum
783 902 963 974 gelido
989 903 1141 972 saepe
1167 900 1260 955 sub
1286 918 1381 955 axe
1405 903 1614 973 loquor.

403 975 519 1031 Hie
543 993 627 1039 ες,
663 976 719 1029 &
743 976 985 1046 ignoras:
1027 975 1079 1027 &
1106 974 1230 1028 ades
1257 973 1631 1027 celeberrimus
1659 971 1864 1027 absens:

264 1066 332 1116 50

114 1304 344 1395 ξίίξεῖῐτῗῒνεὲπ
367 1309 503 1359 longa,
537 1310 708 1362 jucundis
727 1312 952 1352 sermonibus
981 1311 1058 1362 vifiz
1076 1311 1156 1351 bre-

212 1370 232 1395 U
267 1388 274 1395 .
333 1373 431 1397 URM.

172 1416 237 1464 375
264 1415 370 1460 Inque
388 1411 585 1463 loquendo.]
614 1414 838 1463 Loquendum
851 1413 1155 1463 Sarrav.Argent.

117 1457 155 1495 δε
176 1469 341 1508 quinque
361 1462 431 1500 alii.
462 1464 601 1502 Heius.

170 1517 229 1555 39.
260 1512 376 1547 warda
401 1512 415 1562 ]
466 1514 593 1562 Inepte
622 1515 765 1553 Merula
787 1515 887 1553 diem
909 1515 997 1553 dicit
1019 1515 1153 1553 tardio·

118 1570 195 1596 rem
220 1561 258 1597 &
279 1561 486 1611 longiorem
520 1566 578 1602 hic
598 1565 747 1603 indicari
768 1566 911 1604 aestate.
939 1578 1023 1603 cum
1050 1566 1156 1602 tarda

117 1609 202 1645 hora
220 1622 280 1666 per
307 1612 382 1650 dies
414 1615 566 1652 aestivos
598 1616 757 1660 dicatur,
785 1618 871 1666 quia
895 1618 1040 1654 Romae
1060 1618 1096 1653 ὃ(
1117 1618 1154 1654 in

116 1659 288 1717 Imperio*
311 1663 486 1702 Romano
516 1675 616 1702 erant
644 1668 828 1716 longiores
856 1668 969 1704 horae
1001 1666 1154 1710 aestate,

118 1722 228 1758 quarn
254 1713 401 1756 hieme,
430 1724 468 1752 ut
499 1726 644 1753 notum.
674 1720 710 1754 ὅ(
735 1720 782 1756 ita
811 1717 896 1755 licet
918 1718 1007 1755 hora
1026 1717 1155 1754 aestiva

119 1759 206 1798 effet
226 1763 371 1809 longior
391 1765 429 1802 ὃ(
453 1767 589 1804 tardior
608 1794 618 1811 ‚
646 1775 770 1804 tamen
795 1768 912 1807 defuit
938 1770 973 1805 in
994 1768 1154 1816 loquen-

119 1810 221 1898 gum.
249 1812 368 1863 defluit
387 1816 499 1854 etiam
521 1818 610 1855 duo.
636 1817 750 1866 deficit
772 1821 911 1867 Argent
932 1819 967 1856 &
991 1817 1066 1855 duo
1085 1819 1156 1855 alii.

153 1875 252 1899 unm,

176 1922 232 1960 39.
263 1915 474 1974 Ttmuiffe.)
507 1918 656 1968 Tenuiffiz
683 1927 841 1969 quatuor
862 1919 954 1957 libri.
987 1917 1158 1956 Heinsius

120 1964 268 2052 {agiresbnat
291 1993 302 2010 ‚
346 1967 526 2017 tremutffe.
572 1981 663 2008 mox
686 1997 697 2014 ,
743 1970 799 2017 Est
832 1971 929 2007 modo
971 1983 1020 2006 res
1060 1969 1157 2006 Edit.

172 2089 236 2127 42.
267 2082 426 2127 Quorum
449 2083 558 2132 non.]
587 2086 670 2134 Qu
689 2097 756 2121 non
775 2097 829 2121 me
848 2084 1002 2133 Argent.

173 2152 236 2192 43.
264 2151 355 2180 Haec
375 2146 440 2182 tibi
456 2145 490 2193 Ji
503 2147 683 2199 subeant.]
742 2149 842 2185 Alter
872 2148 995 2185 Vatic.
1022 2148 1059 2185 &
1078 2145 1161 2183 Urs·

124 2206 200 2282 galai?
217 2193 378 2242 subeant,
405 2197 573 2236 CiorAN.
612 2200 664 2237 Ita
685 2201 723 2237 &
751 2199 904 2247 Argent.
937 2200 974 2236 δε
995 2198 1160 2246 quinque

175 2303 239 2350 43.
268 2294 333 2332 Hic
347 2293 413 2342 sim
431 2297 509 2333 licet
529 2298 687 2336 omnibus
710 2298 854 2347 annis.]
911 2297 1044 2346 Absens
1064 2312 1160 2338 non-

126 2343 215 2381 nulli
237 2354 387 2383 veteres.
414 2347 522 2395 abfim
541 2351 727 2394 Junianus.
755 2351 865 2387 reete.
895 2349 1031 2387 Sarrav.
1053 2352 1159 2399 ipsam

128 2394 318 2432 mendose.
346 2397 499 2444 Argent.
527 2398 604 2434 licet
635 2401 688 2436 hic
709 2399 792 2448 fim.
839 2401 955 2436 malo·
978 2411 1160 2447 praeterea

127 2456 219 2500 cum*
236 2446 510 2494 Rottendorph.
530 2449 568 2486 ὃ(
590 2449 732 2487 dnobus
760 2451 835 2488 aliis
849 2479 859 2495 ‚
886 2449 1042 2487 omnibus
1059 2452 1162 2491 horis.

127 2493 176 2533 fic
197 2495 262 2532 lib.
285 2509 347 2533 111.
369 2496 469 2545 Eleg.
491 2509 528 2534 v.

124 2611 164 2650 H
179 2566 222 2597 Te
243 2560 308 2612 nist
330 2563 512 2600 momentis
533 2564 630 2602 video
644 2575 725 2614 pene
747 2567 905 2604 omnibus
923 2567 1055 2618 absens.

167 2623 272 2651 EINS.

157 2690 238 2734 ³45.
259 2680 335 2739 sps?
353 2681 491 2730 quidem
512 2694 598 2720 certe
617 2698 694 2721 cum
723 2683 784 2731 fim
807 2686 872 2734 sub
893 2687 1031 2724 cardine
1051 2701 1155 2724 mun-

125 2728 173 2765 da
192 2734 199 2777 J
231 2730 287 2767 Sic
309 2737 446 2769 barra-V.
469 2745 551 2771 curn
576 2736 728 2782 vulgatis
747 2737 784 2773 ὃ(
818 2749 863 2774 ex
884 2737 1017 2787 scriptis
1039 2739 1156 2776 multi.

125 2780 302 2840 mendose
319 2782 415 2820 haud
435 2783 555 2821 dubie.
583 2786 828 2823 Twisdenius.
856 2798 939 2826 toto.
968 2790 1155 2837 quinque,

124 2840 222 2884 certo.
250 2832 429 2886 bxcerpta
460 2834 627 2883 scaligeri
650 2837 686 2872 ἃ
708 2837 782 2873 duo
803 2849 845 2874 ex
869 2839 1017 2882 nostris,
1044 2851 1157 2875 extre-

125 2892 189 2916 mi.
216 2889 325 2918 etiam
346 2883 450 2920 bene.
477 2898 569 2923 unus
589 2898 672 2922 curn
689 2887 942 2925 Arondeliano
957 2917 967 2932 ‚
994 2900 1156 2927 extremo.

125 2939 284 2979 quatuor
299 2932 450 2981 ‚poſsum
461 2936 505 2971 de
518 2948 594 2983 quo
607 2936 690 2974 vide
705 2938 821 2974 Notas
841 2939 974 2976 nostras
985 2939 1084 2987 snpra
1098 2939 1157 2976 lib.

124 2991 153 3016 1.
181 2980 280 3030 Eleg.
302 2985 401 3041 νῶΐ..
416 2994 479 3030 79.
494 2987 638 3023 hiems.
660 2987 771 3024 Unde
785 2990 892 3024 etiam
908 2989 1019 3027 edidit
1041 2990 1158 3026 Hein-

125 3030 215 3093 sius,
243 3039 401 3072 Extremi
419 3048 495 3071 cum
514 3036 593 3084 fim.
622 3038 678 3074 sed
710 3040 868 3075 omnino
899 3040 1156 3077 eradicandum

125 3095 270 3137 ‘ro-cum
284 3083 353 3130 sim
372 3087 409 3123 ὃς
433 3086 480 3124 iic
512 3089 717 3125 habendum
745 3101 752 3124 ;
782 3100 867 3124 certe
892 3089 1066 3137 glossema
1089 3092 1153 3126 τοῦ

124 3133 285 3182 quidem,
306 3139 498 3184 occupavit
528 3140 651 3174 locum
681 3140 846 3180 extremm
879 3153 955 3175 cum
980 3140 1070 3189 firn,
1098 3141 1153 3176 in-

116 3192 442 3242 terpretamentum
469 3191 517 3231 τῷ
534 3188 654 3236 pafirus
677 3190 940 3234 luperalditum
957 3219 967 3234 ‚
996 3203 1060 3238 pro
1091 3191 1154 3227 illo

113 3235 216 3282 ipso,
245 3238 345 3292 quasi
366 3237 741 3276 facilior2slt·1itentiae
768 3250 955 3286 receptum
980 3241 1049 3279 est:
1079 3241 1155 3279 aliis

116 3293 242 3324 tamen
270 3286 343 3325 alio
381 3288 496 3326 modo
527 3290 764 3328 turbantibus.
817 3291 924 3330 Haec
945 3291 1036 3331 mihi
1057 3290 1151 3330 adeo

476 1047 642 1120 Inque
667 1048 838 1105 Getas
865 1047 1045 1102 media
1068 1046 1202 1101 visus
1228 1045 1461 1100 abUrbe
1489 1046 1656 1100 venis.

2054 1163 2264 1220 Redde·

1214 1321 1283 1359 pro
1301 1310 1404 1348 certis
1425 1309 1529 1354 sunt,
1556 1317 1596 1347 ut
1618 1309 1870 1358 conjeehiram
1887 1336 1896 1353 ‚
1924 1304 1950 1345 fi
1971 1313 2097 1344 tamen
2118 1304 2167 1342 ita
2186 1314 2257 1341 vo-

1213 1361 1350 1405 canda,
1379 1361 1416 1398 in
1436 1369 1580 1398 textum
1600 1360 1699 1397 ausus
1724 1360 1788 1398 sim
1823 1360 1997 1407 recipere.
2027 1356 2091 1405 Ipse
2111 1353 2255 1403 quidem

1212 1413 1361 1449 extremi
1373 1410 1498 1460 pofitus
1509 1411 1574 1460 fiab
1591 1411 1730 1447 cardine
1742 1411 1880 1447 mundi.
1907 1410 2083 1446 AUCTOR
2102 1406 2250 1442 hLECT.

1212 1463 1342 1501 ΕτοΝ.
1372 1463 1591 1511 Legendum
1618 1460 1727 1506 esset,
1756 1461 1780 1498 si
1808 1462 1890 1510 quis
1917 1458 2040 1509 positus
2072 1456 2179 1494 vellet
2197 1467 2254 1492 re·

1210 1515 1350 1558 tinere,
1381 1517 1448 1559 Ipse
1469 1513 1606 1561 quidem
1622 1510 1746 1561 pofitus
1768 1525 1845 1548 cum
1859 1510 1940 1559 fim.
1967 1511 2002 1547 in
2029 1505 2198 1545 Leidensi
2214 1506 2255 1542 &

1213 1564 1354 1602 duobus
1376 1564 1452 1601 aliis
1478 1574 1580 1606 erat,
1620 1566 1684 1612 Ipse
1703 1562 1842 1612 quidem
1858 1560 1967 1612 gelido
1996 1572 2071 1596 cum
2095 1555 2170 1606 fim.
2196 1556 2255 1592 in-

1213 1625 1300 1651 certo
1325 1615 1423 1651 alius.
1441 1614 1507 1662 sub
1531 1614 1670 1650 climate
1690 1614 1842 1650 Putean.

1266 1668 1323 1709 46.
1352 1665 1426 1712 {alui
1445 1667 1572 1712 semper
1593 1664 1734 1713 liquidis
1754 1664 1858 1699 altior
1873 1671 1970 1699 extat
1989 1657 2131 1710 aquis.]
2162 1658 2250 1694 Ho:

1211 1715 1282 1755 est.
1312 1717 1374 1763 qui
1397 1727 1586 1763 nunquam
1612 1716 1786 1762 mergitur
1811 1713 1969 1750 Oceano
1985 1739 1994 1755 ,
2023 1720 2083 1746 aut
2101 1709 2252 1746 occidit.

1210 1765 1531 1813 quemadmodum
1561 1766 1598 1802 &
1631 1764 1676 1801 de
1694 1765 1796 1801 stellis
1810 1792 1829 1807 ‚.
1847 1775 1941 1812 quae
1972 1763 2065 1798 circa
2089 1758 2250 1796 eundem

1210 1816 1312 1857 sunt,
1342 1816 1499 1852 diximus
1529 1815 1631 1862 supra
1662 1815 1725 1851 lib.
1756 1814 1866 1851 Trist.
1894 1823 1931 1861 4.
1960 1812 2062 1858 Eleg.
2088 1821 2121 1858 3.
2149 1810 2251 1846 Hinc

1215 1867 1254 1903 &
1275 1866 1459 1914 Vergilius
1482 1865 1572 1902 dixit
1597 1892 1608 1908 ‚
1649 1864 1714 1900 Hic
1741 1873 1862 1900 vertex
1882 1862 1974 1898 nobis
1997 1863 2127 1908 semper
2143 1858 2252 1905 subli—

1215 1916 1304 1961 mis,
1333 1927 1373 1952 at
1393 1916 1494 1952 illum
1517 1914 1584 1951 Sub
1603 1914 1743 1963 pedibus
1776 1920 1862 1963 Styx
1891 1924 1973 1949 atra
1992 1911 2090 1948 videt
2114 1922 2255 1947 manes-

1216 1981 1279 2016 que
1296 1966 1486 2015 profundi,
1515 1966 1587 2003 &c.
1611 1966 1748 2013 Georg.
1769 1978 1798 2003 1.
1827 1965 2003 2001 chrtr..

1262 2028 1326 2065 49.
1355 2018 1417 2053 Sed
1436 2014 1552 2064 adea]
1599 2020 1645 2051 Et
1674 2017 1753 2051 ades
1782 2015 1968 2052 meliores.
1998 2013 2139 2049 Hsms.
2189 2010 2253 2048 sed

1213 2067 1290 2104 abes
1322 2068 1460 2105 Moreti
1480 2068 1517 2104 &
1540 2064 1762 2104 Bersmanni‚
1789 2065 1848 2102 hoc
1878 2075 1997 2101 tamen
2021 2063 2176 2111 ignoras:
2202 2072 2246 2101 ο·

1216 2119 1310 2156 ades.
1337 2129 1440 2156 unus.

1274 2178 1329 2216 50.
1357 2169 1474 2216 Missus
1494 2167 1537 2204 ab
1558 2167 1639 2204 urhe
1650 2166 1786 2216 venis]
1816 2166 1936 2215 Juffus
1948 2163 2250 2210 Sarrav.A.rgent.

1217 2221 1253 2256 δε
1280 2220 1368 2257 offo
1389 2220 1459 2257 alii.
1487 2220 1653 2265 plurimi,
1681 2218 1787 2267 visus.
1814 2217 1917 2266 quod
1936 2216 2075 2264 sequor.
2106 2215 2250 2251 Heras,

1216 2271 1398 2317 Reposui‚
1427 2270 1539 2320 miffus
1556 2278 1696 2307 tem-ere
1721 2268 1902 2305 extrusum
1926 2295 1937 2312 ,
1967 2266 2113 2314 plurimi
2132 2265 2216 2300 licet
2238 2290 2248 2305 ‚

1217 2321 1310 2368 visus
1322 2321 1527 2358 :translatio
1541 2321 1586 2356 est
1601 2332 1619 2356 a
1633 2331 1803 2356 curruum
1818 2320 1854 2355 in
1868 2316 2095 2355 Circensibus
2108 2315 2221 2361 missus
2238 2328 2248 2346 .-

1217 2380 1326 2420 atque
1362 2371 1455 2408 adeo
1483 2370 1758 2417 intelligendum
1793 2370 1836 2405 ab
1864 2369 1950 2405 urbe
1974 2396 1984 2411 ‚
2023 2375 2196 2411 tanquam
2229 2375 2248 2399 a

1217 2422 1417 2459 carceribus
1439 2448 1449 2465 ,
1482 2421 1663 2458 celeritate
1689 2419 1889 2456 incredibili
1909 2418 2071 2455 medium
2094 2416 2247 2463 spatium

1217 2473 1442 2509 transvolans
1465 2472 1500 2507 in
1532 2471 1642 2507 Getas
1676 2470 1789 2506 venis.
1827 2469 1955 2515 legitur
1986 2468 2095 2503 etiam
2126 2466 2160 2501 in
2184 2464 2250 2500 ali-

1213 2531 1306 2570 quot
1330 2524 1416 2558 Mss.
1441 2520 1564 2565 jussus,
1592 2519 1690 2556 sensu
1723 2531 1797 2554 non
1830 2517 2096 2557 incommodo;
2130 2515 2187 2551 sed
2210 2514 2248 2551 id

1211 2584 1364 2622 quoque
1384 2572 1428 2611 ab
1446 2571 1512 2610 illis
1532 2570 1674 2609 videtur
1695 2569 1819 2606 ficium
1838 2596 1857 2612 ,t
1875 2569 1937 2616 qui
1967 2578 2099 2604 vocem
2124 2567 2240 2614 miffus

1213 2635 1288 2660 non
1312 2626 1579 2661 intellexerunt.
1607 2622 1655 2658 lic
1685 2619 1821 2657 faftum
1851 2618 1978 2656 itidem
2010 2619 2047 2655 in
2077 2617 2138 2654 illo
2159 2617 2247 2654 loco

1213 2674 1371 2711 Metam.
1393 2687 1426 2710 v.
1446 2675 1530 2710 660.

1517 2737 1698 2786 rursusque
1713 2745 1769 2785 per
1791 2746 1871 2771 aera
1883 2733 1975 2782 mifit

1265 2789 1471 2837 Mopsopium
1487 2789 1654 2835 juvenem
1675 2789 1782 2828 sacros
1800 2787 1931 2834 agitare
1950 2783 2093 2832 jugales.

1212 2840 1273 2877 ubi
1297 2841 1391 2876 libris
1413 2839 1590 2887 plerisque
1611 2837 1816 2885 irrepserat,
1840 2833 1942 2883 suffit.
1958 2836 2087 2882 legitur
2106 2834 2214 2870 etiam
2230 2837 2243 2878 ν’

1214 2890 1340 2926 medios
1363 2902 1427 2937 pro
1449 2889 1582 2929 medias
1614 2888 1651 2924 ὃ(
1673 2899 1761 2924 mox
1775 2915 1785 2930 ,
1813 2886 1937 2927 felicior
1955 2884 2016 2920 itta
2036 2887 2077 2921 es¹
2103 2885 2243 2920 inuno.

1216 2941 1390 2977 Auca-oa
1419 2940 1565 2976 Ftficr.
1588 2938 1713 2975 Erou.
1762 2937 1882 2984 Pulsus
1910 2935 1953 2970 ab
1983 2936 2063 2971 urbe
2091 2935 2129 2972 T
2149 2947 2244 2972 amn.

1216 2991 1314 3028 unde
1337 2989 1504 3026 Heinsius
1527 2989 1615 3026 olim
1637 2988 1846 3035 conjecerat
1869 3014 1878 3029 ,
1907 2985 2049 3022 multus.
2077 2986 2168 3022 milii
2190 2994 2245 3021 ta-

1218 3053 1303 3077 men
1325 3041 1418 3085 vis'us
1443 3040 1580 3086 placet,
1608 3039 1741 3075 scilicet
1764 3045 1908 3075 mente:
1938 3047 2022 3082 quia
2046 3048 2120 3072 non
2140 3046 2244 3071 reve»

1209 3103 1245 3128 ra
1261 3118 1272 3134 ‚
1299 3100 1336 3127 ut
1360 3092 1394 3127 in
1422 3092 1507 3126 loe-0
1531 3102 1573 3125 ex
1599 3090 1754 3125 Metam.
1776 3088 1886 3136 miffias
1902 3115 1911 3129 ‚
1939 3086 1996 3122 sed
2018 3097 2158 3123 tantum
2187 3085 2239 3119 vi-

1210 3141 1360 3178 debatur
1381 3139 1496 3177 adesl'e
1518 3140 1667 3176 Nasoni.
1694 3138 1824 3176 eadem
1847 3139 1944 3175 enim
1967 3137 2139 3174 sententia
2162 3133 2241 3169 illo-

1212 3203 1291 3230 rum
1314 3191 1404 3237 supr.
1428 3191 1517 3238 Eleg
1551 3202 1603 3227 xv.

1267 3247 1365 3280 Ante
1388 3255 1472 3277 meos
1495 3241 1601 3276 oculos
1629 3250 1691 3276 tua
1708 3239 1802 3286 flat,
1833 3249 1894 3273 rua
1914 3239 2036 3282 semper
2056 3235 2165 3280 imago
2183 3229 2242 3274 est,

1310 3297 1355 3330 Et
1379 3292 1496 3327 videor
1515 3292 1638 3328 vultus
1660 3302 1773 3329 mente
1793 3289 1908 3328 videre
1927 3298 2012 3323 tuos.
2186 3329 2252 3367 'fl

2158 3342 2194 3368 nl
2210 3341 2233 3367 sl

1390 3342 1496 3381 liiii
1526 3354 1545 3393 3
