2495 3675
223 221 337 280 294

699 198 759 255 P.
832 193 1247 255 OVIDII
1320 189 1859 248 NASONIS

378 334 477 390 795
518 315 645 373 Pars
670 333 922 389 quoque,
958 330 1085 370 cum
1111 311 1243 367 saxis
1268 308 1500 382 pastores
1523 306 1641 361 saxa
1671 305 1941 372 terebant,

604 390 896 446 Scintillam
919 387 1093 442 subito
1116 381 1404 458 profiluifle
1431 381 1627 436 ferunt.

529 465 710 520 Prima
733 465 958 536 quidem
981 459 1169 531 periit:
1210 456 1407 529 stipulis
1432 467 1658 526 excepta
1685 453 1914 508 secunda
1939 451 2028 508 est.

607 538 738 592 Hoc
765 533 1067 607 argumenti
1096 530 1311 585 flamma
1336 529 1506 584 Palilis
1531 528 1706 582 habet.

531 612 622 666 An
649 612 811 681 magis
837 610 980 662 hunc
1007 622 1220 660 morem
1247 603 1412 675 pietas
1439 600 1638 657 AEne'ia
1664 601 1824 664 fecit,

395 686 499 742 800

611 685 910 739 Innocuum
937 677 1080 734 viffi'to
1107 679 1195 732 cui
1221 675 1377 730 dedit
1402 676 1536 747 ignis
1562 675 1699 729 iter?

535 759 682 814 Num
710 769 890 810 tamen
916 753 991 807 est
1015 770 1146 806 vero
1171 753 1419 823 propium
1459 761 1584 802 curn
1609 747 1829 802 condita
1861 745 2044 802 Roma
2067 747 2167 811 est,

613 827 919 884 Transferri
941 825 1102 897 jussos
1126 825 1181 879 in
1208 840 1347 878 nova
1374 821 1511 876 reeta
1540 820 1738 875 Lares?

536 903 928 974 Mutantesque
955 900 1183 954 domum
1211 895 1363 950 teffls
1389 894 1675 966 agrestibus
1700 893 1908 965 ignem,

612 976 686 1030 Et
707 975 995 1031 cessaturae
1023 968 1342 1045 supposuisse
1369 968 1512 1023 casae
1538 967 1556 1019 ?

248 1244 294 1280 (θ’
314 1238 401 1288 ignis
426 1239 587 1278 interdici
609 1239 696 1288 fhlet
725 1238 907 1276 damnatis
931 1265 942 1283 ,
989 1250 1097 1287 quam
1125 1234 1301 1285 accipiunt

251 1299 400 1339 nuptae:
431 1291 591 1328 videlicet
618 1291 702 1341 quia
732 1290 796 1327 hae
824 1291 913 1326 duae
946 1302 996 1325 res
1025 1288 1225 1325 humanam
1244 1286 1304 1322 vi-

251 1352 329 1381 tam
348 1344 502 1380 maxime
522 1342 711 1379 continent.
742 1348 862 1389 Itaque
874 1342 986 1388 funus
1016 1339 1175 1388 profi’cuti
1189 1365 1200 1382 ‚
1227 1335 1304 1373 red·

252 1403 369 1431 euntes
387 1393 500 1441 ignem
523 1392 872 1442 supergrediebantur
901 1389 999 1439 aqud
1019 1387 1186 1438 adspersi:
1216 1386 1306 1436 quod

249 1444 464 1500 purgationis
481 1457 587 1493 genus
607 1443 781 1480 vocabant
794 1442 1018 1493 suffitionem.
1046 1441 1178 1478 Nam.
1220 1437 1309 1477 Vid.

256 1495 378 1532 Urssn.
399 1494 444 1533 ad
465 1495 535 1542 Jul.
559 1494 662 1533 Caes.
682 1494 728 1532 de
749 1494 837 1532 Bell.
859 1493 940 1531 Gal.
964 1504 1019 1530 vx.
1041 1503 1102 1538 44.

308 1569 393 1607 791.
419 1564 512 1596 Haec
517 1556 672 1609 perdidit
683 1556 794 1606 exul]
811 1555 942 1595 Malim
959 1585 969 1602 ,
979 1555 1091 1606 perdit
1102 1554 1313 1595 wilmus.

311 1635 394 1672 794.
423 1623 565 1661 Nimias
594 1621 818 1660 Deucalionis
853 1619 1003 1671 aquas.]
1070 1621 1176 1658 Vivas
1206 1621 1313 1669 prim.

261 1675 435 1713 Ambros.
464 1675 572 1714 Laeti
608 1676 646 1712 ὃς
683 1680 842 1724 quatuor
869 1673 939 1710 alii.
1005 1683 1128 1715 unus,
1169 1670 1314 1708 multas.

263 1726 377 1771 alius,
405 1740 519 1764 veras.
552 1726 686 1770 Forte,
715 1734 857 1761 veteres.
883 1731 981 1761 certe
1010 1723 1098 1760 latet
1119 1722 1314 1760 mendum.

260 1788 331 1825 pro
350 1777 507 1814 Credant
534 1777 647 1825 lego,
669 1775 811 1818 Edant,
839 1773 900 1812 vel
927 1773 1108 1818 Prodant,
1137 1773 1196 1811 vel
1229 1779 1318 1810 Tra·

261 1827 363 1864 dant.
387 1839 473 1866 narn
497 1824 833 1876 praecefferat,vix
849 1824 1007 1875 equidem
1025 1825 1131 1862 credo.
1170 1825 1320 1862 HmNs.

262 1877 398 1922 Forte,
420 1878 588 1918 tumidas.
615 1886 655 1917 ut
676 1876 808 1916 eadem
826 1877 981 1915 varietas
1000 1876 1048 1915 est
1067 1874 1165 1925 apud
1191 1874 1321 1914 Claud.

263 1928 343 1969 Bel.
366 1929 451 1968 Get.
475 1929 557 1968 118.

319 2010 405 2050 795.
434 2002 537 2039 Saxis
545 2003 640 2052 saxa
651 2000 849 2051 feribant.]
899 2001 991 2039 Hoc
1010 2000 1112 2040 fuiffe
1132 2008 1225 2050 puto
1246 1999 1318 2048 pri-

265 2061 334 2089 mo
354 2052 599 2092 adinventum
621 2054 666 2091 ad
683 2053 848 2092 scintillas
866 2051 1079 2096 eliciendas;
1110 2052 1234 2101 postea
1252 2061 1318 2088 ve-

265 2103 321 2140 nit
340 2103 420 2141 usus
448 2112 572 2153 petrae
599 2105 758 2143 focariae
787 2103 808 2141 a
834 2105 931 2142 ferro
958 2101 1165 2151 percufl'ae;
1194 2102 1319 2152 postea

270 2153 336 2189 τοῦ
352 2155 449 2191 λῑθσυ
475 2156 648 2202 nupti-ou,
677 2156 716 2192 ὃς
745 2155 838 2193 misti
868 2155 1022 2193 coloris:
1052 2155 1153 2204 cujus
1178 2153 1320 2203 generis

271 2203 312 2242 &
332 2203 552 2250 εὖπυρώτους
571 2206 648 2244 vidi
668 2207 857 2255 plurimos.
886 2207 1012 2244 NEAP.
1056 2205 1224 2242 Ferebant
1244 2204 1320 2253 ple-

268 2255 375 2311 tique
406 2256 538 2306 scripti.
578 2258 681 2306 Lege
705 2284 715 2300 .
758 2257 928 2295 terebant.
955 2257 1211 2295 vetustiffimus
1239 2266 1322 2294 mos

268 2317 396 2354 ignem
418 2308 626 2347 excudendi
641 2309 746 2357 lignis
765 2308 929 2346 invicem
952 2308 1090 2346 attritis.
1115 2309 1191 2345 hoc
1223 2307 1327 2345 Lati-

272 2357 328 2395 nis
348 2357 584 2407 ignitabulum
599 2360 760 2405 ,πυρεῖσν
781 2360 1060 2397 Graecis.vetus
1073 2358 1195 2396 Schol.
1214 2358 1259 2395 ad
1280 2358 1322 2395 il-

272 2407 309 2445 la
328 2408 507 2457 Apollon.
528 2410 651 2448 Rhod.
669 2411 731 2449 lib.
751 2424 779 2448 1.
805 2410 909 2458 1184
939 2413 995 2449 Tol
1022 2412 1062 2458 οἵ
1081 2412 1178 2460 οἰμφὶ
1206 2408 1325 2460 nepita

278 2461 470 2518 Sareisa-no»,
499 2468 568 2506 οἷντὶ
587 2468 612 2509 ἒ
632 2467 759 2520 ’έςςεφον
773 2497 781 2515 ,
794 2463 994 2519 παρέτξιέον.
1020 2464 1075 2504 Τιὶ
1094 2464 1136 2517 73
1154 2464 1240 2511 ξύλω
1260 2481 1327 2503 mc-

858 2521 874 2532 0
1081 2518 1089 2531 Ι

283 2521 444 2573 ρέτζιέον,
467 2524 524 2570 ›qu
547 2522 600 2560 ἐπ’
623 2525 728 2561 αὐτῶν
750 2526 812 2574 πῧς
839 2523 982 2561 Z'oanaov.
1009 2530 1127 2572 πυρκϊοι

281 2630 345 2667 Ad
363 2631 443 2669 saxa
462 2634 666 2670 redeamus.
696 2633 885 2671 Lucretius
905 2633 965 2670 lib.
979 2643 1006 2668 x.
1027 2631 1114 2679 883.

334 2710 424 2743 Cum
443 2709 589 2756 lapidem
613 2708 720 2758 lapidi
732 2709 888 2746 terimus

286 2768 431 2810 Plautus
452 2775 616 2813 Asinaria
635 2774 720 2812 Aet.
746 2786 777 2812 1.
795 2774 841 2811 sc.
866 2785 896 2812 1.

344 2839 442 2869 Num
457 2848 509 2870 me
526 2837 608 2873 illuc
630 2837 747 2882 ducis,
769 2835 828 2873 ubi
847 2834 933 2884 lapis
949 2832 1096 2883 lapidem
1116 2834 1224 2872 terit?
1279 2866 1281 2869 .
1314 2867 1318 2871 .

293 2897 502 2936 Columella
523 2901 612 2938 libro
632 2915 685 2939 vx.
709 2914 787 2950 cap.
812 2914 866 2945 14.
890 2907 1011 2957 Itaque
1031 2913 1108 2956 cum
1128 2900 1164 2937 id
1181 2899 1329 2942 accidit,

290 2948 400 2984 veteri
419 2948 518 2985 lateri
534 2950 621 2988 later
639 2954 1087 3002 conteritur,eoqne1ntr1to
1103 2979 1112 2995 ‚
1126 2952 1331 3002 priusquam

293 2999 540 3047 disjungantur
558 3028 568 3045 ,
596 3003 682 3038 colla
704 3004 865 3051 conspergi
884 3011 1017 3052 oportet.
1045 3015 1139 3051 quae
1168 3003 1276 3039 verba
1296 3003 1334 3039 in

292 3050 494 3087 veterrimis
507 3051 727 3089 membranis
750 3054 918 3097 Gallicis,
935 3064 1023 3101 quas
1043 3054 1188 3097 evolvi,
1219 3053 1266 3090 fic
1285 3053 1335 3090 le-

292 3108 452 3150 guntur,
481 3104 590 3137 veteri
620 3102 770 3137 lateritio
797 3103 904 3144 trito,
928 3103 1130 3151 priusquam
1160 3104 1338 3152 disjunga-

297 3164 358 3188 tur
375 3179 384 3195 ‚
407 3151 491 3188 colla
509 3153 672 3202 conspergi
695 3161 831 3202 oportet.
869 3152 973 3190 Idem
996 3154 1186 3192 Lucretius
1209 3156 1270 3193 lib.
1304 3166 1338 3193 V.

290 3213 408 3253 1099.

348 3275 483 3307 Mutua
503 3269 589 3307 dum
609 3268 700 3306 inter
711 3271 748 3317 ſse
769 3270 861 3309 rami
881 3269 1057 3322 stirpesque
1078 3281 1252 3313 teruntur.

294 3331 379 3371 Val.
397 3332 544 3372 Flaccus
564 3331 625 3372 lib.
643 3344 690 3373 11.
712 3332 797 3381 448.

2306 1090 2408 1147 Per

1620 1241 1630 1247 ⁴
1667 1233 1777 1269 tratio
1793 1238 1874 1279 pars
1887 1231 2027 1280 frangit
2048 1229 2172 1267 adorea
2185 1229 2275 1277 saxo

1413 1288 1525 1319 Farra
1540 1309 1550 1325 ,
1578 1281 1688 1318 citum
1710 1282 1804 1319 tritis
1826 1282 1918 1319 alius
1937 1283 1977 1319 de
1997 1280 2125 1319 cotibus
2143 1280 2256 1330 ignem

1412 1331 1566 1370 Excudit
1579 1360 1589 1376 ,
1615 1333 1774 1384 foliisque
1794 1344 1837 1372 29·
1849 1333 2017 1382 sulphure
2029 1331 2142 1381 pascit
2162 1333 2287 1373 amica

1363 1393 1419 1484 {ta
1437 1392 1641 1433 scribendus
1666 1391 1769 1431 locus
1790 1390 2101 1431 mendofiffimus.
2153 1392 2305 1442 Vulgati
2331 1391 2410 1443 pes-⁴

1380 1457 1479 1490 ime,

1591 1508 1725 1557 strietis
1745 1507 1837 1547 alius
1857 1507 1897 1545 de
1916 1507 2074 1546 cautibus
2091 1507 2204 1558 ignem

1421 1559 1577 1608 ostendit
1589 1559 1700 1607 foliis.

1369 1628 1573 1678 Virgiliana
1594 1629 1756 1668 mimefis
1771 1658 1781 1674 ,

1419 1707 1477 1740 Ac
1491 1704 1646 1752 primum
1661 1703 1754 1752 filici
1763 1703 1963 1753 scintillam
1985 1702 2126 1741 excudit
2144 1702 2326 1752 Achates}

1421 1755 1632 1806 suscepitque
1647 1756 1760 1804 ignem
1774 1755 1886 1803 foliis.

1373 1817 1412 1856 δε
1431 1830 1525 1868 quae
1543 1819 1592 1857 ibi
1611 1832 1722 1869 porro
1745 1820 1956 1869 sequuntur.
1981 1818 2083 1858 idem
2106 1820 2144 1857 in
2177 1819 2392 1871 Georgicis:

1425 1887 1472 1920 Et
1484 1881 1594 1933 silicis
1615 1880 1715 1921 venis
1733 1883 1927 1933 abstrusum
1947 1885 2128 1922 excuderet
2147 1885 2274 1934 ignem.

1374 1961 1554 2000 Extundit
1584 1962 1706 2011 primo
1738 1970 1926 2001 exaratum
1947 1962 2029 2000 fuit.
2070 1962 2157 2000 hinc
2190 1962 2346 2008 Ostendit
2372 1964 2424 2003 fa-

1375 2013 1477 2051 &um
1499 2015 1538 2052 in
1564 2013 1731 2052 Valerio.
1784 2014 1964 2051 Ceterum
1985 2021 2026 2052 ut
2045 2013 2269 2053 manifestius
2287 2016 2426 2065 liqueat

1375 2064 1509 2102 terendi
1536 2064 1576 2102 &
1603 2065 1793 2102 excudendi
1820 2063 1999 2103 vocabula
2040 2063 2078 2101 in
2105 2064 2175 2101 hac
2211 2076 2250 2103 re
2277 2067 2423 2113 propria

1374 2114 1470 2161 effe,
1499 2115 1627 2154 locum
1657 2127 1702 2154 ex
1732 2116 1837 2154 Plinii
1869 2115 2031 2153 Historia
2063 2115 2228 2152 Naturali
2257 2114 2424 2154 luculen-

1373 2175 1456 2206 tum
1476 2166 1686 2205 adscribam.
1714 2166 1747 2204 Is
1766 2167 1876 2215 igitur
1890 2167 1950 2204 lib.
1972 2177 2053 2204 xvx.
2081 2175 2159 2213 cap.
2179 2177 2242 2211 40.
2267 2165 2329 2203 ubi
2349 2167 2424 2215 agit

1378 2217 1424 2256 de
1448 2217 1646 2255 arboribus.
1684 2217 1852 2260 Calidae,
1878 2229 2017 2260 morus,
2045 2215 2187 2259 laurus,
2214 2214 2351 2261 ederae,
2380 2227 2425 2257 <9⁸
2474 2224 2477 2227 '

1381 2281 1517 2313 omnes,
1549 2281 1591 2305 ex
1623 2266 1747 2317 quibus
1776 2267 1926 2316 igniaria
1944 2266 2049 2313 fiunt.
2076 2265 2344 2313 Exploratorum
2365 2266 2426 2306 hoc

1382 2320 1461 2370 usus
1475 2319 1514 2356 in
1533 2318 1670 2365 castris,
1697 2318 1863 2370 quoniam
1894 2317 1942 2354 ad
1961 2316 2200 2354 excudendum
2218 2316 2331 2365 ignem
2357 2331 2426 2356 non

1371 2371 1501 2422 semper
1517 2369 1642 2419 lapidis
1658 2368 1777 2419 occasio
1797 2368 1852 2417 est.
1890 2374 2037 2405 Teratur
2058 2381 2131 2415 ergo
2150 2367 2285 2416 lignum
2313 2368 2425 2418 ligno,

1379 2422 1557 2471 ignemque
1576 2421 1718 2471 concipit
1745 2419 1900 2464 attritu,
1934 2419 2117 2468 excipiente
2153 2419 2303 2456 materia
2330 2420 2426 2458 aridi

1373 2473 1536 2521 fomitis,
1556 2471 1658 2520 fungi
1679 2470 1736 2509 vel
1748 2470 1916 2516 foliorum
1927 2469 2102 2517 facillime
2123 2479 2328 2518 conceptum.
2363 2471 2427 2508 Sed

1153 2520 1193 2571 78
1213 2524 1329 2559 ταῦτα.
1384 2523 1476 2561 nihil
1495 2522 1619 2559 hedera
1647 2520 1877 2573 praestantius
1905 2533 1993 2570 qnae
2023 2530 2154 2556 teretur
2175 2548 2186 2564 ,
2222 2520 2320 2558 lauro
2339 2535 2428 2570 quae

281 2578 361 2623 φησὶ
393 2575 440 2614 ”cocx
476 2576 711 2631 πξος-ξιζόμεναι
742 2576 891 2620 cimina
918 2579 990 2629 πξός
1021 2579 1058 2614 τὸ
1087 2579 1151 2628 πῧξ
1182 2579 1327 2622 ἒννεκῖν.

1384 2584 1488 2613 terat.
1512 2574 1573 2612 ubi
1595 2573 1642 2610 ad
1662 2573 1902 2611 excudendum
1922 2583 2008 2610 vera
2034 2571 2204 2620 scriptura
2225 2572 2297 2617 est,
2323 2573 2427 2620 quic-

1383 2625 1472 2674 quid
1506 2625 1645 2662 variant
1673 2624 1752 2662 libri
1782 2631 1923 2662 veteres
1943 2651 1954 2668 ,
1992 2623 2234 2660 excutiendum
2254 2648 2265 2664 ,
2302 2631 2429 2659 extun-

1384 2675 1560 2718 dendum‚
1590 2674 1842 2713 excludendum
1861 2674 2120 2713 substituentes.
2152 2671 2428 2720 Corrigendum

1386 2736 1538 2775 quoque
1553 2753 1563 2769 ,
1573 2725 1747 2768 facillima
1764 2735 1930 2774 conceptu.
1951 2723 2100 2762 materia
2111 2720 2295 2759 videlicet.
2307 2734 2351 2760 ex
2365 2735 2432 2762 eo-

1386 2778 1472 2813 dem
1501 2776 1588 2813 loco
1618 2785 1767 2824 apparet
1788 2805 1798 2821 ,
1838 2788 1900 2814 cur
1927 2774 2109 2824 pastorum
2142 2773 2286 2811 mentio
2317 2774 2376 2812 hic
2407 2773 2430 2813 a

1381 2826 1536 2864 Nasone
1555 2826 1714 2866 fitfasta.
1740 2828 1934 2876 Eleganter
1943 2832 2066 2861 autem
2079 2832 2189 2861 vocat
2206 2823 2302 2873 ligna
2318 2824 2432 2873 ignia·

1387 2877 1466 2923 ria,
1492 2890 1536 2915 ex
1569 2877 1701 2927 quibus
1729 2879 1821 2927 ignis
1851 2875 2057 2928 excuditur:
2100 2872 2247 2912 Glossae
2280 2874 2431 2922 Ifidori,

1390 2929 1582 2976 igniarium
1599 2957 1608 2969 ,
1619 2929 1731 2975 ignem
1743 2925 1933 2974 concipiens.
1948 2923 2099 2962 Glossari
2106 2937 2166 2962 um
2183 2934 2286 2963 vetus
2299 2954 2310 2970 ‚
2321 2926 2434 2975 ignia-

1388 2979 1496 3023 rium,
1509 2979 1654 3019 πυρεὶον.
1672 2976 1890 3024 Ῑωςΐρεᾶειῐ
1903 2976 2011 3024 jocus
2027 2975 2174 3025 Apuleji
2192 2977 2351 3016 Metam.
2365 2990 2433 3018 vu.

1389 3030 1476 3067 loco
1499 3029 1682 3077 inliguiter
1706 3027 1900 3064 mendoso.
1941 3026 2156 3074 Affirmavit
2174 3040 2227 3064 me
2238 3027 2356 3077 sponte
2374 3029 2432 3067 vi-

1392 3081 1544 3117 tinorum
1569 3078 1701 3125 foculos
1729 3088 1966 3122 transeuntem
1991 3105 2002 3122 ,
2030 3075 2203 3114 titubanti
2218 3079 2333 3126 gradu
2357 3076 2438 3129 pro-⁴

1393 3131 1523 3180 lapsum
1538 3157 1548 3174 ,
1575 3130 1650 3177 igne
1679 3129 1831 3166 ultroneo
1848 3126 2008 3176 exarsisse.
2036 3127 2132 3164 Mihi
2151 3129 2260 3166 etiam
2277 3130 2434 3168 arridens

1359 3230 1362 3233 ¹
1393 3181 1532 3219 addidit
1554 3196 1564 3216 .·
1602 3194 1773 3229 quousque
1799 3194 1870 3229 ergo
1896 3179 2032 3227 frustra
2051 3179 2228 3228 pascemus
2247 3180 2436 3229 igniarium

1394 3232 1507 3283 istum.
1535 3232 1584 3268 ita
1606 3233 1738 3276 opinor
1758 3230 1998 3268 scribendum.
2026 3230 2176 3279 Vulgo,
2203 3231 2317 3279 ignem
2329 3233 2436 3270 ultro-

1396 3297 1497 3320 neum
1519 3280 1693 3330 acceffiffc,
1721 3283 1804 3326 vel,
1832 3280 2007 3330 arceffiffe,
2035 3281 2072 3318 &
2101 3282 2296 3331 ignigenum
2323 3283 2436 3330 istum.

1395 3342 1537 3375 veteres
1550 3332 1994 3382 membranae‚ignignum
2015 3331 2127 3383 istum,
2155 3332 2348 3383 lgniarium
2370 3345 2436 3370 vo-

2357 3390 2436 3430 cat,
