2495 3675
2160 179 2254 229 701

242 342 340 441 P.
457 336 929 442 QVID
997 337 1133 437 11
1251 332 2099 443 NASONIS

411 563 1936 708 EPISTULARUM

92 823 565 1002 EX
806 817 2229 997 PONTO

659 1130 1062 1212 LIB

1174 1128 1671 1211 ERI.

850 1372 1331 1438 EPISTOLA
1427 1371 1472 1435 I.

650 1524 1541 1606 *BRUTO

524 1695 661 1759 As0‚
684 1694 1007 1749 Tomitanae
1032 1692 1137 1762 jam
1166 1710 1272 1747 non
1299 1710 1468 1747 novus
1489 1693 1663 1748 incola
1689 1704 1878 1758 terrae,

593 1767 725 1823 Hoc
749 1767 845 1822 tibi
868 1768 936 1821 de
963 1764 1164 1821 Getico
1192 1767 1348 1821 litore
1376 1765 1540 1820 mittit
1569 1783 1716 1837 opuS.

85 1985 153 2060 IN
175 1982 379 2032 castigandis
397 1981 494 2021 hisce
510 1981 605 2020 libris
626 1981 771 2019 codices
793 1979 895 2018 fuere
915 1978 1005 2018 mihi
1019 1990 1122 2027 prae·

114 2035 167 2072 sto
189 2035 374 2083 aliquanto
403 2033 614 2070 vetustiores
635 2033 675 2069 iis
690 2059 699 2073 .
727 2042 820 2079 quos
840 2030 971 2067 Tristia
994 2030 1122 2077 suppe-

85 2084 267 2128 ditarunt,
293 2098 413 2134 neque
452 2083 498 2120 illi
521 2092 644 2119 tamen
668 2082 744 2129 ejus
779 2089 890 2117 notae
911 2089 971 2118 aut
994 2080 1122 2117 aueto-

83 2135 216 2177 ritatis,
247 2144 284 2171 ut
306 2135 469 2172 exactam
499 2134 588 2170 locis
615 2133 709 2169 male
737 2130 909 2173 adfeetis,
937 2131 998 2178 qui
1013 2131 1121 2178 pluri-

83 2185 137 2221 mi
169 2185 291 2232 passim
315 2187 375 2222 hic
405 2185 474 2220 illic
512 2191 733 2224 occurrunt,
770 2181 989 2217 medicinam
1024 2181 1120 2217 fece-

83 2234 166 2271 rint.
211 2236 346 2271 Primus
374 2235 544 2271 omnium
579 2230 918 2268 commendandum
952 2230 985 2266 se
1013 2229 1121 2266 offert

81 2283 162 2321 Viri
195 2284 307 2330 Amp.
338 2283 480 2321 Claudii
513 2281 665 2319 Sarravii
697 2280 814 2317 codex
845 2279 1002 2316 Gallicus
1036 2290 1120 2317 ante

83 2345 199 2372 annos
221 2334 453 2381 octingentos
482 2342 669 2373 exaratus;
698 2331 758 2368 sed
781 2330 956 2367 mendose
987 2330 1116 2367 admo-

82 2383 196 2427 dum,
225 2395 294 2420 nec
315 2385 372 2421 ille
392 2385 552 2431 integer,
577 2391 613 2419 ut
644 2383 706 2429 qui
739 2383 773 2418 in
807 2380 930 2427 Elegia
963 2380 1116 2418 secunda

79 2436 180 2472 tertii
200 2434 277 2472 libri
310 2434 466 2471 deficiat.
520 2434 734 2470 Proximum
769 2432 944 2468 vetustate
974 2431 1118 2479 Argen-

81 2491 222 2521 toratae
239 2483 479 2521 bibliothecae
500 2482 707 2529 exemplar,
732 2481 832 2530 quod
846 2492 1025 2517 annorum
1051 2483 1116 2519 cir-

83 2535 173 2571 citer
192 2533 501 2581 septingentorum
530 2533 667 2570 senium
690 2544 775 2580 prae
805 2530 837 2567 se
867 2532 960 2567 fert:
1003 2532 1038 2568 in
1071 2543 1118 2568 eo

82 2583 174 2622 liber
195 2592 340 2633 quartus
357 2596 441 2621 curn
462 2591 560 2631 parte
581 2584 674 2620 tertii
695 2581 995 2619 desiderabantur.
1039 2582 1120 2619 Nec

83 2642 202 2672 aetate
222 2634 339 2671 multo
363 2635 542 2671 inferioris
562 2644 606 2669 ex
626 2633 804 2669 Mediceis
831 2643 944 2674 unus,
975 2631 1121 2668 nobilis-

82 2683 166 2729 fimi
196 2684 346 2732 Rogerii
378 2683 579 2721 Twisdenii
621 2684 750 2731 equitis
790 2681 959 2718 Batoneti
990 2683 1117 2719 itidem

83 2745 177 2772 unus
207 2734 378 2783 Anglicus
393 2762 402 2778 ‚
431 2736 467 2771 δε
489 2734 646 2781 Remigii
668 2732 894 2769 FescbiiViri
911 2732 966 2768 (11.
987 2732 1119 2769 codex.

82 2783 165 2822 Post
189 2785 254 2821 hos
282 2786 416 2832 primus
439 2785 660 2826 Varianae,
689 2782 891 2818 Basileenlis
920 2782 1118 2826 secundus,

81 2834 208 2872 tertius
228 2835 460 2872 Farnesianae
481 2862 489 2875 ,
526 2842 671 2882 quartus
702 2832 933 2874 Barberinae‚
963 2832 1118 2868 Gottor-

44 2889 46 2891 ’
78 2885 239 2932 phianae
267 2886 413 2933 quintus
435 2912 443 2928 ,
480 2885 594 2920 sextus
619 2885 655 2919 δ’(
686 2883 856 2928 septimus
886 2882 1119 2926 't—iafmenfis,

84 2935 223 2983 Regiae
246 2935 279 2970 in
315 2934 426 2971 Gallis
456 2935 605 2970 octavus
625 2933 875 2969 bibliothecae,
933 2932 1119 2968 l'raererea

85 2995 178 3022 unus
198 2986 443 3021 Puteanorum
468 2986 612 3021 fratrum
628 3011 638 3026 ‚
668 2984 754 3019 alter
779 2981 981 3018 ssalthasaris
1001 2987 1120 3018 vore-

86 3036 136 3078 ti,
163 3036 286 3072 tertius
307 3035 385 3072 Viri
409 3034 745 3079 C}.2‘ar11ciij·.1nii.
776 3034 822 3068 Ηί
848 3044 931 3068 ante
951 3033 1122 3080 quadrin-

87 3093 236 3132 gentos,
262 3095 322 3122 aut
339 3086 558 3134 quingentos
580 3096 693 3120 annos
716 3082 860 3119 exarati.
895 3083 1037 3129 Reliqui
1054 3095 1122 3118 no-

89 3142 147 3171 tae
168 3137 399 3179 recentioris,
442 3136 602 3172 fluminei
627 3136 724 3173 «luo.
756 3134 909 3170 totidem
936 3133 1121 3175 medicei,

89 3183 317 3221 Combianus
341 3198 431 3223 unus
455 3214 463 3230 ‚
501 3186 558 3222 sex
583 3185 747 3220 Vaticani
765 3211 773 3225 ,
802 3183 900 3226 duo,
927 3195 1018 3230 quos
1043 3194 1123 3219 mu-

2160 1837 2221 1895 -Si

1180 1975 1369 2016 Leidenfis
1399 1977 1666 2023 bibliothecae,
1696 1977 1735 2015 ὅτ
1765 1976 2152 2023 Rottendorphianus,
2180 1977 2221 2016 &

1177 2028 1482 2072 Boxhornianus,
1512 2031 1550 2066 &
1573 2028 1816 2071 Arondelius,
1847 2031 1882 2066 ἃ
1914 2027 1934 2064 a
1958 2028 2065 2065 Petro
2090 2028 2219 2065 Servio

1177 2079 1333 2116 Medico
1364 2079 1539 2116 Romano
1571 2081 1661 2117 mihi
1689 2079 1856 2115 donatus.
1900 2079 2093 2126 Denique.
2125 2089 2220 2125 quae

1176 2129 1308 2177 negligi
1331 2140 1563 2178 nequaquam
1594 2130 1728 2167 debent
1750 2156 1760 2171 ‚
1796 2128 1971 2166 lectiones
1992 2127 2150 2164 diversae
2173 2139 2220 2165 ex

1176 2181 1324 2226 optimo
1349 2181 1624 2227 veterrimoque
1653 2179 1744 2217 libro
1762 2176 1815 2216 'ad
1847 2191 1947 2216 oram
1982 2178 2218 2226 Gryphianae

1177 2229 1348 2275 editionis
1374 2226 1393 2264 a
1415 2240 1550 2277 magno
1581 2231 1764 2277 Scaligero
1785 2237 1932 2266 notatae
1953 2257 1961 2270 ‚
1993 2230 2030 2265 ὃ(
2063 2229 2151 2264 aliae
2171 2239 2218 2265 ex

1177 2280 1354 2317 Mediceo
1382 2280 1611 2329 exemplari,
1649 2291 1727 2330 quo
1755 2279 1954 2317 Politianus
1984 2278 2062 2316 usus
2085 2279 2215 2316 fuerat.

1173 2329 1318 2367 Hfims.

1222 2380 1261 2417 P.
1292 2380 1441 2417 vamx
1478 2381 1649 2419 Nasoms
1692 2393 1742 2418 DE
1779 2381 1917 2418 Pom-0
1958 2381 2082 2416 Lmen
2121 2378 2215 2416 Pm-

1177 2430 1293 2477 M03.]
1325 2431 1426 2467 Nihil
1449 2433 1562 2479 magis
1581 2432 1748 2469 inscitum
1770 2440 1830 2466 aut
1858 2431 2042 2466 barbarum
2073 2431 2138 2465 hac
2158 2430 2215 2466 in-

1175 2480 1370 2527 scriptione
1392 2509 1400 2522 ,
1437 2492 1548 2530 quam
1577 2494 1667 2519 cave
1695 2481 1815 2517 credas
1834 2481 1875 2516 ab
1898 2480 2078 2516 terlissima
2102 2478 2214 2516 nostri

1177 2531 1330 2568 Nasonis
1353 2543 1463 2568 manu
1483 2529 1565 2568 esse.
1596 2532 1740 2568 vocavit
1764 2531 1801 2566 &
1823 2529 2045 2566 doc'tissimus
2067 2528 2214 2566 Voffius

1175 2581 1210 2617 in
1234 2581 1422 2618 discrimen
1463 2582 1556 2617 hanc
1585 2582 1854 2628 inscriptionem
1892 2592 1969 2628 cap.
1991 2591 2094 2616 var.
2132 2579 2213 2616 libri

1175 2630 1222 2667 de
1243 2630 1535 2667 Construfflone.
1579 2632 1678 2668 Libri
1712 2640 1849 2666 veteres
1879 2630 2041 2677 plerique
2073 2629 2214 2667 nullam

1176 2683 1334 2718 omnino
1364 2682 1632 2729 inscriptionem
1667 2680 1888 2729 agnoscunt,
1917 2680 1981 2716 nisi
2013 2679 2112 2727 quod
2134 2680 2214 2716 Sar-

1176 2735 1341 2768 ravianus
1362 2732 1531 2768 omnium
1555 2740 1790 2773 veterrimus,
1814 2733 1849 2767 &
1871 2730 2098 2767 Combianus
2119 2731 2213 2768 inter

1177 2783 1346 2818 meliores
1366 2783 1631 2824 numerandus,
1659 2793 1880 2830 quamquam
1916 2789 2025 2817 notae
2047 2780 2214 2826 recentis,

1177 2832 1237 2868 sub
1259 2831 1461 2868 finemlibri
1483 2832 1652 2874 secundi,
1681 2844 1726 2868 Ex
1751 2833 1888 2868 Pomm
1914 2832 2039 2868 [sinen
2065 2843 2108 2867 11.
2137 2831 2214 2868 Ex-

1179 2894 1330 2918 Pticrr.
1352 2882 1647 2925 ssarberinianus,
1676 2882 1872 2918 Exvmcw
1903 2881 2029 2918 Lmen
2064 2882 2212 2918 Ovtnix

1177 2945 1220 2968 m
1249 2934 1401 2968 ΡοΝτο.
1430 2932 1600 2979 Opinor‚
1627 2934 1926 2976 Ponvrtcouum,
1956 2942 2015 2970 aut
2046 2932 2214 2969 Eiusm-

1179 2995 1315 3018 LARUM
1337 2982 1609 3020 Pourxciaum
1633 2983 1739 3019 titulo
1761 2983 1867 3019 libros
1885 2982 1991 3019 hosce
2013 2994 2171 3030 quatuor
2190 2981 2212 3018 ’ἷὶ

1180 3032 1326 3068 Nasone
1356 3032 1542 3078 insignitos
1574 3031 1684 3070 fuisse.
1714 3033 1760 3069 s1C
1783 3035 1961 3069 Pontica
1992 3033 2134 3070 solinus
2157 3033 2212 3069 in-

1178 3083 1356 3127 scripserat
1375 3086 1510 3128 po'e'ma
1532 3083 1634 3120 suum
1651 3111 1661 3127 ,
1689 3095 1764 3132 quo
1779 3095 1852 3119 rem
1874 3083 2091 3119 maritimam
2106 3094 2211 3120 com-

1180 3132 1411 3179 plectebatur.
1440 3134 1489 3170 uti
1509 3145 1550 3169 ex
1567 3135 1757 3180 proaemio
1772 3133 1876 3180 ipsius
1891 3134 2071 3178 poematis
2087 3161 2095 3176 ,
2109 3130 2211 3179 quod

1179 3195 1197 3218 a
1220 3184 1377 3219 Pithoeo
1397 3182 1444 3219 est
1465 3183 1689 3229 divulgatum
1705 3211 1714 3226 ,
1731 3185 1806 3229 jam
1830 3184 1968 3231 pridem
1990 3183 2127 3228 liquido
2151 3193 2211 3227 ap-

87 3233 276 3270 nificentia
298 3235 374 3271 Viri
401 3239 445 3272 A.
470 3236 635 3272 Bernardt
656 3234 824 3271 Medonii
849 3233 1127 3270 Senator·r‹‚'1“0-
1186 3241 1296 3280 paret.
1323 3244 1533 3281 quanquam
1559 3234 1745 3270 Salmasius
1766 3234 1798 3270 id
1829 3235 1982 3270 Pom-m
2010 3231 2214 3277 inst-mptum

84 3283 204 3331 {osani
223 3284 410 3332 possideo,
437 3293 506 3325 tres
528 3286 713 3331 Vestiam,
742 3295 835 3324 unus
856 3284 1071 3330 Patavinus,
1091 3284 1130 3321 &
1189 3282 1294 3337 suiile
1324 3284 1519 3322 contendit
1554 3284 1832 3334 Prologomenis
1867 3284 1904 3321 in
1948 3281 2127 3320 solinum.
2165 3275 2226 3346 sed

266 3338 362 3384 ζωῇ.
389 3341 453 3373 111.

1367 3333 1517 3384 Nyvt
2179 3329 2221 3369 δε
