<?xml version="1.0" encoding="UTF-8"?>
<!DOCTYPE html PUBLIC "-//W3C//DTD XHTML 1.0 Transitional//EN"
    "http://www.w3.org/TR/xhtml1/DTD/xhtml1-transitional.dtd">
<html xmlns="http://www.w3.org/1999/xhtml" xml:lang="en" lang="en">
 <head>
  <title>
</title>
<meta http-equiv="Content-Type" content="text/html;charset=utf-8" />
  <meta name='ocr-system' content='tesseract 3.04.00' />
  <meta name='ocr-capabilities' content='ocr_page ocr_carea ocr_par ocr_line ocrx_word'/>
</head>
<body>
  <div class='ocr_page' id='page_1' title='image "./publiiovidiinaso03ovid_0032.png"; bbox 0 0 2495 3675; ppageno 0'>
   <div class='ocr_carea' id='block_1_1' title="bbox 174 160 1211 261">
    <p class='ocr_par' dir='ltr' id='par_1_1' title="bbox 174 160 1211 261">
     <span class='ocr_line' id='line_1_1' title="bbox 174 160 1211 261; baseline -0.01 -9"><span class='ocrx_word' id='word_1_1' title='bbox 174 160 235 261; x_wconf 41' lang='lat' dir='ltr'>a</span> <span class='ocrx_word' id='word_1_2' title='bbox 653 187 1211 251; x_wconf 81' lang='lat' dir='ltr'>P.oV1D11</span> 
     </span>
    </p>
   </div>
   <div class='ocr_carea' id='block_1_2' title="bbox 1286 187 1818 250">
    <p class='ocr_par' dir='ltr' id='par_1_2' title="bbox 1286 187 1818 250">
     <span class='ocr_line' id='line_1_2' title="bbox 1286 187 1818 250; baseline 0.011 -6"><span class='ocrx_word' id='word_1_3' title='bbox 1286 187 1818 250; x_wconf 89' lang='lat' dir='ltr'>NASONIS</span> 
     </span>
    </p>
   </div>
   <div class='ocr_carea' id='block_1_3' title="bbox 464 305 2063 531">
    <p class='ocr_par' dir='ltr' id='par_1_3' title="bbox 464 305 2063 531">
     <span class='ocr_line' id='line_1_3' title="bbox 464 305 2063 382; baseline -0.001 -13"><span class='ocrx_word' id='word_1_4' title='bbox 464 311 617 369; x_wconf 89' lang='lat' dir='ltr'>Tum</span> <span class='ocrx_word' id='word_1_5' title='bbox 640 309 791 365; x_wconf 86' lang='lat' dir='ltr'>Deus</span> <span class='ocrx_word' id='word_1_6' title='bbox 815 305 1129 363; x_wconf 83' lang='lat' dir='ltr'><strong>incumbens</strong></span> <span class='ocrx_word' id='word_1_7' title='bbox 1149 305 1341 360; x_wconf 87' lang='lat' dir='ltr'>baculo</span> <span class='ocrx_word' id='word_1_8' title='bbox 1358 349 1370 368; x_wconf 88' lang='lat'><strong>‚</strong></span> <span class='ocrx_word' id='word_1_9' title='bbox 1412 322 1576 378; x_wconf 90' lang='lat' dir='ltr'>quem</span> <span class='ocrx_word' id='word_1_10' title='bbox 1602 305 1792 363; x_wconf 87' lang='lat' dir='ltr'>dextra</span> <span class='ocrx_word' id='word_1_11' title='bbox 1819 310 2063 382; x_wconf 72' lang='lat' dir='ltr'>gerebat3</span> 
     </span>
     <span class='ocr_line' id='line_1_4' title="bbox 542 378 1720 455; baseline -0.003 -15"><span class='ocrx_word' id='word_1_12' title='bbox 542 384 740 440; x_wconf 86' lang='lat' dir='ltr'>Omina</span> <span class='ocrx_word' id='word_1_13' title='bbox 768 380 1069 455; x_wconf 84' lang='lat' dir='ltr'>principiis,</span> <span class='ocrx_word' id='word_1_14' title='bbox 1107 379 1309 451; x_wconf 87' lang='lat' dir='ltr'>inquit,</span> <span class='ocrx_word' id='word_1_15' title='bbox 1346 378 1508 434; x_wconf 81' lang='lat' dir='ltr'>ineffe</span> <span class='ocrx_word' id='word_1_16' title='bbox 1533 379 1720 436; x_wconf 85' lang='lat' dir='ltr'><strong>solent.</strong></span> 
     </span>
     <span class='ocr_line' id='line_1_5' title="bbox 467 451 1779 531; baseline -0.003 -16"><span class='ocrx_word' id='word_1_17' title='bbox 467 459 560 515; x_wconf 89' lang='lat' dir='ltr'>Ad</span> <span class='ocrx_word' id='word_1_18' title='bbox 585 457 811 531; x_wconf 84' lang='lat' dir='ltr'>primam</span> <span class='ocrx_word' id='word_1_19' title='bbox 839 469 1032 508; x_wconf 87' lang='lat' dir='ltr'>vocem</span> <span class='ocrx_word' id='word_1_20' title='bbox 1061 451 1272 505; x_wconf 82' lang='lat' dir='ltr'>timidas</span> <span class='ocrx_word' id='word_1_21' title='bbox 1296 452 1575 506; x_wconf 82' lang='lat' dir='ltr'>advertitis</span> <span class='ocrx_word' id='word_1_22' title='bbox 1598 472 1779 511; x_wconf 83' lang='lat' dir='ltr'>aures:</span> 
     </span>
    </p>
   </div>
   <div class='ocr_carea' id='block_1_4' title="bbox 324 535 422 590">
    <p class='ocr_par' dir='ltr' id='par_1_4' title="bbox 324 535 422 590">
     <span class='ocr_line' id='line_1_6' title="bbox 324 535 422 590; baseline -0.01 0"><span class='ocrx_word' id='word_1_23' title='bbox 324 535 422 590; x_wconf 87' lang='lat'>180</span> 
     </span>
    </p>
   </div>
   <div class='ocr_carea' id='block_1_5' title="bbox 534 523 1699 599">
    <p class='ocr_par' dir='ltr' id='par_1_5' title="bbox 534 523 1699 599">
     <span class='ocr_line' id='line_1_7' title="bbox 534 523 1699 599; baseline -0.002 -14"><span class='ocrx_word' id='word_1_24' title='bbox 534 532 606 586; x_wconf 81' lang='lat' dir='ltr'>Et</span> <span class='ocrx_word' id='word_1_25' title='bbox 636 530 796 584; x_wconf 88' lang='lat' dir='ltr'>visam</span> <span class='ocrx_word' id='word_1_26' title='bbox 823 524 1055 599; x_wconf 75' lang='lat' dir='ltr'>primum</span> <span class='ocrx_word' id='word_1_27' title='bbox 1083 523 1309 579; x_wconf 91' lang='lat' dir='ltr'>consulit</span> <span class='ocrx_word' id='word_1_28' title='bbox 1335 543 1504 597; x_wconf 86' lang='lat' dir='ltr'>augur</span> <span class='ocrx_word' id='word_1_29' title='bbox 1529 544 1699 583; x_wconf 88' lang='lat' dir='ltr'>avem.</span> 
     </span>
    </p>
   </div>
   <div class='ocr_carea' id='block_1_6' title="bbox 468 598 2041 892">
    <p class='ocr_par' dir='ltr' id='par_1_6' title="bbox 468 598 2041 892">
     <span class='ocr_line' id='line_1_8' title="bbox 468 598 2041 674; baseline 0.002 -16"><span class='ocrx_word' id='word_1_30' title='bbox 468 604 702 674; x_wconf 86' lang='lat' dir='ltr'>Templa</span> <span class='ocrx_word' id='word_1_31' title='bbox 725 613 907 674; x_wconf 82' lang='lat' dir='ltr'>patent</span> <span class='ocrx_word' id='word_1_32' title='bbox 935 614 1194 671; x_wconf 67' lang='lat' dir='ltr'>auresque</span> <span class='ocrx_word' id='word_1_33' title='bbox 1221 598 1402 653; x_wconf 72' lang='lat' dir='ltr'>Deum</span> <span class='ocrx_word' id='word_1_34' title='bbox 1430 617 1440 652; x_wconf 93' lang='lat'>:</span> <span class='ocrx_word' id='word_1_35' title='bbox 1481 617 1582 654; x_wconf 87' lang='lat' dir='ltr'>nec</span> <span class='ocrx_word' id='word_1_36' title='bbox 1609 601 1786 673; x_wconf 88' lang='lat' dir='ltr'>lingua</span> <span class='ocrx_word' id='word_1_37' title='bbox 1811 603 2041 660; x_wconf 85' lang='lat' dir='ltr'>caducas</span> 
     </span>
     <span class='ocr_line' id='line_1_9' title="bbox 539 671 1944 746; baseline 0 -14"><span class='ocrx_word' id='word_1_38' title='bbox 539 675 798 746; x_wconf 87' lang='lat' dir='ltr'>Concipit</span> <span class='ocrx_word' id='word_1_39' title='bbox 824 672 924 726; x_wconf 87' lang='lat' dir='ltr'>ulla</span> <span class='ocrx_word' id='word_1_40' title='bbox 950 688 1170 743; x_wconf 85' lang='lat' dir='ltr'>preces;</span> <span class='ocrx_word' id='word_1_41' title='bbox 1207 671 1454 743; x_wconf 61' lang='lat' dir='ltr'>dietaque</span> <span class='ocrx_word' id='word_1_42' title='bbox 1481 674 1694 745; x_wconf 89' lang='lat' dir='ltr'>pondus</span> <span class='ocrx_word' id='word_1_43' title='bbox 1719 675 1944 734; x_wconf 89' lang='lat' dir='ltr'>habent:</span> 
     </span>
     <span class='ocr_line' id='line_1_10' title="bbox 469 745 1679 819; baseline -0.004 -11"><span class='ocrx_word' id='word_1_44' title='bbox 469 750 710 808; x_wconf 77' lang='lat' dir='ltr'>Desierat</span> <span class='ocrx_word' id='word_1_45' title='bbox 737 745 918 819; x_wconf 86' lang='lat' dir='ltr'>paucis</span> <span class='ocrx_word' id='word_1_46' title='bbox 943 762 954 798; x_wconf 75' lang='grc' dir='ltr'>ε</span> <span class='ocrx_word' id='word_1_47' title='bbox 997 762 1098 800; x_wconf 90' lang='lat' dir='ltr'>nec</span> <span class='ocrx_word' id='word_1_48' title='bbox 1127 746 1286 818; x_wconf 84' lang='lat' dir='ltr'>longa</span> <span class='ocrx_word' id='word_1_49' title='bbox 1314 747 1511 801; x_wconf 79' lang='lat' dir='ltr'>silentia</span> <span class='ocrx_word' id='word_1_50' title='bbox 1537 745 1679 813; x_wconf 78' lang='lat' dir='ltr'>feci3</span> 
     </span>
     <span class='ocr_line' id='line_1_11' title="bbox 543 817 1612 892; baseline -0.001 -16"><span class='ocrx_word' id='word_1_51' title='bbox 543 821 652 877; x_wconf 88' lang='lat' dir='ltr'>Sed</span> <span class='ocrx_word' id='word_1_52' title='bbox 675 819 829 892; x_wconf 82' lang='lat' dir='ltr'>tetigi</span> <span class='ocrx_word' id='word_1_53' title='bbox 855 817 1030 875; x_wconf 88' lang='lat' dir='ltr'>verbis</span> <span class='ocrx_word' id='word_1_54' title='bbox 1057 819 1243 874; x_wconf 87' lang='lat' dir='ltr'>ultima</span> <span class='ocrx_word' id='word_1_55' title='bbox 1265 820 1428 877; x_wconf 85' lang='lat' dir='ltr'>verba</span> <span class='ocrx_word' id='word_1_56' title='bbox 1450 821 1612 876; x_wconf 87' lang='lat' dir='ltr'>meis:</span> 
     </span>
    </p>
   </div>
   <div class='ocr_carea' id='block_1_7' title="bbox 170 1032 1243 3400">
    <p class='ocr_par' dir='ltr' id='par_1_7' title="bbox 171 1032 1234 1285">
     <span class='ocr_line' id='line_1_12' title="bbox 178 1032 1229 1083; baseline -0.008 -3"><span class='ocrx_word' id='word_1_57' title='bbox 178 1043 367 1082; x_wconf 59' lang='grc' dir='ltr'>θαλάττης</span> <span class='ocrx_word' id='word_1_58' title='bbox 390 1035 534 1081; x_wconf 67' lang='grc' dir='ltr'>καλῶν,</span> <span class='ocrx_word' id='word_1_59' title='bbox 569 1034 807 1083; x_wconf 74' lang='grc' dir='ltr'>εὖφραῖνουσιν</span> <span class='ocrx_word' id='word_1_60' title='bbox 828 1032 969 1076; x_wconf 77' lang='grc' dir='ltr'><em>αὑτούς.</em></span> <span class='ocrx_word' id='word_1_61' title='bbox 997 1033 1036 1071; x_wconf 76' lang='lat'>8&lt;</span> <span class='ocrx_word' id='word_1_62' title='bbox 1052 1032 1229 1072; x_wconf 60' lang='lat' dir='ltr'>&amp;Pliniox</span> 
     </span>
     <span class='ocr_line' id='line_1_13' title="bbox 178 1084 1233 1144; baseline -0.008 -14"><span class='ocrx_word' id='word_1_63' title='bbox 178 1095 252 1144; x_wconf 51' lang='lat' dir='ltr'>{Lai</span> <span class='ocrx_word' id='word_1_64' title='bbox 278 1093 460 1142; x_wconf 52' lang='lat' dir='ltr'>primum.</span> <span class='ocrx_word' id='word_1_65' title='bbox 484 1087 626 1137; x_wconf 90' lang='lat' dir='ltr'>inquit,</span> <span class='ocrx_word' id='word_1_66' title='bbox 664 1084 860 1135; x_wconf 81' lang='lat' dir='ltr'>incipientis</span> <span class='ocrx_word' id='word_1_67' title='bbox 891 1084 979 1121; x_wconf 86' lang='lat' dir='ltr'>anni</span> <span class='ocrx_word' id='word_1_68' title='bbox 1010 1085 1101 1123; x_wconf 84' lang='lat' dir='ltr'>diem</span> <span class='ocrx_word' id='word_1_69' title='bbox 1132 1085 1233 1122; x_wconf 85' lang='lat' dir='ltr'>laetis</span> 
     </span>
     <span class='ocr_line' id='line_1_14' title="bbox 171 1136 1233 1196; baseline -0.011 -15"><span class='ocrx_word' id='word_1_70' title='bbox 171 1141 424 1196; x_wconf 78' lang='lat' dir='ltr'>precationibus</span> <span class='ocrx_word' id='word_1_71' title='bbox 454 1139 606 1176; x_wconf 76' lang='lat' dir='ltr'>invicem</span> <span class='ocrx_word' id='word_1_72' title='bbox 629 1137 790 1185; x_wconf 85' lang='lat' dir='ltr'>faustum</span> <span class='ocrx_word' id='word_1_73' title='bbox 814 1136 1027 1174; x_wconf 81' lang='lat' dir='ltr'>ominamur.</span> <span class='ocrx_word' id='word_1_74' title='bbox 1055 1137 1233 1174; x_wconf 68' lang='lat' dir='ltr'>NEApor„</span> 
     </span>
     <span class='ocr_line' id='line_1_15' title="bbox 176 1186 1234 1244; baseline -0.007 -12"><span class='ocrx_word' id='word_1_75' title='bbox 176 1194 449 1244; x_wconf 78' lang='lat' dir='ltr'>suscipimusque</span> <span class='ocrx_word' id='word_1_76' title='bbox 479 1188 679 1229; x_wconf 84' lang='lat' dir='ltr'>Erfurtens.</span> <span class='ocrx_word' id='word_1_77' title='bbox 707 1186 962 1237; x_wconf 81' lang='lat' dir='ltr'>accipimusque</span> <span class='ocrx_word' id='word_1_78' title='bbox 995 1196 1096 1223; x_wconf 86' lang='lat' dir='ltr'>notas</span> <span class='ocrx_word' id='word_1_79' title='bbox 1129 1188 1234 1225; x_wconf 84' lang='lat' dir='ltr'>Peta-</span> 
     </span>
     <span class='ocr_line' id='line_1_16' title="bbox 177 1248 356 1285; baseline -0.017 0"><span class='ocrx_word' id='word_1_80' title='bbox 177 1248 228 1285; x_wconf 75' lang='lat' dir='ltr'>vii</span> <span class='ocrx_word' id='word_1_81' title='bbox 253 1257 356 1285; x_wconf 87' lang='lat' dir='ltr'>unus.</span> 
     </span>
    </p>

    <p class='ocr_par' dir='ltr' id='par_1_8' title="bbox 179 1287 1239 1396">
     <span class='ocr_line' id='line_1_17' title="bbox 232 1287 1239 1344; baseline -0.011 -8"><span class='ocrx_word' id='word_1_82' title='bbox 232 1309 313 1343; x_wconf 86' lang='lat'>177.</span> <span class='ocrx_word' id='word_1_83' title='bbox 342 1298 457 1344; x_wconf 44' lang='lat' dir='ltr'>(glirem</span> <span class='ocrx_word' id='word_1_84' title='bbox 499 1294 626 1332; x_wconf 81' lang='lat' dir='ltr'>dextra</span> <span class='ocrx_word' id='word_1_85' title='bbox 656 1288 834 1340; x_wconf 80' lang='lat' dir='ltr'>tenebat.]</span> <span class='ocrx_word' id='word_1_86' title='bbox 882 1287 1034 1326; x_wconf 82' lang='lat' dir='ltr'>Gerebat</span> <span class='ocrx_word' id='word_1_87' title='bbox 1071 1288 1239 1337; x_wconf 82' lang='lat' dir='ltr'>potiores</span> 
     </span>
     <span class='ocr_line' id='line_1_18' title="bbox 179 1346 673 1396; baseline -0.012 -9"><span class='ocrx_word' id='word_1_88' title='bbox 179 1348 312 1396; x_wconf 86' lang='lat' dir='ltr'>scripti.</span> <span class='ocrx_word' id='word_1_89' title='bbox 332 1348 433 1395; x_wconf 83' lang='lat' dir='ltr'>supra</span> <span class='ocrx_word' id='word_1_90' title='bbox 454 1346 649 1383; x_wconf 81' lang='lat' dir='ltr'>habuimus</span> <span class='ocrx_word' id='word_1_91' title='bbox 663 1371 673 1388; x_wconf 93' lang='lat'><em>‚</em></span> 
     </span>
    </p>

    <p class='ocr_par' dir='ltr' id='par_1_9' title="bbox 170 1389 1234 1651">
     <span class='ocr_line' id='line_1_19' title="bbox 226 1389 1188 1442; baseline -0.01 -6"><span class='ocrx_word' id='word_1_92' title='bbox 226 1399 287 1436; x_wconf 86' lang='lat' dir='ltr'>Ille</span> <span class='ocrx_word' id='word_1_93' title='bbox 307 1408 423 1436; x_wconf 84' lang='lat' dir='ltr'>tenens</span> <span class='ocrx_word' id='word_1_94' title='bbox 443 1395 573 1434; x_wconf 72' lang='lat' dir='ltr'>dextra</span> <span class='ocrx_word' id='word_1_95' title='bbox 594 1394 757 1431; x_wconf 83' lang='lat' dir='ltr'>baculum</span> <span class='ocrx_word' id='word_1_96' title='bbox 770 1422 780 1438; x_wconf 88' lang='lat'><strong>,</strong></span> <span class='ocrx_word' id='word_1_97' title='bbox 810 1391 1014 1442; x_wconf 81' lang='lat' dir='ltr'>clavemque</span> <span class='ocrx_word' id='word_1_98' title='bbox 1034 1389 1188 1437; x_wconf 69' lang='lat' dir='ltr'>sinistrd.</span> 
     </span>
     <span class='ocr_line' id='line_1_20' title="bbox 170 1442 1232 1491; baseline -0.012 -2"><span class='ocrx_word' id='word_1_99' title='bbox 170 1451 268 1490; x_wconf 88' lang='lat' dir='ltr'>Puto</span> <span class='ocrx_word' id='word_1_100' title='bbox 283 1459 406 1488; x_wconf 85' lang='lat' dir='ltr'>tamen</span> <span class='ocrx_word' id='word_1_101' title='bbox 428 1447 657 1486; x_wconf 83' lang='lat' dir='ltr'>scribendum</span> <span class='ocrx_word' id='word_1_102' title='bbox 673 1474 684 1491; x_wconf 90' lang='lat'>‚</span> <span class='ocrx_word' id='word_1_103' title='bbox 712 1444 876 1481; x_wconf 88' lang='lat' dir='ltr'>baculum</span> <span class='ocrx_word' id='word_1_104' title='bbox 891 1471 902 1488; x_wconf 93' lang='lat'>,</span> <span class='ocrx_word' id='word_1_105' title='bbox 920 1442 1010 1491; x_wconf 86' lang='lat' dir='ltr'>quod</span> <span class='ocrx_word' id='word_1_106' title='bbox 1030 1442 1157 1478; x_wconf 81' lang='lat' dir='ltr'>dextra</span> <span class='ocrx_word' id='word_1_107' title='bbox 1175 1454 1232 1489; x_wconf 81' lang='lat' dir='ltr'>ge-</span> 
     </span>
     <span class='ocr_line' id='line_1_21' title="bbox 175 1492 1234 1542; baseline -0.01 -3"><span class='ocrx_word' id='word_1_108' title='bbox 175 1502 284 1539; x_wconf 82' lang='lat' dir='ltr'>rebat.</span> <span class='ocrx_word' id='word_1_109' title='bbox 312 1501 387 1538; x_wconf 84' lang='lat' dir='ltr'>Adi</span> <span class='ocrx_word' id='word_1_110' title='bbox 409 1501 527 1539; x_wconf 85' lang='lat' dir='ltr'>Notas</span> <span class='ocrx_word' id='word_1_111' title='bbox 550 1499 643 1536; x_wconf 89' lang='lat' dir='ltr'>Met.</span> <span class='ocrx_word' id='word_1_112' title='bbox 667 1510 710 1535; x_wconf 88' lang='lat'>11.</span> <span class='ocrx_word' id='word_1_113' title='bbox 730 1495 885 1539; x_wconf 59' lang='lat' dir='ltr'>sss.682.</span> <span class='ocrx_word' id='word_1_114' title='bbox 914 1495 1061 1532; x_wconf 65' lang='lat' dir='ltr'>Hnms.</span> <span class='ocrx_word' id='word_1_115' title='bbox 1088 1492 1234 1542; x_wconf 80' lang='lat' dir='ltr'>Regebat</span> 
     </span>
     <span class='ocr_line' id='line_1_22' title="bbox 173 1543 1234 1601; baseline -0.008 -13"><span class='ocrx_word' id='word_1_116' title='bbox 173 1553 345 1590; x_wconf 86' lang='lat' dir='ltr'>Vatican.</span> <span class='ocrx_word' id='word_1_117' title='bbox 375 1551 537 1601; x_wconf 87' lang='lat' dir='ltr'>optimus</span> <span class='ocrx_word' id='word_1_118' title='bbox 565 1551 604 1588; x_wconf 87' lang='lat'>&amp;</span> <span class='ocrx_word' id='word_1_119' title='bbox 635 1549 807 1597; x_wconf 87' lang='lat' dir='ltr'>Excerpt.</span> <span class='ocrx_word' id='word_1_120' title='bbox 828 1545 1079 1584; x_wconf 63' lang='lat' dir='ltr'>Kloekhovii.</span> <span class='ocrx_word' id='word_1_121' title='bbox 1101 1543 1234 1593; x_wconf 82' lang='lat' dir='ltr'>tegebat</span> 
     </span>
     <span class='ocr_line' id='line_1_23' title="bbox 173 1603 345 1651; baseline -0.012 -10"><span class='ocrx_word' id='word_1_122' title='bbox 173 1603 345 1651; x_wconf 53' lang='lat' dir='ltr'>N&#39;ossian.</span> 
     </span>
    </p>

    <p class='ocr_par' dir='ltr' id='par_1_10' title="bbox 231 1646 1172 1702">
     <span class='ocr_line' id='line_1_24' title="bbox 231 1646 1172 1702; baseline -0.01 -10"><span class='ocrx_word' id='word_1_123' title='bbox 231 1654 312 1701; x_wconf 79' lang='lat'>178.</span> <span class='ocrx_word' id='word_1_124' title='bbox 339 1652 511 1702; x_wconf 67' lang='lat' dir='ltr'>omina]</span> <span class='ocrx_word' id='word_1_125' title='bbox 543 1651 675 1688; x_wconf 84' lang='lat' dir='ltr'>Omnia</span> <span class='ocrx_word' id='word_1_126' title='bbox 693 1650 813 1698; x_wconf 88' lang='lat' dir='ltr'>scripti</span> <span class='ocrx_word' id='word_1_127' title='bbox 835 1650 873 1686; x_wconf 65' lang='grc' dir='ltr'>ἐξ</span> <span class='ocrx_word' id='word_1_128' title='bbox 897 1647 986 1685; x_wconf 88' lang='lat' dir='ltr'>editi</span> <span class='ocrx_word' id='word_1_129' title='bbox 1005 1646 1172 1696; x_wconf 89' lang='lat' dir='ltr'>quidam.</span> 
     </span>
    </p>

    <p class='ocr_par' dir='ltr' id='par_1_11' title="bbox 175 1698 1236 2254">
     <span class='ocr_line' id='line_1_25' title="bbox 232 1698 1234 1753; baseline -0.011 -9"><span class='ocrx_word' id='word_1_130' title='bbox 232 1718 313 1753; x_wconf 84' lang='lat'>179.</span> <span class='ocrx_word' id='word_1_131' title='bbox 342 1706 405 1741; x_wconf 83' lang='lat' dir='ltr'>Ad</span> <span class='ocrx_word' id='word_1_132' title='bbox 429 1705 585 1752; x_wconf 86' lang='lat' dir='ltr'>primam</span> <span class='ocrx_word' id='word_1_133' title='bbox 616 1714 735 1739; x_wconf 83' lang='lat' dir='ltr'>vocem</span> <span class='ocrx_word' id='word_1_134' title='bbox 757 1699 906 1737; x_wconf 85' lang='lat' dir='ltr'>timidas</span> <span class='ocrx_word' id='word_1_135' title='bbox 925 1698 1150 1734; x_wconf 83' lang='lat' dir='ltr'>advertimus</span> <span class='ocrx_word' id='word_1_136' title='bbox 1169 1710 1234 1734; x_wconf 88' lang='lat' dir='ltr'>au-</span> 
     </span>
     <span class='ocr_line' id='line_1_26' title="bbox 176 1749 1230 1805; baseline -0.008 -11"><span class='ocrx_word' id='word_1_137' title='bbox 176 1756 268 1805; x_wconf 85' lang='lat' dir='ltr'>res.]</span> <span class='ocrx_word' id='word_1_138' title='bbox 306 1756 385 1793; x_wconf 89' lang='lat' dir='ltr'>Urs.</span> <span class='ocrx_word' id='word_1_139' title='bbox 409 1755 472 1791; x_wconf 85' lang='lat' dir='ltr'>Ad</span> <span class='ocrx_word' id='word_1_140' title='bbox 488 1754 622 1803; x_wconf 86' lang='lat' dir='ltr'>primas</span> <span class='ocrx_word' id='word_1_141' title='bbox 635 1750 888 1789; x_wconf 79' lang='lat' dir='ltr'>vocestimidas</span> <span class='ocrx_word' id='word_1_142' title='bbox 903 1749 1106 1786; x_wconf 84' lang='lat' dir='ltr'>convertitis</span> <span class='ocrx_word' id='word_1_143' title='bbox 1117 1762 1230 1786; x_wconf 89' lang='lat' dir='ltr'>aures.</span> 
     </span>
     <span class='ocr_line' id='line_1_27' title="bbox 178 1800 1236 1853; baseline -0.008 -8"><span class='ocrx_word' id='word_1_144' title='bbox 178 1807 336 1853; x_wconf 78' lang='lat' dir='ltr'>Maffei,</span> <span class='ocrx_word' id='word_1_145' title='bbox 360 1805 560 1842; x_wconf 83' lang='lat' dir='ltr'>advertitis.</span> <span class='ocrx_word' id='word_1_146' title='bbox 591 1804 761 1841; x_wconf 71' lang='lat' dir='ltr'>CxorAN.</span> <span class='ocrx_word' id='word_1_147' title='bbox 788 1802 930 1839; x_wconf 82' lang='lat' dir='ltr'><strong>Ponam</strong></span> <span class='ocrx_word' id='word_1_148' title='bbox 960 1802 1036 1838; x_wconf 90' lang='lat' dir='ltr'>mei</span> <span class='ocrx_word' id='word_1_149' title='bbox 1056 1800 1136 1839; x_wconf 86' lang='lat' dir='ltr'>libri</span> <span class='ocrx_word' id='word_1_150' title='bbox 1153 1800 1236 1838; x_wconf 89' lang='lat' dir='ltr'>scri-</span> 
     </span>
     <span class='ocr_line' id='line_1_28' title="bbox 175 1850 1235 1907; baseline -0.008 -11"><span class='ocrx_word' id='word_1_151' title='bbox 175 1867 321 1907; x_wconf 85' lang='lat' dir='ltr'>pturam</span> <span class='ocrx_word' id='word_1_152' title='bbox 344 1866 523 1895; x_wconf 85' lang='lat' dir='ltr'>veterem:</span> <span class='ocrx_word' id='word_1_153' title='bbox 549 1855 693 1892; x_wconf 87' lang='lat' dir='ltr'>timidas</span> <span class='ocrx_word' id='word_1_154' title='bbox 708 1852 911 1890; x_wconf 79' lang='lat' dir='ltr'>convertitis</span> <span class='ocrx_word' id='word_1_155' title='bbox 932 1865 1046 1889; x_wconf 81' lang='lat' dir='ltr'>aures:</span> <span class='ocrx_word' id='word_1_156' title='bbox 1069 1853 1105 1889; x_wconf 89' lang='lat' dir='ltr'>in</span> <span class='ocrx_word' id='word_1_157' title='bbox 1137 1850 1235 1896; x_wconf 88' lang='lat' dir='ltr'>alio,</span> 
     </span>
     <span class='ocr_line' id='line_1_29' title="bbox 178 1902 1236 1947; baseline -0.008 0"><span class='ocrx_word' id='word_1_158' title='bbox 178 1909 381 1947; x_wconf 77' lang='lat' dir='ltr'>advertitis.</span> <span class='ocrx_word' id='word_1_159' title='bbox 421 1909 597 1945; x_wconf 57' lang='lat' dir='ltr'>Nmpot.</span> <span class='ocrx_word' id='word_1_160' title='bbox 627 1905 784 1943; x_wconf 78' lang='lat' dir='ltr'>Timidus</span> <span class='ocrx_word' id='word_1_161' title='bbox 807 1903 998 1940; x_wconf 82' lang='lat' dir='ltr'>advertitis</span> <span class='ocrx_word' id='word_1_162' title='bbox 1026 1916 1125 1939; x_wconf 81' lang='lat' dir='ltr'>aures</span> <span class='ocrx_word' id='word_1_163' title='bbox 1152 1902 1236 1940; x_wconf 91' lang='lat' dir='ltr'>scri-</span> 
     </span>
     <span class='ocr_line' id='line_1_30' title="bbox 178 1953 1236 2010; baseline -0.009 -11"><span class='ocrx_word' id='word_1_164' title='bbox 178 1962 232 2010; x_wconf 85' lang='lat' dir='ltr'>pti</span> <span class='ocrx_word' id='word_1_165' title='bbox 253 1961 363 1998; x_wconf 85' lang='lat' dir='ltr'>nostri</span> <span class='ocrx_word' id='word_1_166' title='bbox 379 1960 452 1997; x_wconf 80' lang='lat' dir='ltr'>fere</span> <span class='ocrx_word' id='word_1_167' title='bbox 467 1970 610 1996; x_wconf 87' lang='lat' dir='ltr'>omnes.</span> <span class='ocrx_word' id='word_1_168' title='bbox 631 1957 757 1994; x_wconf 88' lang='lat' dir='ltr'>malim</span> <span class='ocrx_word' id='word_1_169' title='bbox 775 1984 783 1998; x_wconf 91' lang='lat'><em>‚</em></span> <span class='ocrx_word' id='word_1_170' title='bbox 813 1954 1008 1992; x_wconf 83' lang='lat' dir='ltr'>adverteris</span> <span class='ocrx_word' id='word_1_171' title='bbox 1022 1982 1032 1998; x_wconf 91' lang='lat'><strong>,</strong></span> <span class='ocrx_word' id='word_1_172' title='bbox 1061 1954 1143 1998; x_wconf 88' lang='lat' dir='ltr'>vel,</span> <span class='ocrx_word' id='word_1_173' title='bbox 1171 1953 1236 1989; x_wconf 84' lang='lat' dir='ltr'>ad-</span> 
     </span>
     <span class='ocr_line' id='line_1_31' title="bbox 180 2005 1235 2049; baseline -0.008 0"><span class='ocrx_word' id='word_1_174' title='bbox 180 2012 370 2049; x_wconf 78' lang='lat' dir='ltr'>vertimur.</span> <span class='ocrx_word' id='word_1_175' title='bbox 400 2022 485 2048; x_wconf 88' lang='lat' dir='ltr'>nam</span> <span class='ocrx_word' id='word_1_176' title='bbox 515 2008 738 2045; x_wconf 81' lang='lat' dir='ltr'>advertimus</span> <span class='ocrx_word' id='word_1_177' title='bbox 766 2008 802 2044; x_wconf 90' lang='lat' dir='ltr'>in</span> <span class='ocrx_word' id='word_1_178' title='bbox 826 2006 1013 2044; x_wconf 83' lang='lat' dir='ltr'><strong>nonnullis</strong></span> <span class='ocrx_word' id='word_1_179' title='bbox 1033 2005 1145 2042; x_wconf 84' lang='lat' dir='ltr'>exstat</span> <span class='ocrx_word' id='word_1_180' title='bbox 1171 2017 1235 2042; x_wconf 90' lang='lat' dir='ltr'>co-</span> 
     </span>
     <span class='ocr_line' id='line_1_32' title="bbox 179 2055 1234 2100; baseline -0.006 0"><span class='ocrx_word' id='word_1_181' title='bbox 179 2063 331 2100; x_wconf 86' lang='lat' dir='ltr'>dicibus.</span> <span class='ocrx_word' id='word_1_182' title='bbox 360 2061 409 2099; x_wconf 85' lang='lat' dir='ltr'>sic</span> <span class='ocrx_word' id='word_1_183' title='bbox 440 2069 566 2099; x_wconf 88' lang='lat' dir='ltr'>contra</span> <span class='ocrx_word' id='word_1_184' title='bbox 599 2059 718 2096; x_wconf 83' lang='lat' dir='ltr'>averti</span> <span class='ocrx_word' id='word_1_185' title='bbox 745 2059 782 2095; x_wconf 68' lang='grc' dir='ltr'>δε</span> <span class='ocrx_word' id='word_1_186' title='bbox 816 2056 951 2094; x_wconf 85' lang='lat' dir='ltr'>deverti</span> <span class='ocrx_word' id='word_1_187' title='bbox 972 2056 1156 2094; x_wconf 83' lang='lat' dir='ltr'>dicebant.</span> <span class='ocrx_word' id='word_1_188' title='bbox 1188 2055 1234 2094; x_wconf 85' lang='lat' dir='ltr'>de</span> 
     </span>
     <span class='ocr_line' id='line_1_33' title="bbox 180 2107 1234 2162; baseline -0.007 -11"><span class='ocrx_word' id='word_1_189' title='bbox 180 2126 258 2162; x_wconf 86' lang='lat' dir='ltr'>quo</span> <span class='ocrx_word' id='word_1_190' title='bbox 286 2119 414 2151; x_wconf 55' lang='lat' dir='ltr'>timor.</span> <span class='ocrx_word' id='word_1_191' title='bbox 433 2112 491 2150; x_wconf 87' lang='lat' dir='ltr'>lib.</span> <span class='ocrx_word' id='word_1_192' title='bbox 514 2124 557 2149; x_wconf 87' lang='lat'>11.</span> <span class='ocrx_word' id='word_1_193' title='bbox 577 2111 680 2158; x_wconf 82' lang='lat' dir='ltr'>Eleg.</span> <span class='ocrx_word' id='word_1_194' title='bbox 702 2122 754 2146; x_wconf 84' lang='lat' dir='ltr'>vx.</span> <span class='ocrx_word' id='word_1_195' title='bbox 783 2109 897 2145; x_wconf 85' lang='lat' dir='ltr'>Surda</span> <span class='ocrx_word' id='word_1_196' title='bbox 912 2107 1234 2156; x_wconf 74' lang='lat' dir='ltr'>miserosavertitur</span> 
     </span>
     <span class='ocr_line' id='line_1_34' title="bbox 183 2158 1234 2208; baseline -0.004 -8"><span class='ocrx_word' id='word_1_197' title='bbox 183 2179 268 2201; x_wconf 72' lang='lat' dir='ltr'>aare</span> <span class='ocrx_word' id='word_1_198' title='bbox 316 2164 468 2202; x_wconf 74' lang='lat' dir='ltr'>Boetius</span> <span class='ocrx_word' id='word_1_199' title='bbox 517 2161 784 2200; x_wconf 73' lang='lat' dir='ltr'>Consolatione</span> <span class='ocrx_word' id='word_1_200' title='bbox 833 2159 1104 2208; x_wconf 76' lang='lat' dir='ltr'>Philosophiae.</span> <span class='ocrx_word' id='word_1_201' title='bbox 1146 2158 1234 2197; x_wconf 83' lang='lat' dir='ltr'>Stat.</span> 
     </span>
     <span class='ocr_line' id='line_1_35' title="bbox 181 2215 383 2254; baseline -0.005 -1"><span class='ocrx_word' id='word_1_202' title='bbox 181 2215 309 2253; x_wconf 82' lang='lat' dir='ltr'>Theb.</span> <span class='ocrx_word' id='word_1_203' title='bbox 330 2229 383 2254; x_wconf 79' lang='lat' dir='ltr'>vi.</span> 
     </span>
    </p>

    <p class='ocr_par' dir='ltr' id='par_1_12' title="bbox 180 2259 1091 2365">
     <span class='ocr_line' id='line_1_36' title="bbox 338 2259 1091 2316; baseline -0.007 -13"><span class='ocrx_word' id='word_1_204' title='bbox 338 2286 383 2294; x_wconf 78' lang='lat'>·-</span> <span class='ocrx_word' id='word_1_205' title='bbox 413 2263 575 2316; x_wconf 76' lang='lat' dir='ltr'>appositas</span> <span class='ocrx_word' id='word_1_206' title='bbox 595 2262 738 2313; x_wconf 85' lang='lat' dir='ltr'>impasta</span> <span class='ocrx_word' id='word_1_207' title='bbox 758 2260 937 2300; x_wconf 80' lang='lat' dir='ltr'>avertitur</span> <span class='ocrx_word' id='word_1_208' title='bbox 958 2259 1091 2298; x_wconf 81' lang='lat' dir='ltr'>herbas.</span> 
     </span>
     <span class='ocr_line' id='line_1_37' title="bbox 180 2316 875 2365; baseline -0.006 -10"><span class='ocrx_word' id='word_1_209' title='bbox 180 2317 366 2356; x_wconf 80' lang='lat' dir='ltr'>Paullinus</span> <span class='ocrx_word' id='word_1_210' title='bbox 389 2318 555 2365; x_wconf 80' lang='lat' dir='ltr'>l&#39;arapbr.</span> <span class='ocrx_word' id='word_1_211' title='bbox 581 2316 695 2353; x_wconf 75' lang='lat' dir='ltr'>Psalm</span> <span class='ocrx_word' id='word_1_212' title='bbox 721 2325 875 2352; x_wconf 75' lang='lat' dir='ltr'>cxxxvi.</span> 
     </span>
    </p>

    <p class='ocr_par' dir='ltr' id='par_1_13' title="bbox 235 2365 954 2417">
     <span class='ocr_line' id='line_1_38' title="bbox 235 2365 954 2417; baseline -0.007 -12"><span class='ocrx_word' id='word_1_213' title='bbox 235 2369 401 2417; x_wconf 73' lang='lat' dir='ltr'>Indignas</span> <span class='ocrx_word' id='word_1_214' title='bbox 418 2370 522 2415; x_wconf 83' lang='lat' dir='ltr'>sacra</span> <span class='ocrx_word' id='word_1_215' title='bbox 546 2381 616 2404; x_wconf 82' lang='lat' dir='ltr'>vox</span> <span class='ocrx_word' id='word_1_216' title='bbox 642 2365 821 2403; x_wconf 79' lang='lat' dir='ltr'>avertitur</span> <span class='ocrx_word' id='word_1_217' title='bbox 838 2377 954 2401; x_wconf 85' lang='lat' dir='ltr'>aures.</span> 
     </span>
    </p>

    <p class='ocr_par' dir='ltr' id='par_1_14' title="bbox 183 2412 1233 2516">
     <span class='ocr_line' id='line_1_39' title="bbox 185 2412 1233 2468; baseline -0.006 -11"><span class='ocrx_word' id='word_1_218' title='bbox 185 2419 449 2458; x_wconf 80' lang='lat' dir='ltr'>Sarisberiensis</span> <span class='ocrx_word' id='word_1_219' title='bbox 481 2419 539 2457; x_wconf 84' lang='lat' dir='ltr'>lib.</span> <span class='ocrx_word' id='word_1_220' title='bbox 564 2432 591 2457; x_wconf 86' lang='lat'>1.</span> <span class='ocrx_word' id='word_1_221' title='bbox 621 2430 700 2468; x_wconf 84' lang='lat' dir='ltr'>cap.</span> <span class='ocrx_word' id='word_1_222' title='bbox 729 2428 786 2466; x_wconf 86' lang='lat'>13.</span> <span class='ocrx_word' id='word_1_223' title='bbox 816 2416 862 2455; x_wconf 86' lang='lat' dir='ltr'>de</span> <span class='ocrx_word' id='word_1_224' title='bbox 884 2415 1003 2464; x_wconf 81' lang='lat' dir='ltr'>Nugis</span> <span class='ocrx_word' id='word_1_225' title='bbox 1026 2412 1233 2452; x_wconf 85' lang='lat' dir='ltr'>Curialium</span> 
     </span>
     <span class='ocr_line' id='line_1_40' title="bbox 183 2479 294 2516; baseline -0.009 -8"><span class='ocrx_word' id='word_1_226' title='bbox 183 2479 269 2508; x_wconf 82' lang='lat' dir='ltr'>citat</span> <span class='ocrx_word' id='word_1_227' title='bbox 283 2499 294 2516; x_wconf 94' lang='lat'>‚</span> 
     </span>
    </p>

    <p class='ocr_par' dir='ltr' id='par_1_15' title="bbox 236 2519 1021 2569">
     <span class='ocr_line' id='line_1_41' title="bbox 236 2519 1021 2569; baseline -0.004 -12"><span class='ocrx_word' id='word_1_228' title='bbox 236 2522 393 2559; x_wconf 72' lang='lat' dir='ltr'>Auditus</span> <span class='ocrx_word' id='word_1_229' title='bbox 410 2533 507 2557; x_wconf 84' lang='lat' dir='ltr'>voces</span> <span class='ocrx_word' id='word_1_230' title='bbox 524 2520 653 2557; x_wconf 86' lang='lat' dir='ltr'>timida</span> <span class='ocrx_word' id='word_1_231' title='bbox 666 2519 908 2569; x_wconf 82' lang='lat' dir='ltr'>perpendimus</span> <span class='ocrx_word' id='word_1_232' title='bbox 926 2531 1021 2554; x_wconf 81' lang='lat' dir='ltr'>aure.</span> 
     </span>
    </p>

    <p class='ocr_par' dir='ltr' id='par_1_16' title="bbox 185 2566 1240 2914">
     <span class='ocr_line' id='line_1_42' title="bbox 185 2566 1235 2619; baseline -0.009 -11"><span class='ocrx_word' id='word_1_233' title='bbox 185 2572 332 2608; x_wconf 62' lang='lat' dir='ltr'>Hexxs.</span> <span class='ocrx_word' id='word_1_234' title='bbox 362 2574 443 2619; x_wconf 81' lang='lat' dir='ltr'>Ego</span> <span class='ocrx_word' id='word_1_235' title='bbox 462 2573 523 2609; x_wconf 88' lang='lat' dir='ltr'>hic</span> <span class='ocrx_word' id='word_1_236' title='bbox 546 2571 637 2608; x_wconf 77' lang='lat' dir='ltr'>niliil</span> <span class='ocrx_word' id='word_1_237' title='bbox 656 2579 777 2607; x_wconf 89' lang='lat' dir='ltr'>muto.</span> <span class='ocrx_word' id='word_1_238' title='bbox 797 2580 884 2605; x_wconf 87' lang='lat' dir='ltr'>narn</span> <span class='ocrx_word' id='word_1_239' title='bbox 900 2595 910 2611; x_wconf 94' lang='lat'>‚</span> <span class='ocrx_word' id='word_1_240' title='bbox 940 2575 980 2604; x_wconf 88' lang='lat' dir='ltr'>ut</span> <span class='ocrx_word' id='word_1_241' title='bbox 992 2566 1156 2602; x_wconf 83' lang='lat' dir='ltr'>animum</span> <span class='ocrx_word' id='word_1_242' title='bbox 1169 2566 1235 2601; x_wconf 83' lang='lat' dir='ltr'>arl-</span> 
     </span>
     <span class='ocr_line' id='line_1_43' title="bbox 186 2616 1237 2669; baseline -0.004 -12"><span class='ocrx_word' id='word_1_243' title='bbox 186 2632 323 2657; x_wconf 77' lang='lat' dir='ltr'>vcrtcre</span> <span class='ocrx_word' id='word_1_244' title='bbox 343 2622 526 2669; x_wconf 75' lang='lat' dir='ltr'>eleganter</span> <span class='ocrx_word' id='word_1_245' title='bbox 539 2623 608 2657; x_wconf 82' lang='lat' dir='ltr'>dici</span> <span class='ocrx_word' id='word_1_246' title='bbox 622 2620 779 2657; x_wconf 84' lang='lat' dir='ltr'>ostendit</span> <span class='ocrx_word' id='word_1_247' title='bbox 793 2619 964 2655; x_wconf 89' lang='lat' dir='ltr'>Gronov.</span> <span class='ocrx_word' id='word_1_248' title='bbox 977 2616 1020 2652; x_wconf 86' lang='lat' dir='ltr'>ad</span> <span class='ocrx_word' id='word_1_249' title='bbox 1037 2616 1237 2653; x_wconf 82' lang='lat' dir='ltr'>Liv.xxiv.</span> 
     </span>
     <span class='ocr_line' id='line_1_44' title="bbox 189 2665 1237 2718; baseline -0.01 -9"><span class='ocrx_word' id='word_1_250' title='bbox 189 2671 247 2718; x_wconf 77' lang='lat'>48.</span> <span class='ocrx_word' id='word_1_251' title='bbox 275 2673 324 2709; x_wconf 84' lang='lat' dir='ltr'>ita</span> <span class='ocrx_word' id='word_1_252' title='bbox 355 2674 391 2708; x_wconf 66' lang='grc' dir='ltr'>ὃς</span> <span class='ocrx_word' id='word_1_253' title='bbox 420 2684 521 2707; x_wconf 83' lang='lat' dir='ltr'>aures</span> <span class='ocrx_word' id='word_1_254' title='bbox 549 2670 647 2707; x_wconf 63' lang='lat' dir='ltr'>recte</span> <span class='ocrx_word' id='word_1_255' title='bbox 676 2668 897 2704; x_wconf 81' lang='lat' dir='ltr'>advertimus</span> <span class='ocrx_word' id='word_1_256' title='bbox 922 2665 967 2701; x_wconf 90' lang='lat' dir='ltr'>ad</span> <span class='ocrx_word' id='word_1_257' title='bbox 989 2666 1146 2712; x_wconf 79' lang='lat' dir='ltr'>primam</span> <span class='ocrx_word' id='word_1_258' title='bbox 1170 2676 1237 2700; x_wconf 93' lang='lat' dir='ltr'>vo-</span> 
     </span>
     <span class='ocr_line' id='line_1_45' title="bbox 191 2714 1238 2771; baseline -0.011 -11"><span class='ocrx_word' id='word_1_259' title='bbox 191 2735 272 2760; x_wconf 85' lang='lat' dir='ltr'>cem</span> <span class='ocrx_word' id='word_1_260' title='bbox 288 2751 297 2767; x_wconf 89' lang='lat'>,</span> <span class='ocrx_word' id='word_1_261' title='bbox 328 2733 372 2759; x_wconf 82' lang='lat' dir='ltr'>ex</span> <span class='ocrx_word' id='word_1_262' title='bbox 392 2734 463 2771; x_wconf 80' lang='lat' dir='ltr'>qua</span> <span class='ocrx_word' id='word_1_263' title='bbox 486 2730 673 2769; x_wconf 81' lang='lat' dir='ltr'>captamus</span> <span class='ocrx_word' id='word_1_264' title='bbox 693 2730 807 2755; x_wconf 87' lang='lat' dir='ltr'>omen</span> <span class='ocrx_word' id='word_1_265' title='bbox 824 2715 1084 2762; x_wconf 76' lang='lat' dir='ltr'>velaugurinm</span> <span class='ocrx_word' id='word_1_266' title='bbox 1101 2741 1111 2757; x_wconf 90' lang='lat'>‚</span> <span class='ocrx_word' id='word_1_267' title='bbox 1139 2714 1238 2750; x_wconf 89' lang='lat' dir='ltr'>unde</span> 
     </span>
     <span class='ocr_line' id='line_1_46' title="bbox 190 2764 1239 2821; baseline -0.011 -10"><span class='ocrx_word' id='word_1_268' title='bbox 190 2775 300 2811; x_wconf 83' lang='lat' dir='ltr'>toties</span> <span class='ocrx_word' id='word_1_269' title='bbox 320 2774 442 2821; x_wconf 72' lang='lat' dir='ltr'>accipio</span> <span class='ocrx_word' id='word_1_270' title='bbox 463 2785 580 2815; x_wconf 81' lang='lat' dir='ltr'>omen,</span> <span class='ocrx_word' id='word_1_271' title='bbox 610 2770 799 2819; x_wconf 79' lang='lat' dir='ltr'>postquam</span> <span class='ocrx_word' id='word_1_272' title='bbox 823 2767 885 2805; x_wconf 81' lang='lat' dir='ltr'>libi</span> <span class='ocrx_word' id='word_1_273' title='bbox 913 2767 1118 2815; x_wconf 83' lang='lat' dir='ltr'>placentem</span> <span class='ocrx_word' id='word_1_274' title='bbox 1135 2792 1145 2807; x_wconf 91' lang='lat'><strong><em>‚</em></strong></span> <span class='ocrx_word' id='word_1_275' title='bbox 1182 2764 1239 2801; x_wconf 88' lang='lat' dir='ltr'>vel</span> 
     </span>
     <span class='ocr_line' id='line_1_47' title="bbox 191 2813 1240 2871; baseline -0.009 -11"><span class='ocrx_word' id='word_1_276' title='bbox 191 2825 368 2860; x_wconf 52' lang='lat' dir='ltr'>abor-rimor</span> <span class='ocrx_word' id='word_1_277' title='bbox 393 2828 462 2861; x_wconf 61' lang='lat' dir='ltr'>estc.</span> <span class='ocrx_word' id='word_1_278' title='bbox 495 2823 687 2871; x_wconf 76' lang='lat' dir='ltr'>postquam</span> <span class='ocrx_word' id='word_1_279' title='bbox 708 2822 886 2869; x_wconf 79' lang='lat' dir='ltr'>ingratam</span> <span class='ocrx_word' id='word_1_280' title='bbox 901 2813 1240 2856; x_wconf 81' lang='lat' dir='ltr'>vocemaudiffent.</span> 
     </span>
     <span class='ocr_line' id='line_1_48' title="bbox 191 2875 310 2914; baseline -0.017 0"><span class='ocrx_word' id='word_1_281' title='bbox 191 2875 310 2914; x_wconf 71' lang='lat' dir='ltr'>Euam</span> 
     </span>
    </p>

    <p class='ocr_par' dir='ltr' id='par_1_17' title="bbox 185 2919 1242 3028">
     <span class='ocr_line' id='line_1_49' title="bbox 247 2919 1242 2974; baseline -0.009 -10"><span class='ocrx_word' id='word_1_282' title='bbox 247 2928 329 2964; x_wconf 62' lang='lat'>180.</span> <span class='ocrx_word' id='word_1_283' title='bbox 358 2931 402 2962; x_wconf 82' lang='lat' dir='ltr'>Et</span> <span class='ocrx_word' id='word_1_284' title='bbox 415 2925 570 2974; x_wconf 75' lang='lat' dir='ltr'>prirrzum</span> <span class='ocrx_word' id='word_1_285' title='bbox 591 2921 744 2972; x_wconf 73' lang='lat' dir='ltr'>visam]</span> <span class='ocrx_word' id='word_1_286' title='bbox 776 2920 879 2959; x_wconf 86' lang='lat' dir='ltr'>ldem</span> <span class='ocrx_word' id='word_1_287' title='bbox 898 2919 987 2958; x_wconf 88' lang='lat' dir='ltr'>liber</span> <span class='ocrx_word' id='word_1_288' title='bbox 1007 2919 1091 2957; x_wconf 89' lang='lat' dir='ltr'>Urs.</span> <span class='ocrx_word' id='word_1_289' title='bbox 1118 2923 1163 2956; x_wconf 90' lang='lat' dir='ltr'>Et</span> <span class='ocrx_word' id='word_1_290' title='bbox 1184 2919 1242 2956; x_wconf 82' lang='lat' dir='ltr'>vi·</span> 
     </span>
     <span class='ocr_line' id='line_1_50' title="bbox 185 2977 644 3028; baseline -0.007 -13"><span class='ocrx_word' id='word_1_291' title='bbox 185 2979 267 3028; x_wconf 79' lang='lat' dir='ltr'>sam</span> <span class='ocrx_word' id='word_1_292' title='bbox 284 2978 453 3027; x_wconf 75' lang='lat' dir='ltr'>primum.</span> <span class='ocrx_word' id='word_1_293' title='bbox 478 2977 644 3012; x_wconf 58' lang='lat' dir='ltr'>(lior-AN.</span> 
     </span>
    </p>

    <p class='ocr_par' dir='ltr' id='par_1_18' title="bbox 192 3022 1243 3278">
     <span class='ocr_line' id='line_1_51' title="bbox 249 3022 1243 3075; baseline -0.007 -9"><span class='ocrx_word' id='word_1_294' title='bbox 249 3030 329 3066; x_wconf 61' lang='lat' dir='ltr'>ibo.</span> <span class='ocrx_word' id='word_1_295' title='bbox 360 3027 515 3074; x_wconf 70' lang='lat' dir='ltr'>Consulit</span> <span class='ocrx_word' id='word_1_296' title='bbox 529 3040 636 3074; x_wconf 79' lang='lat' dir='ltr'>augur</span> <span class='ocrx_word' id='word_1_297' title='bbox 651 3024 796 3075; x_wconf 68' lang='lat' dir='ltr'>avem]</span> <span class='ocrx_word' id='word_1_298' title='bbox 825 3022 1096 3061; x_wconf 79' lang='lat' dir='ltr'>Probatomina</span> <span class='ocrx_word' id='word_1_299' title='bbox 1108 3023 1243 3070; x_wconf 86' lang='lat' dir='ltr'>princi·</span> 
     </span>
     <span class='ocr_line' id='line_1_52' title="bbox 192 3074 1239 3130; baseline -0.009 -12"><span class='ocrx_word' id='word_1_300' title='bbox 192 3081 258 3130; x_wconf 71' lang='lat' dir='ltr'>piis</span> <span class='ocrx_word' id='word_1_301' title='bbox 279 3077 388 3117; x_wconf 73' lang='lat' dir='ltr'>ineffe</span> <span class='ocrx_word' id='word_1_302' title='bbox 403 3091 447 3115; x_wconf 79' lang='lat' dir='ltr'>ex</span> <span class='ocrx_word' id='word_1_303' title='bbox 460 3079 574 3127; x_wconf 67' lang='lat' dir='ltr'>primii</span> <span class='ocrx_word' id='word_1_304' title='bbox 588 3076 840 3114; x_wconf 70' lang='lat' dir='ltr'>observatione</span> <span class='ocrx_word' id='word_1_305' title='bbox 852 3077 886 3111; x_wconf 91' lang='lat' dir='ltr'>in</span> <span class='ocrx_word' id='word_1_306' title='bbox 900 3082 1059 3122; x_wconf 79' lang='lat' dir='ltr'>utroque</span> <span class='ocrx_word' id='word_1_307' title='bbox 1070 3074 1239 3121; x_wconf 84' lang='lat' dir='ltr'>augurio,</span> 
     </span>
     <span class='ocr_line' id='line_1_53' title="bbox 194 3125 1240 3177; baseline -0.01 -8"><span class='ocrx_word' id='word_1_308' title='bbox 194 3131 359 3169; x_wconf 78' lang='lat' dir='ltr'>oscinum</span> <span class='ocrx_word' id='word_1_309' title='bbox 392 3132 426 3166; x_wconf 69' lang='grc' dir='ltr'>ὃ(</span> <span class='ocrx_word' id='word_1_310' title='bbox 455 3137 695 3177; x_wconf 71' lang='lat' dir='ltr'>praepetum:</span> <span class='ocrx_word' id='word_1_311' title='bbox 726 3128 811 3164; x_wconf 76' lang='lat' dir='ltr'>illud</span> <span class='ocrx_word' id='word_1_312' title='bbox 836 3136 943 3167; x_wconf 82' lang='lat' dir='ltr'>aure,</span> <span class='ocrx_word' id='word_1_313' title='bbox 973 3125 1045 3160; x_wconf 87' lang='lat' dir='ltr'>hoc</span> <span class='ocrx_word' id='word_1_314' title='bbox 1067 3125 1144 3161; x_wconf 78' lang='lat' dir='ltr'>visu</span> <span class='ocrx_word' id='word_1_315' title='bbox 1157 3136 1240 3172; x_wconf 84' lang='lat' dir='ltr'>cap-</span> 
     </span>
     <span class='ocr_line' id='line_1_54' title="bbox 194 3175 1241 3223; baseline -0.007 -3"><span class='ocrx_word' id='word_1_316' title='bbox 194 3184 347 3220; x_wconf 75' lang='lat' dir='ltr'>tabatur.</span> <span class='ocrx_word' id='word_1_317' title='bbox 377 3183 504 3218; x_wconf 77' lang='lat' dir='ltr'>L&#39;num</span> <span class='ocrx_word' id='word_1_318' title='bbox 530 3183 566 3216; x_wconf 58' lang='grc' dir='ltr'>ἃ</span> <span class='ocrx_word' id='word_1_319' title='bbox 589 3180 740 3216; x_wconf 78' lang='lat' dir='ltr'>alterum</span> <span class='ocrx_word' id='word_1_320' title='bbox 761 3179 839 3215; x_wconf 73' lang='lat' dir='ltr'>solo</span> <span class='ocrx_word' id='word_1_321' title='bbox 862 3176 964 3213; x_wconf 82' lang='lat' dir='ltr'>versu</span> <span class='ocrx_word' id='word_1_322' title='bbox 985 3175 1151 3223; x_wconf 80' lang='lat' dir='ltr'>expreffit</span> <span class='ocrx_word' id='word_1_323' title='bbox 1166 3175 1241 3214; x_wconf 81' lang='lat' dir='ltr'>Sta-</span> 
     </span>
     <span class='ocr_line' id='line_1_55' title="bbox 195 3229 926 3278; baseline -0.01 -6"><span class='ocrx_word' id='word_1_324' title='bbox 195 3236 264 3272; x_wconf 80' lang='lat' dir='ltr'>tius</span> <span class='ocrx_word' id='word_1_325' title='bbox 286 3235 322 3270; x_wconf 91' lang='lat' dir='ltr'>in</span> <span class='ocrx_word' id='word_1_326' title='bbox 346 3232 492 3270; x_wconf 85' lang='lat' dir='ltr'>Soteriis</span> <span class='ocrx_word' id='word_1_327' title='bbox 515 3243 578 3278; x_wconf 70' lang='lat' dir='ltr'>pro</span> <span class='ocrx_word' id='word_1_328' title='bbox 601 3231 739 3267; x_wconf 74' lang='lat' dir='ltr'>Rutilio</span> <span class='ocrx_word' id='word_1_329' title='bbox 760 3229 926 3267; x_wconf 74' lang='lat' dir='ltr'>Gallico:</span> 
     </span>
    </p>

    <p class='ocr_par' dir='ltr' id='par_1_19' title="bbox 248 3291 1158 3400">
     <span class='ocr_line' id='line_1_56' title="bbox 377 3291 1158 3345; baseline -0.01 -9"><span class='ocrx_word' id='word_1_330' title='bbox 377 3305 483 3336; x_wconf 86' lang='lat' dir='ltr'>Nunc</span> <span class='ocrx_word' id='word_1_331' title='bbox 502 3310 583 3332; x_wconf 76' lang='lat' dir='ltr'>aure</span> <span class='ocrx_word' id='word_1_332' title='bbox 606 3295 711 3345; x_wconf 71' lang='lat' dir='ltr'>vigil,</span> <span class='ocrx_word' id='word_1_333' title='bbox 742 3308 831 3333; x_wconf 72' lang='lat' dir='ltr'>nunc</span> <span class='ocrx_word' id='word_1_334' title='bbox 852 3291 1007 3338; x_wconf 77' lang='lat' dir='ltr'>lumine,</span> <span class='ocrx_word' id='word_1_335' title='bbox 1036 3293 1158 3330; x_wconf 64' lang='lat' dir='ltr'>cunffla</span> 
     </span>
     <span class='ocr_line' id='line_1_57' title="bbox 248 3349 657 3400; baseline -0.007 -12"><span class='ocrx_word' id='word_1_336' title='bbox 248 3357 424 3400; x_wconf 68' lang='lat' dir='ltr'>Auguror.</span> <span class='ocrx_word' id='word_1_337' title='bbox 480 3349 657 3387; x_wconf 68' lang='lat' dir='ltr'>NtAPOL.</span> 
     </span>
    </p>
   </div>
   <div class='ocr_carea' id='block_1_8' title="bbox 234 2286 338 2294">
    <p class='ocr_par' dir='ltr' id='par_1_20' title="bbox 234 2286 338 2294">
     <span class='ocr_line' id='line_1_58' title="bbox 234 2286 338 2294; baseline 0 0"><span class='ocrx_word' id='word_1_338' title='bbox 234 2286 338 2294; x_wconf 95' lang='lat' dir='ltr'> </span> 
     </span>
    </p>
   </div>
   <div class='ocr_carea' id='block_1_9' title="bbox 247 3313 345 3321">
    <p class='ocr_par' dir='ltr' id='par_1_21' title="bbox 247 3313 345 3321">
     <span class='ocr_line' id='line_1_59' title="bbox 247 3313 345 3321; baseline 0 354"><span class='ocrx_word' id='word_1_339' title='bbox 247 3313 345 3321; x_wconf 95' lang='lat' dir='ltr'> </span> 
     </span>
    </p>
   </div>
   <div class='ocr_carea' id='block_1_10' title="bbox 2050 897 2343 971">
    <p class='ocr_par' dir='ltr' id='par_1_22' title="bbox 2050 897 2343 971">
     <span class='ocr_line' id='line_1_60' title="bbox 2050 897 2343 971; baseline 0.007 -19"><span class='ocrx_word' id='word_1_340' title='bbox 2050 898 2150 966; x_wconf 83' lang='lat'>185</span> <span class='ocrx_word' id='word_1_341' title='bbox 2189 897 2343 971; x_wconf 85' lang='lat' dir='ltr'>Quid</span> 
     </span>
    </p>
   </div>
   <div class='ocr_carea' id='block_1_11' title="bbox 1287 1033 2350 1751">
    <p class='ocr_par' dir='ltr' id='par_1_23' title="bbox 1287 1033 2350 1498">
     <span class='ocr_line' id='line_1_61' title="bbox 1343 1033 2345 1093; baseline 0.007 -21"><span class='ocrx_word' id='word_1_342' title='bbox 1343 1033 1425 1073; x_wconf 78' lang='lat'>181.</span> <span class='ocrx_word' id='word_1_343' title='bbox 1458 1039 1545 1093; x_wconf 52' lang='grc' dir='ltr'>ΝεεΧ</span> <span class='ocrx_word' id='word_1_344' title='bbox 1567 1034 1690 1084; x_wconf 80' lang='lat' dir='ltr'>lingua</span> <span class='ocrx_word' id='word_1_345' title='bbox 1718 1036 1910 1087; x_wconf 85' lang='lat' dir='ltr'>caducas.]</span> <span class='ocrx_word' id='word_1_346' title='bbox 1953 1036 2116 1075; x_wconf 83' lang='lat' dir='ltr'>Caducae</span> <span class='ocrx_word' id='word_1_347' title='bbox 2140 1046 2250 1087; x_wconf 82' lang='lat' dir='ltr'>preces</span> <span class='ocrx_word' id='word_1_348' title='bbox 2277 1050 2345 1079; x_wconf 84' lang='lat' dir='ltr'>eae</span> 
     </span>
     <span class='ocr_line' id='line_1_62' title="bbox 1287 1085 2349 1143; baseline 0.006 -20"><span class='ocrx_word' id='word_1_349' title='bbox 1287 1085 1389 1130; x_wconf 89' lang='lat' dir='ltr'>sunt,</span> <span class='ocrx_word' id='word_1_350' title='bbox 1416 1097 1555 1142; x_wconf 28' lang='lat' dir='ltr'>qua—ea</span> <span class='ocrx_word' id='word_1_351' title='bbox 1571 1087 1682 1143; x_wconf 76' lang='lat' dir='ltr'>surdis</span> <span class='ocrx_word' id='word_1_352' title='bbox 1705 1091 1869 1128; x_wconf 86' lang='lat' dir='ltr'>numinis</span> <span class='ocrx_word' id='word_1_353' title='bbox 1890 1090 2034 1127; x_wconf 84' lang='lat' dir='ltr'>auribus</span> <span class='ocrx_word' id='word_1_354' title='bbox 2055 1089 2231 1128; x_wconf 87' lang='lat' dir='ltr'>excidunt</span> <span class='ocrx_word' id='word_1_355' title='bbox 2273 1096 2349 1128; x_wconf 89' lang='lat' dir='ltr'>Ca-</span> 
     </span>
     <span class='ocr_line' id='line_1_63' title="bbox 1290 1137 2347 1194; baseline 0.006 -21"><span class='ocrx_word' id='word_1_356' title='bbox 1290 1137 1380 1174; x_wconf 85' lang='lat' dir='ltr'>duca</span> <span class='ocrx_word' id='word_1_357' title='bbox 1400 1137 1552 1194; x_wconf 76' lang='lat' dir='ltr'>auspma</span> <span class='ocrx_word' id='word_1_358' title='bbox 1567 1137 1738 1179; x_wconf 80' lang='lat' dir='ltr'>dixerunt</span> <span class='ocrx_word' id='word_1_359' title='bbox 1750 1149 1893 1179; x_wconf 89' lang='lat' dir='ltr'>veteres</span> <span class='ocrx_word' id='word_1_360' title='bbox 1909 1168 1919 1184; x_wconf 93' lang='lat'>‚</span> <span class='ocrx_word' id='word_1_361' title='bbox 1949 1139 2034 1178; x_wconf 70' lang='lat' dir='ltr'>cnm</span> <span class='ocrx_word' id='word_1_362' title='bbox 2047 1140 2184 1189; x_wconf 83' lang='lat' dir='ltr'>aliquid</span> <span class='ocrx_word' id='word_1_363' title='bbox 2198 1142 2234 1179; x_wconf 90' lang='lat' dir='ltr'>in</span> <span class='ocrx_word' id='word_1_364' title='bbox 2247 1150 2347 1179; x_wconf 88' lang='lat' dir='ltr'>tem-</span> 
     </span>
     <span class='ocr_line' id='line_1_64' title="bbox 1291 1189 2347 1245; baseline 0.005 -19"><span class='ocrx_word' id='word_1_365' title='bbox 1291 1189 1355 1244; x_wconf 84' lang='lat' dir='ltr'>plo</span> <span class='ocrx_word' id='word_1_366' title='bbox 1375 1189 1588 1245; x_wconf 56' lang='lat' dir='ltr'>eacidebat3</span> <span class='ocrx_word' id='word_1_367' title='bbox 1619 1190 1719 1228; x_wconf 85' lang='lat' dir='ltr'>velut</span> <span class='ocrx_word' id='word_1_368' title='bbox 1739 1192 1842 1242; x_wconf 84' lang='lat' dir='ltr'>virga</span> <span class='ocrx_word' id='word_1_369' title='bbox 1859 1192 1877 1228; x_wconf 72' lang='lat' dir='ltr'>e</span> <span class='ocrx_word' id='word_1_370' title='bbox 1894 1204 2027 1237; x_wconf 90' lang='lat' dir='ltr'>manu,</span> <span class='ocrx_word' id='word_1_371' title='bbox 2055 1192 2176 1240; x_wconf 88' lang='lat' dir='ltr'>inquit</span> <span class='ocrx_word' id='word_1_372' title='bbox 2199 1191 2321 1230; x_wconf 86' lang='lat' dir='ltr'>Festus</span> <span class='ocrx_word' id='word_1_373' title='bbox 2334 1205 2347 1232; x_wconf 72' lang='grc' dir='ltr'><strong>ι</strong></span> 
     </span>
     <span class='ocr_line' id='line_1_65' title="bbox 1292 1239 2349 1292; baseline 0.007 -17"><span class='ocrx_word' id='word_1_374' title='bbox 1292 1239 1456 1287; x_wconf 82' lang='lat' dir='ltr'>intellige</span> <span class='ocrx_word' id='word_1_375' title='bbox 1470 1239 1643 1280; x_wconf 73' lang='lat' dir='ltr'>Flaminis</span> <span class='ocrx_word' id='word_1_376' title='bbox 1656 1243 1999 1282; x_wconf 85' lang='lat' dir='ltr'>commentaculum</span> <span class='ocrx_word' id='word_1_377' title='bbox 2017 1271 2028 1288; x_wconf 91' lang='lat'>,</span> <span class='ocrx_word' id='word_1_378' title='bbox 2056 1241 2131 1280; x_wconf 89' lang='lat' dir='ltr'>five</span> <span class='ocrx_word' id='word_1_379' title='bbox 2147 1243 2235 1292; x_wconf 88' lang='lat' dir='ltr'>quid</span> <span class='ocrx_word' id='word_1_380' title='bbox 2248 1242 2349 1282; x_wconf 89' lang='lat' dir='ltr'>fimi-</span> 
     </span>
     <span class='ocr_line' id='line_1_66' title="bbox 1292 1289 2347 1344; baseline 0.002 -12"><span class='ocrx_word' id='word_1_381' title='bbox 1292 1289 1351 1332; x_wconf 77' lang='lat' dir='ltr'>le;</span> <span class='ocrx_word' id='word_1_382' title='bbox 1390 1297 1429 1327; x_wconf 92' lang='lat' dir='ltr'>ut</span> <span class='ocrx_word' id='word_1_383' title='bbox 1460 1291 1498 1327; x_wconf 69' lang='grc' dir='ltr'>δε</span> <span class='ocrx_word' id='word_1_384' title='bbox 1526 1291 1626 1336; x_wconf 87' lang='lat' dir='ltr'>hoc,</span> <span class='ocrx_word' id='word_1_385' title='bbox 1665 1295 1769 1344; x_wconf 86' lang='lat' dir='ltr'>quod</span> <span class='ocrx_word' id='word_1_386' title='bbox 1788 1296 1898 1333; x_wconf 81' lang='lat' dir='ltr'>refert</span> <span class='ocrx_word' id='word_1_387' title='bbox 1920 1294 2119 1332; x_wconf 84' lang='lat' dir='ltr'>Suetonius</span> <span class='ocrx_word' id='word_1_388' title='bbox 2142 1295 2178 1332; x_wconf 89' lang='lat' dir='ltr'>in</span> <span class='ocrx_word' id='word_1_389' title='bbox 2203 1293 2347 1334; x_wconf 69' lang='lat' dir='ltr'>Galba:</span> 
     </span>
     <span class='ocr_line' id='line_1_67' title="bbox 1288 1339 2349 1397; baseline 0.008 -22"><span class='ocrx_word' id='word_1_390' title='bbox 1288 1339 1524 1397; x_wconf 57' lang='lat' dir='ltr'>Obsirvatum</span> <span class='ocrx_word' id='word_1_391' title='bbox 1536 1341 1901 1391; x_wconf 77' lang='lat' dir='ltr'>KalendisJanuariis</span> <span class='ocrx_word' id='word_1_392' title='bbox 1903 1344 2124 1394; x_wconf 85' lang='lat' dir='ltr'>sacrificanti</span> <span class='ocrx_word' id='word_1_393' title='bbox 2134 1358 2296 1384; x_wconf 86' lang='lat' dir='ltr'>coronam</span> <span class='ocrx_word' id='word_1_394' title='bbox 2307 1345 2349 1384; x_wconf 85' lang='lat' dir='ltr'>de</span> 
     </span>
     <span class='ocr_line' id='line_1_68' title="bbox 1289 1392 2350 1449; baseline 0.01 -23"><span class='ocrx_word' id='word_1_395' title='bbox 1289 1400 1395 1448; x_wconf 64' lang='lat' dir='ltr'>capite</span> <span class='ocrx_word' id='word_1_396' title='bbox 1404 1392 1569 1449; x_wconf 64' lang='lat' dir='ltr'>excidffi.</span> <span class='ocrx_word' id='word_1_397' title='bbox 1589 1393 1776 1449; x_wconf 36' lang='lat' dir='ltr'>&#39;Gloffario</span> <span class='ocrx_word' id='word_1_398' title='bbox 1789 1398 1952 1441; x_wconf 87' lang='lat' dir='ltr'>caducus,</span> <span class='ocrx_word' id='word_1_399' title='bbox 1963 1399 2157 1439; x_wconf 77' lang='grc' dir='ltr'>πτωτικός.</span> <span class='ocrx_word' id='word_1_400' title='bbox 2169 1397 2350 1438; x_wconf 73' lang='grc' dir='ltr'>ΝΕΑΡΟῙ..</span> 
     </span>
     <span class='ocr_line' id='line_1_69' title="bbox 1288 1443 2224 1498; baseline 0.009 -20"><span class='ocrx_word' id='word_1_401' title='bbox 1288 1447 1430 1490; x_wconf 79' lang='lat' dir='ltr'>Accipit</span> <span class='ocrx_word' id='word_1_402' title='bbox 1450 1443 1562 1498; x_wconf 73' lang='lat' dir='ltr'>Junii.</span> <span class='ocrx_word' id='word_1_403' title='bbox 1583 1443 1647 1481; x_wconf 73' lang='lat' dir='ltr'>clla</span> <span class='ocrx_word' id='word_1_404' title='bbox 1666 1455 1776 1493; x_wconf 86' lang='lat' dir='ltr'>preces</span> <span class='ocrx_word' id='word_1_405' title='bbox 1797 1447 1928 1486; x_wconf 86' lang='lat' dir='ltr'>vitiose</span> <span class='ocrx_word' id='word_1_406' title='bbox 1950 1447 2036 1485; x_wconf 86' lang='lat' dir='ltr'>editi</span> <span class='ocrx_word' id='word_1_407' title='bbox 2059 1447 2224 1497; x_wconf 86' lang='lat' dir='ltr'>quidam.</span> 
     </span>
    </p>

    <p class='ocr_par' dir='ltr' id='par_1_24' title="bbox 1289 1492 2347 1646">
     <span class='ocr_line' id='line_1_70' title="bbox 1319 1492 2347 1550; baseline 0.013 -23"><span class='ocrx_word' id='word_1_408' title='bbox 1319 1493 1428 1550; x_wconf 30' lang='lat'>*183.</span> <span class='ocrx_word' id='word_1_409' title='bbox 1457 1492 1611 1542; x_wconf 70' lang='lat' dir='ltr'>Desierat</span> <span class='ocrx_word' id='word_1_410' title='bbox 1644 1497 1809 1547; x_wconf 78' lang='lat' dir='ltr'>Janus.]</span> <span class='ocrx_word' id='word_1_411' title='bbox 1851 1496 2010 1548; x_wconf 78' lang='lat' dir='ltr'>Defierat</span> <span class='ocrx_word' id='word_1_412' title='bbox 2031 1499 2153 1546; x_wconf 81' lang='lat' dir='ltr'>paucis</span> <span class='ocrx_word' id='word_1_413' title='bbox 2183 1500 2347 1539; x_wconf 83' lang='lat' dir='ltr'>Mazari-</span> 
     </span>
     <span class='ocr_line' id='line_1_71' title="bbox 1289 1545 2347 1598; baseline 0.009 -17"><span class='ocrx_word' id='word_1_414' title='bbox 1289 1556 1432 1582; x_wconf 85' lang='lat' dir='ltr'>manus.</span> <span class='ocrx_word' id='word_1_415' title='bbox 1455 1545 1639 1594; x_wconf 86' lang='lat' dir='ltr'>eleganter</span> <span class='ocrx_word' id='word_1_416' title='bbox 1660 1549 1903 1586; x_wconf 88' lang='lat' dir='ltr'>mehercules.</span> <span class='ocrx_word' id='word_1_417' title='bbox 1929 1550 2005 1587; x_wconf 91' lang='lat' dir='ltr'>hoc</span> <span class='ocrx_word' id='word_1_418' title='bbox 2015 1548 2086 1595; x_wconf 89' lang='lat' dir='ltr'>est,</span> <span class='ocrx_word' id='word_1_419' title='bbox 2114 1561 2229 1598; x_wconf 88' lang='lat' dir='ltr'>pauca</span> <span class='ocrx_word' id='word_1_420' title='bbox 2241 1551 2347 1591; x_wconf 91' lang='lat' dir='ltr'>locu-</span> 
     </span>
     <span class='ocr_line' id='line_1_72' title="bbox 1290 1596 1914 1646; baseline 0.005 -12"><span class='ocrx_word' id='word_1_421' title='bbox 1290 1605 1359 1634; x_wconf 89' lang='lat' dir='ltr'>tus.</span> <span class='ocrx_word' id='word_1_422' title='bbox 1387 1596 1532 1634; x_wconf 67' lang='lat' dir='ltr'>Herus.</span> <span class='ocrx_word' id='word_1_423' title='bbox 1561 1597 1649 1635; x_wconf 91' lang='lat' dir='ltr'>Vid.</span> <span class='ocrx_word' id='word_1_424' title='bbox 1673 1600 1738 1637; x_wconf 88' lang='lat' dir='ltr'>inf.</span> <span class='ocrx_word' id='word_1_425' title='bbox 1758 1599 1810 1643; x_wconf 65' lang='lat' dir='ltr'>sss.</span> <span class='ocrx_word' id='word_1_426' title='bbox 1829 1610 1914 1646; x_wconf 86' lang='lat'>227.</span> 
     </span>
    </p>

    <p class='ocr_par' dir='ltr' id='par_1_25' title="bbox 1346 1647 2346 1700">
     <span class='ocr_line' id='line_1_73' title="bbox 1346 1647 2346 1700; baseline 0.007 -15"><span class='ocrx_word' id='word_1_427' title='bbox 1346 1647 1432 1697; x_wconf 79' lang='lat'>183.</span> <span class='ocrx_word' id='word_1_428' title='bbox 1460 1648 1606 1685; x_wconf 80' lang='lat' dir='ltr'>Silentia</span> <span class='ocrx_word' id='word_1_429' title='bbox 1625 1650 1735 1700; x_wconf 84' lang='lat' dir='ltr'>seci.]</span> <span class='ocrx_word' id='word_1_430' title='bbox 1770 1650 1853 1700; x_wconf 83' lang='lat' dir='ltr'>Cepi</span> <span class='ocrx_word' id='word_1_431' title='bbox 1877 1659 1949 1688; x_wconf 88' lang='lat' dir='ltr'>tres</span> <span class='ocrx_word' id='word_1_432' title='bbox 1973 1650 2178 1689; x_wconf 87' lang='lat' dir='ltr'>Farnefiani</span> <span class='ocrx_word' id='word_1_433' title='bbox 2199 1653 2238 1690; x_wconf 74' lang='grc' dir='ltr'>ὅτ</span> <span class='ocrx_word' id='word_1_434' title='bbox 2259 1653 2346 1692; x_wconf 87' lang='lat' dir='ltr'>Me-</span> 
     </span>
    </p>

    <p class='ocr_par' dir='ltr' id='par_1_26' title="bbox 1291 1699 2347 1751">
     <span class='ocr_line' id='line_1_74' title="bbox 1291 1699 2347 1751; baseline 0.006 -15"><span class='ocrx_word' id='word_1_435' title='bbox 1291 1700 1428 1739; x_wconf 81' lang='lat' dir='ltr'>diceus.</span> <span class='ocrx_word' id='word_1_436' title='bbox 1449 1699 1508 1738; x_wconf 85' lang='lat' dir='ltr'>sed</span> <span class='ocrx_word' id='word_1_437' title='bbox 1519 1701 1637 1747; x_wconf 88' lang='lat' dir='ltr'>facere</span> <span class='ocrx_word' id='word_1_438' title='bbox 1647 1699 1792 1748; x_wconf 83' lang='lat' dir='ltr'>stlentia</span> <span class='ocrx_word' id='word_1_439' title='bbox 1812 1702 1954 1739; x_wconf 61' lang='lat' dir='ltr'>reclum</span> <span class='ocrx_word' id='word_1_440' title='bbox 1968 1729 1977 1744; x_wconf 92' lang='lat'>‚</span> <span class='ocrx_word' id='word_1_441' title='bbox 2007 1710 2047 1739; x_wconf 90' lang='lat' dir='ltr'>ut</span> <span class='ocrx_word' id='word_1_442' title='bbox 2065 1701 2123 1739; x_wconf 94' lang='lat' dir='ltr'>lib.</span> <span class='ocrx_word' id='word_1_443' title='bbox 2148 1714 2184 1739; x_wconf 95' lang='lat' dir='ltr'>v.</span> <span class='ocrx_word' id='word_1_444' title='bbox 2211 1716 2268 1751; x_wconf 87' lang='grc' dir='ltr'>ςς.</span> <span class='ocrx_word' id='word_1_445' title='bbox 2296 1705 2347 1744; x_wconf 81' lang='lat' dir='ltr'>ita</span> 
     </span>
    </p>
   </div>
   <div class='ocr_carea' id='block_1_12' title="bbox 1282 1750 2345 1803">
    <p class='ocr_par' dir='ltr' id='par_1_27' title="bbox 1282 1750 2345 1803">
     <span class='ocr_line' id='line_1_75' title="bbox 1282 1750 2345 1803; baseline 0.006 -15"><span class='ocrx_word' id='word_1_446' title='bbox 1282 1750 1466 1801; x_wconf 82' lang='lat' dir='ltr'>silentium</span> <span class='ocrx_word' id='word_1_447' title='bbox 1495 1765 1592 1800; x_wconf 83' lang='lat' dir='ltr'>agere</span> <span class='ocrx_word' id='word_1_448' title='bbox 1611 1752 1745 1791; x_wconf 85' lang='lat' dir='ltr'>Noster</span> <span class='ocrx_word' id='word_1_449' title='bbox 1774 1766 1803 1791; x_wconf 88' lang='lat'>1.</span> <span class='ocrx_word' id='word_1_450' title='bbox 1833 1753 1930 1790; x_wconf 88' lang='lat' dir='ltr'>Met.</span> <span class='ocrx_word' id='word_1_451' title='bbox 1955 1763 2040 1802; x_wconf 75' lang='lat'>349.</span> <span class='ocrx_word' id='word_1_452' title='bbox 2071 1753 2110 1790; x_wconf 67' lang='grc' dir='ltr'>ὃ(</span> <span class='ocrx_word' id='word_1_453' title='bbox 2133 1754 2289 1803; x_wconf 57' lang='lat' dir='ltr'>Quin&amp;</span> <span class='ocrx_word' id='word_1_454' title='bbox 2308 1768 2345 1795; x_wconf 87' lang='lat' dir='ltr'>x.</span> 
     </span>
    </p>
   </div>
   <div class='ocr_carea' id='block_1_13' title="bbox 1290 1802 2354 2968">
    <p class='ocr_par' dir='ltr' id='par_1_28' title="bbox 1293 1802 1682 1843">
     <span class='ocr_line' id='line_1_76' title="bbox 1293 1802 1682 1843; baseline 0.005 -3"><span class='ocrx_word' id='word_1_455' title='bbox 1293 1815 1321 1840; x_wconf 87' lang='lat'>1.</span> <span class='ocrx_word' id='word_1_456' title='bbox 1343 1802 1404 1840; x_wconf 89' lang='lat' dir='ltr'>ubi</span> <span class='ocrx_word' id='word_1_457' title='bbox 1427 1802 1523 1840; x_wconf 91' lang='lat' dir='ltr'>vide.</span> <span class='ocrx_word' id='word_1_458' title='bbox 1550 1803 1682 1843; x_wconf 72' lang='lat' dir='ltr'>Euam.</span> 
     </span>
    </p>

    <p class='ocr_par' dir='ltr' id='par_1_29' title="bbox 1290 1852 2349 2362">
     <span class='ocr_line' id='line_1_77' title="bbox 1349 1852 2344 1911; baseline 0.006 -21"><span class='ocrx_word' id='word_1_459' title='bbox 1349 1853 1430 1911; x_wconf 70' lang='lat' dir='ltr'>r85.</span> <span class='ocrx_word' id='word_1_460' title='bbox 1459 1854 1560 1902; x_wconf 64' lang='lat' dir='ltr'>Qud</span> <span class='ocrx_word' id='word_1_461' title='bbox 1585 1855 1669 1892; x_wconf 81' lang='lat' dir='ltr'>vult</span> <span class='ocrx_word' id='word_1_462' title='bbox 1699 1855 1821 1906; x_wconf 84' lang='lat' dir='ltr'>palma</span> <span class='ocrx_word' id='word_1_463' title='bbox 1840 1852 1952 1905; x_wconf 52' lang='lat' dir='ltr'>fietu]</span> <span class='ocrx_word' id='word_1_464' title='bbox 1993 1854 2095 1893; x_wconf 89' lang='lat' dir='ltr'>Anni</span> <span class='ocrx_word' id='word_1_465' title='bbox 2118 1857 2211 1894; x_wconf 88' lang='lat' dir='ltr'>novi</span> <span class='ocrx_word' id='word_1_466' title='bbox 2233 1858 2344 1896; x_wconf 89' lang='lat' dir='ltr'>initio</span> 
     </span>
     <span class='ocr_line' id='line_1_78' title="bbox 1294 1905 2348 1956; baseline 0.005 -14"><span class='ocrx_word' id='word_1_467' title='bbox 1294 1916 1405 1943; x_wconf 82' lang='lat' dir='ltr'>amici</span> <span class='ocrx_word' id='word_1_468' title='bbox 1434 1905 1502 1943; x_wconf 84' lang='lat' dir='ltr'>suis</span> <span class='ocrx_word' id='word_1_469' title='bbox 1535 1906 1640 1944; x_wconf 87' lang='lat' dir='ltr'>mella</span> <span class='ocrx_word' id='word_1_470' title='bbox 1656 1935 1666 1951; x_wconf 88' lang='lat'><strong>‚</strong></span> <span class='ocrx_word' id='word_1_471' title='bbox 1696 1907 1872 1956; x_wconf 80' lang='lat' dir='ltr'>palmulas</span> <span class='ocrx_word' id='word_1_472' title='bbox 1893 1907 1932 1944; x_wconf 86' lang='lat'>&amp;</span> <span class='ocrx_word' id='word_1_473' title='bbox 1955 1907 2088 1944; x_wconf 86' lang='lat' dir='ltr'>caricas</span> <span class='ocrx_word' id='word_1_474' title='bbox 2113 1907 2348 1947; x_wconf 77' lang='lat' dir='ltr'>missitabant.</span> 
     </span>
     <span class='ocr_line' id='line_1_79' title="bbox 1292 1955 2348 2014; baseline 0.004 -20"><span class='ocrx_word' id='word_1_475' title='bbox 1292 1955 1450 2014; x_wconf 67' lang='lat' dir='ltr'>Atiludit</span> <span class='ocrx_word' id='word_1_476' title='bbox 1473 1957 1516 1994; x_wconf 88' lang='lat' dir='ltr'>ad</span> <span class='ocrx_word' id='word_1_477' title='bbox 1542 1970 1687 1995; x_wconf 83' lang='lat' dir='ltr'>morem</span> <span class='ocrx_word' id='word_1_478' title='bbox 1714 1959 1876 2003; x_wconf 87' lang='lat' dir='ltr'>Seneca,</span> <span class='ocrx_word' id='word_1_479' title='bbox 1907 1956 1991 1995; x_wconf 68' lang='lat' dir='ltr'>cum</span> <span class='ocrx_word' id='word_1_480' title='bbox 2013 1957 2059 1995; x_wconf 89' lang='lat' dir='ltr'>de</span> <span class='ocrx_word' id='word_1_481' title='bbox 2071 1958 2348 2006; x_wconf 64' lang='lat' dir='ltr'>frugalitatesua</span> 
     </span>
     <span class='ocr_line' id='line_1_80' title="bbox 1292 2007 2348 2060; baseline 0.002 -14"><span class='ocrx_word' id='word_1_482' title='bbox 1292 2016 1366 2058; x_wconf 86' lang='lat' dir='ltr'>agit</span> <span class='ocrx_word' id='word_1_483' title='bbox 1385 2007 1543 2057; x_wconf 69' lang='lat' dir='ltr'>Epistola</span> <span class='ocrx_word' id='word_1_484' title='bbox 1568 2021 1741 2048; x_wconf 76' lang='lat' dir='ltr'>Lxxxvn.</span> <span class='ocrx_word' id='word_1_485' title='bbox 1768 2016 1823 2047; x_wconf 86' lang='lat' dir='ltr'>De</span> <span class='ocrx_word' id='word_1_486' title='bbox 1846 2009 1996 2059; x_wconf 81' lang='lat' dir='ltr'>prandio</span> <span class='ocrx_word' id='word_1_487' title='bbox 2020 2007 2109 2045; x_wconf 80' lang='lat' dir='ltr'>nihil</span> <span class='ocrx_word' id='word_1_488' title='bbox 2131 2009 2273 2047; x_wconf 82' lang='lat' dir='ltr'>detrahi</span> <span class='ocrx_word' id='word_1_489' title='bbox 2288 2020 2348 2060; x_wconf 90' lang='lat' dir='ltr'>po-</span> 
     </span>
     <span class='ocr_line' id='line_1_81' title="bbox 1291 2058 2347 2110; baseline 0.003 -14"><span class='ocrx_word' id='word_1_490' title='bbox 1291 2059 1373 2097; x_wconf 86' lang='lat' dir='ltr'>tuit.</span> <span class='ocrx_word' id='word_1_491' title='bbox 1399 2069 1566 2109; x_wconf 84' lang='lat' dir='ltr'>paratum</span> <span class='ocrx_word' id='word_1_492' title='bbox 1587 2060 1667 2106; x_wconf 84' lang='lat' dir='ltr'>fuit</span> <span class='ocrx_word' id='word_1_493' title='bbox 1695 2074 1763 2098; x_wconf 87' lang='lat' dir='ltr'>non</span> <span class='ocrx_word' id='word_1_494' title='bbox 1793 2061 1904 2109; x_wconf 82' lang='lat' dir='ltr'>magis</span> <span class='ocrx_word' id='word_1_495' title='bbox 1932 2058 2040 2104; x_wconf 72' lang='lat' dir='ltr'>horai,</span> <span class='ocrx_word' id='word_1_496' title='bbox 2070 2073 2246 2110; x_wconf 78' lang='lat' dir='ltr'>nusquam</span> <span class='ocrx_word' id='word_1_497' title='bbox 2269 2060 2347 2110; x_wconf 81' lang='lat' dir='ltr'>fine</span> 
     </span>
     <span class='ocr_line' id='line_1_82' title="bbox 1292 2109 2347 2162; baseline 0.002 -14"><span class='ocrx_word' id='word_1_498' title='bbox 1292 2111 1436 2156; x_wconf 87' lang='lat' dir='ltr'>caricis,</span> <span class='ocrx_word' id='word_1_499' title='bbox 1465 2125 1638 2161; x_wconf 85' lang='lat' dir='ltr'>nusquam</span> <span class='ocrx_word' id='word_1_500' title='bbox 1665 2111 1740 2161; x_wconf 84' lang='lat' dir='ltr'>fine</span> <span class='ocrx_word' id='word_1_501' title='bbox 1766 2111 2010 2162; x_wconf 82' lang='lat' dir='ltr'>pugillaribus.</span> <span class='ocrx_word' id='word_1_502' title='bbox 2038 2109 2148 2154; x_wconf 79' lang='lat' dir='ltr'>Illae,</span> <span class='ocrx_word' id='word_1_503' title='bbox 2174 2109 2204 2153; x_wconf 76' lang='lat' dir='ltr'><em>fi</em></span> <span class='ocrx_word' id='word_1_504' title='bbox 2216 2121 2347 2160; x_wconf 87' lang='lat' dir='ltr'>panem</span> 
     </span>
     <span class='ocr_line' id='line_1_83' title="bbox 1290 2161 2349 2212; baseline 0.002 -14"><span class='ocrx_word' id='word_1_505' title='bbox 1290 2162 1396 2198; x_wconf 78' lang='lat' dir='ltr'>habeo</span> <span class='ocrx_word' id='word_1_506' title='bbox 1410 2190 1420 2206; x_wconf 93' lang='lat'>,</span> <span class='ocrx_word' id='word_1_507' title='bbox 1453 2171 1513 2210; x_wconf 84' lang='lat' dir='ltr'>pro</span> <span class='ocrx_word' id='word_1_508' title='bbox 1529 2163 1765 2212; x_wconf 86' lang='lat' dir='ltr'>pulmentario</span> <span class='ocrx_word' id='word_1_509' title='bbox 1777 2163 1880 2212; x_wconf 87' lang='lat' dir='ltr'>sunt:</span> <span class='ocrx_word' id='word_1_510' title='bbox 1894 2161 1927 2210; x_wconf 83' lang='lat' dir='ltr'><em>fi</em></span> <span class='ocrx_word' id='word_1_511' title='bbox 1942 2175 2009 2199; x_wconf 84' lang='lat' dir='ltr'>non</span> <span class='ocrx_word' id='word_1_512' title='bbox 2023 2190 2034 2205; x_wconf 87' lang='lat'><em>,</em></span> <span class='ocrx_word' id='word_1_513' title='bbox 2059 2172 2118 2208; x_wconf 82' lang='lat' dir='ltr'>pro</span> <span class='ocrx_word' id='word_1_514' title='bbox 2136 2171 2236 2210; x_wconf 87' lang='lat' dir='ltr'>pane.</span> <span class='ocrx_word' id='word_1_515' title='bbox 2264 2177 2349 2211; x_wconf 87' lang='lat' dir='ltr'>quo-</span> 
     </span>
     <span class='ocr_line' id='line_1_84' title="bbox 1293 2212 2344 2261; baseline 0.002 -11"><span class='ocrx_word' id='word_1_516' title='bbox 1293 2214 1378 2250; x_wconf 84' lang='lat' dir='ltr'>tidie</span> <span class='ocrx_word' id='word_1_517' title='bbox 1396 2213 1486 2251; x_wconf 84' lang='lat' dir='ltr'>mihi</span> <span class='ocrx_word' id='word_1_518' title='bbox 1505 2227 1642 2251; x_wconf 84' lang='lat' dir='ltr'>annum</span> <span class='ocrx_word' id='word_1_519' title='bbox 1668 2227 1801 2251; x_wconf 84' lang='lat' dir='ltr'>novum</span> <span class='ocrx_word' id='word_1_520' title='bbox 1813 2214 1970 2261; x_wconf 83' lang='lat' dir='ltr'>faciunt.</span> <span class='ocrx_word' id='word_1_521' title='bbox 2010 2212 2135 2250; x_wconf 79' lang='lat' dir='ltr'>Palma</span> <span class='ocrx_word' id='word_1_522' title='bbox 2159 2213 2194 2250; x_wconf 85' lang='lat' dir='ltr'>in</span> <span class='ocrx_word' id='word_1_523' title='bbox 2219 2213 2344 2252; x_wconf 85' lang='lat' dir='ltr'>nostro</span> 
     </span>
     <span class='ocr_line' id='line_1_85' title="bbox 1292 2263 2347 2314; baseline 0.001 -12"><span class='ocrx_word' id='word_1_524' title='bbox 1292 2264 1496 2312; x_wconf 84' lang='lat' dir='ltr'>spathalion</span> <span class='ocrx_word' id='word_1_525' title='bbox 1526 2265 1573 2302; x_wconf 85' lang='lat' dir='ltr'>est</span> <span class='ocrx_word' id='word_1_526' title='bbox 1602 2275 1850 2314; x_wconf 82' lang='lat' dir='ltr'>caryotarum.</span> <span class='ocrx_word' id='word_1_527' title='bbox 1888 2263 2066 2302; x_wconf 77' lang='lat' dir='ltr'>Martialis</span> <span class='ocrx_word' id='word_1_528' title='bbox 2095 2264 2133 2301; x_wconf 89' lang='lat' dir='ltr'>in</span> <span class='ocrx_word' id='word_1_529' title='bbox 2151 2264 2347 2313; x_wconf 59' lang='lat' dir='ltr'>Epigranh</span> 
     </span>
     <span class='ocr_line' id='line_1_86' title="bbox 1292 2314 2216 2362; baseline 0.001 -10"><span class='ocrx_word' id='word_1_530' title='bbox 1292 2323 1417 2360; x_wconf 87' lang='lat' dir='ltr'>mate,</span> <span class='ocrx_word' id='word_1_531' title='bbox 1448 2315 1507 2353; x_wconf 87' lang='lat' dir='ltr'>cui</span> <span class='ocrx_word' id='word_1_532' title='bbox 1530 2315 1630 2353; x_wconf 85' lang='lat' dir='ltr'>idem</span> <span class='ocrx_word' id='word_1_533' title='bbox 1655 2317 1843 2360; x_wconf 83' lang='lat' dir='ltr'>Lemma,</span> <span class='ocrx_word' id='word_1_534' title='bbox 1870 2315 1932 2353; x_wconf 88' lang='lat' dir='ltr'>lib.</span> <span class='ocrx_word' id='word_1_535' title='bbox 1952 2327 2040 2352; x_wconf 83' lang='lat' dir='ltr'>xm.</span> <span class='ocrx_word' id='word_1_536' title='bbox 2066 2314 2135 2362; x_wconf 88' lang='lat' dir='ltr'>Ep.</span> <span class='ocrx_word' id='word_1_537' title='bbox 2156 2326 2216 2362; x_wconf 86' lang='lat'>27.</span> 
     </span>
    </p>

    <p class='ocr_par' dir='ltr' id='par_1_30' title="bbox 1342 2365 2167 2416">
     <span class='ocr_line' id='line_1_87' title="bbox 1342 2365 2167 2416; baseline -0.004 -12"><span class='ocrx_word' id='word_1_538' title='bbox 1342 2371 1466 2404; x_wconf 84' lang='lat' dir='ltr'>Aurea</span> <span class='ocrx_word' id='word_1_539' title='bbox 1485 2367 1672 2416; x_wconf 73' lang='lat' dir='ltr'>porrigitur</span> <span class='ocrx_word' id='word_1_540' title='bbox 1692 2366 1788 2413; x_wconf 77' lang='lat' dir='ltr'>Jani</span> <span class='ocrx_word' id='word_1_541' title='bbox 1812 2376 1954 2415; x_wconf 64' lang='lat' dir='ltr'>caryota</span> <span class='ocrx_word' id='word_1_542' title='bbox 1975 2365 2167 2404; x_wconf 85' lang='lat' dir='ltr'>Kalendis.-</span> 
     </span>
    </p>

    <p class='ocr_par' dir='ltr' id='par_1_31' title="bbox 1290 2415 2349 2572">
     <span class='ocr_line' id='line_1_88' title="bbox 1394 2415 2177 2466; baseline 0 -12"><span class='ocrx_word' id='word_1_543' title='bbox 1394 2417 1458 2454; x_wconf 85' lang='lat' dir='ltr'>Sed</span> <span class='ocrx_word' id='word_1_544' title='bbox 1479 2427 1598 2456; x_wconf 82' lang='lat' dir='ltr'>tamen</span> <span class='ocrx_word' id='word_1_545' title='bbox 1617 2418 1677 2455; x_wconf 85' lang='lat' dir='ltr'>hoc</span> <span class='ocrx_word' id='word_1_546' title='bbox 1691 2431 1821 2455; x_wconf 80' lang='lat' dir='ltr'>munus</span> <span class='ocrx_word' id='word_1_547' title='bbox 1836 2417 1993 2466; x_wconf 83' lang='lat' dir='ltr'>pauperis</span> <span class='ocrx_word' id='word_1_548' title='bbox 2011 2416 2067 2466; x_wconf 70' lang='lat' dir='ltr'>effi:</span> <span class='ocrx_word' id='word_1_549' title='bbox 2078 2415 2177 2464; x_wconf 84' lang='lat' dir='ltr'>solet.</span> 
     </span>
     <span class='ocr_line' id='line_1_89' title="bbox 1290 2467 2349 2518; baseline 0.002 -10"><span class='ocrx_word' id='word_1_550' title='bbox 1290 2470 1524 2518; x_wconf 86' lang='lat' dir='ltr'>operiebatur</span> <span class='ocrx_word' id='word_1_551' title='bbox 1536 2469 1864 2508; x_wconf 81' lang='lat' dir='ltr'>enimtenuissimis</span> <span class='ocrx_word' id='word_1_552' title='bbox 1877 2467 2068 2505; x_wconf 64' lang='lat' dir='ltr'>bracteolis</span> <span class='ocrx_word' id='word_1_553' title='bbox 2089 2480 2098 2504; x_wconf 91' lang='lat'>:</span> <span class='ocrx_word' id='word_1_554' title='bbox 2128 2468 2156 2505; x_wconf 86' lang='lat' dir='ltr'>is</span> <span class='ocrx_word' id='word_1_555' title='bbox 2172 2477 2247 2508; x_wconf 85' lang='lat' dir='ltr'>erat</span> <span class='ocrx_word' id='word_1_556' title='bbox 2260 2471 2349 2510; x_wconf 84' lang='lat' dir='ltr'>ritus</span> 
     </span>
     <span class='ocr_line' id='line_1_90' title="bbox 1291 2519 2349 2572; baseline 0 -14"><span class='ocrx_word' id='word_1_557' title='bbox 1291 2521 1384 2558; x_wconf 87' lang='lat' dir='ltr'>illius</span> <span class='ocrx_word' id='word_1_558' title='bbox 1405 2522 1498 2557; x_wconf 80' lang='lat' dir='ltr'>aevi.</span> <span class='ocrx_word' id='word_1_559' title='bbox 1525 2521 1606 2558; x_wconf 85' lang='lat' dir='ltr'>alibi</span> <span class='ocrx_word' id='word_1_560' title='bbox 1626 2520 1731 2568; x_wconf 85' lang='lat' dir='ltr'>sputo</span> <span class='ocrx_word' id='word_1_561' title='bbox 1752 2520 1846 2558; x_wconf 86' lang='lat' dir='ltr'>dixit</span> <span class='ocrx_word' id='word_1_562' title='bbox 1866 2519 2008 2556; x_wconf 90' lang='lat' dir='ltr'>illitam.</span> <span class='ocrx_word' id='word_1_563' title='bbox 2024 2519 2086 2556; x_wconf 87' lang='lat' dir='ltr'>lib.</span> <span class='ocrx_word' id='word_1_564' title='bbox 2100 2531 2191 2556; x_wconf 82' lang='lat' dir='ltr'>vixx.</span> <span class='ocrx_word' id='word_1_565' title='bbox 2205 2521 2271 2570; x_wconf 89' lang='lat' dir='ltr'>Ep.</span> <span class='ocrx_word' id='word_1_566' title='bbox 2286 2533 2349 2572; x_wconf 86' lang='lat'>33.</span> 
     </span>
    </p>

    <p class='ocr_par' dir='ltr' id='par_1_32' title="bbox 1294 2568 2354 2968">
     <span class='ocr_line' id='line_1_91' title="bbox 1343 2568 2166 2618; baseline 0 -12"><span class='ocrx_word' id='word_1_567' title='bbox 1343 2578 1415 2606; x_wconf 83' lang='lat' dir='ltr'>Hoc</span> <span class='ocrx_word' id='word_1_568' title='bbox 1435 2570 1562 2606; x_wconf 75' lang='lat' dir='ltr'>linitur</span> <span class='ocrx_word' id='word_1_569' title='bbox 1574 2572 1675 2618; x_wconf 75' lang='lat' dir='ltr'>sputo</span> <span class='ocrx_word' id='word_1_570' title='bbox 1698 2571 1795 2614; x_wconf 71' lang='lat' dir='ltr'>Jani</span> <span class='ocrx_word' id='word_1_571' title='bbox 1818 2579 1958 2616; x_wconf 64' lang='lat' dir='ltr'>caryota</span> <span class='ocrx_word' id='word_1_572' title='bbox 1982 2568 2166 2606; x_wconf 84' lang='lat' dir='ltr'>Kalendis.</span> 
     </span>
     <span class='ocr_line' id='line_1_92' title="bbox 1294 2617 2345 2667; baseline 0.002 -11"><span class='ocrx_word' id='word_1_573' title='bbox 1294 2621 1483 2667; x_wconf 83' lang='lat' dir='ltr'>Loquitur</span> <span class='ocrx_word' id='word_1_574' title='bbox 1512 2618 1560 2656; x_wconf 91' lang='lat' dir='ltr'>ibi</span> <span class='ocrx_word' id='word_1_575' title='bbox 1590 2619 1635 2657; x_wconf 89' lang='lat' dir='ltr'>de</span> <span class='ocrx_word' id='word_1_576' title='bbox 1667 2617 1787 2667; x_wconf 62' lang='lat' dir='ltr'>phiala</span> <span class='ocrx_word' id='word_1_577' title='bbox 1817 2617 2037 2655; x_wconf 66' lang='lat' dir='ltr'>tenuissima:</span> <span class='ocrx_word' id='word_1_578' title='bbox 2074 2619 2175 2666; x_wconf 89' lang='lat' dir='ltr'>quod</span> <span class='ocrx_word' id='word_1_579' title='bbox 2205 2621 2345 2667; x_wconf 84' lang='lat' dir='ltr'>sputum</span> 
     </span>
     <span class='ocr_line' id='line_1_93' title="bbox 1294 2668 2349 2717; baseline 0.003 -12"><span class='ocrx_word' id='word_1_580' title='bbox 1294 2680 1405 2706; x_wconf 85' lang='lat' dir='ltr'>vocat</span> <span class='ocrx_word' id='word_1_581' title='bbox 1427 2669 1472 2705; x_wconf 84' lang='lat' dir='ltr'>ad</span> <span class='ocrx_word' id='word_1_582' title='bbox 1493 2677 1754 2716; x_wconf 80' lang='lat' dir='ltr'>contemptum</span> <span class='ocrx_word' id='word_1_583' title='bbox 1769 2696 1778 2710; x_wconf 86' lang='lat'>‚</span> <span class='ocrx_word' id='word_1_584' title='bbox 1808 2668 1909 2717; x_wconf 82' lang='lat' dir='ltr'>quasi</span> <span class='ocrx_word' id='word_1_585' title='bbox 1930 2677 2081 2706; x_wconf 86' lang='lat' dir='ltr'>tenuem</span> <span class='ocrx_word' id='word_1_586' title='bbox 2104 2669 2267 2708; x_wconf 68' lang='lat' dir='ltr'>tunicam</span> <span class='ocrx_word' id='word_1_587' title='bbox 2282 2683 2349 2710; x_wconf 87' lang='lat' dir='ltr'>ve-</span> 
     </span>
     <span class='ocr_line' id='line_1_94' title="bbox 1295 2717 2349 2767; baseline 0.006 -12"><span class='ocrx_word' id='word_1_588' title='bbox 1295 2719 1442 2755; x_wconf 83' lang='lat' dir='ltr'>stiendis</span> <span class='ocrx_word' id='word_1_589' title='bbox 1477 2720 1634 2766; x_wconf 78' lang='lat' dir='ltr'>caryotis</span> <span class='ocrx_word' id='word_1_590' title='bbox 1679 2718 1909 2765; x_wconf 79' lang='lat' dir='ltr'>aptiffimam.</span> <span class='ocrx_word' id='word_1_591' title='bbox 1964 2717 2036 2755; x_wconf 85' lang='lat' dir='ltr'>Sed</span> <span class='ocrx_word' id='word_1_592' title='bbox 2074 2723 2349 2767; x_wconf 62' lang='lat' dir='ltr'>metaphoricam</span> 
     </span>
     <span class='ocr_line' id='line_1_95' title="bbox 1295 2768 2354 2817; baseline 0.008 -12"><span class='ocrx_word' id='word_1_593' title='bbox 1295 2769 1387 2806; x_wconf 81' lang='lat' dir='ltr'>haec</span> <span class='ocrx_word' id='word_1_594' title='bbox 1415 2768 1461 2805; x_wconf 85' lang='lat' dir='ltr'>de</span> <span class='ocrx_word' id='word_1_595' title='bbox 1482 2769 1581 2817; x_wconf 75' lang='lat' dir='ltr'>sputo</span> <span class='ocrx_word' id='word_1_596' title='bbox 1616 2769 1823 2807; x_wconf 84' lang='lat' dir='ltr'>Martialis:</span> <span class='ocrx_word' id='word_1_597' title='bbox 1865 2782 1951 2807; x_wconf 89' lang='lat' dir='ltr'>nam</span> <span class='ocrx_word' id='word_1_598' title='bbox 1984 2768 2072 2806; x_wconf 82' lang='lat' dir='ltr'>illud</span> <span class='ocrx_word' id='word_1_599' title='bbox 2103 2770 2190 2808; x_wconf 74' lang='lat' dir='ltr'>vere</span> <span class='ocrx_word' id='word_1_600' title='bbox 2215 2772 2354 2814; x_wconf 86' lang='lat' dir='ltr'>subtilis</span> 
     </span>
     <span class='ocr_line' id='line_1_96' title="bbox 1297 2819 2350 2871; baseline 0.006 -14"><span class='ocrx_word' id='word_1_601' title='bbox 1297 2828 1373 2857; x_wconf 86' lang='lat' dir='ltr'>erat</span> <span class='ocrx_word' id='word_1_602' title='bbox 1404 2821 1541 2863; x_wconf 81' lang='lat' dir='ltr'>crulla,</span> <span class='ocrx_word' id='word_1_603' title='bbox 1579 2831 1623 2857; x_wconf 84' lang='lat' dir='ltr'>ex</span> <span class='ocrx_word' id='word_1_604' title='bbox 1653 2832 1745 2868; x_wconf 76' lang='lat' dir='ltr'>pane</span> <span class='ocrx_word' id='word_1_605' title='bbox 1774 2820 1939 2868; x_wconf 84' lang='lat' dir='ltr'>siligineo</span> <span class='ocrx_word' id='word_1_606' title='bbox 1968 2819 2120 2857; x_wconf 82' lang='lat' dir='ltr'>madido</span> <span class='ocrx_word' id='word_1_607' title='bbox 2156 2824 2350 2871; x_wconf 61' lang='lat' dir='ltr'>confecta,</span> 
     </span>
     <span class='ocr_line' id='line_1_97' title="bbox 1297 2869 2352 2960; baseline 0.007 -53"><span class='ocrx_word' id='word_1_608' title='bbox 1297 2869 1371 2920; x_wconf 64' lang='lat' dir='ltr'>qua</span> <span class='ocrx_word' id='word_1_609' title='bbox 1395 2871 1497 2960; x_wconf 56' lang='lat' dir='ltr'>{genis</span> <span class='ocrx_word' id='word_1_610' title='bbox 1526 2870 1756 2919; x_wconf 81' lang='lat' dir='ltr'>splendorem</span> <span class='ocrx_word' id='word_1_611' title='bbox 1793 2879 1983 2909; x_wconf 85' lang='lat' dir='ltr'>matronae</span> <span class='ocrx_word' id='word_1_612' title='bbox 2002 2871 2258 2914; x_wconf 79' lang='lat' dir='ltr'>conciliabant.</span> <span class='ocrx_word' id='word_1_613' title='bbox 2285 2876 2352 2924; x_wconf 76' lang='lat' dir='ltr'>Ju-</span> 
     </span>
     <span class='ocr_line' id='line_1_98' title="bbox 1299 2933 1615 2968; baseline 0 -8"><span class='ocrx_word' id='word_1_614' title='bbox 1299 2933 1436 2960; x_wconf 81' lang='lat' dir='ltr'>venais</span> <span class='ocrx_word' id='word_1_615' title='bbox 1460 2933 1615 2968; x_wconf 79' lang='lat' dir='ltr'>V1-471-</span> 
     </span>
    </p>
   </div>
   <div class='ocr_carea' id='block_1_14' title="bbox 1481 3000 1631 3008">
    <p class='ocr_par' dir='ltr' id='par_1_33' title="bbox 1481 3000 1631 3008">
     <span class='ocr_line' id='line_1_99' title="bbox 1481 3000 1631 3008; baseline 0 0"><span class='ocrx_word' id='word_1_616' title='bbox 1481 3000 1631 3008; x_wconf 95' lang='lat' dir='ltr'> </span> 
     </span>
    </p>
   </div>
   <div class='ocr_carea' id='block_1_15' title="bbox 1349 2983 2290 3089">
    <p class='ocr_par' dir='ltr' id='par_1_34' title="bbox 1349 2983 2290 3089">
     <span class='ocr_line' id='line_1_100' title="bbox 1660 2983 2110 3036; baseline -0.002 -12"><span class='ocrx_word' id='word_1_617' title='bbox 1660 2989 1848 3036; x_wconf 59' lang='lat' dir='ltr'>(sociaeque</span> <span class='ocrx_word' id='word_1_618' title='bbox 1859 2983 2009 3034; x_wconf 82' lang='lat' dir='ltr'>siliginis</span> <span class='ocrx_word' id='word_1_619' title='bbox 2028 2986 2110 3034; x_wconf 83' lang='lat' dir='ltr'>offas</span> 
     </span>
     <span class='ocr_line' id='line_1_101' title="bbox 1349 3037 2290 3089; baseline 0 -12"><span class='ocrx_word' id='word_1_620' title='bbox 1349 3039 1487 3089; x_wconf 84' lang='lat' dir='ltr'>Accipit</span> <span class='ocrx_word' id='word_1_621' title='bbox 1502 3066 1512 3084; x_wconf 92' lang='lat'>,</span> <span class='ocrx_word' id='word_1_622' title='bbox 1540 3050 1584 3079; x_wconf 67' lang='lat'>&lt;9³</span> <span class='ocrx_word' id='word_1_623' title='bbox 1602 3039 1768 3076; x_wconf 85' lang='lat' dir='ltr'>madidae</span> <span class='ocrx_word' id='word_1_624' title='bbox 1779 3038 1888 3084; x_wconf 87' lang='lat' dir='ltr'>facies</span> <span class='ocrx_word' id='word_1_625' title='bbox 1907 3037 2039 3074; x_wconf 81' lang='lat' dir='ltr'>dicetur</span> <span class='ocrx_word' id='word_1_626' title='bbox 2055 3065 2066 3083; x_wconf 87' lang='lat'>‚</span> <span class='ocrx_word' id='word_1_627' title='bbox 2094 3050 2143 3075; x_wconf 82' lang='lat' dir='ltr'>an</span> <span class='ocrx_word' id='word_1_628' title='bbox 2165 3038 2290 3081; x_wconf 71' lang='lat' dir='ltr'>ulcus?</span> 
     </span>
    </p>
   </div>
   <div class='ocr_carea' id='block_1_16' title="bbox 1298 3105 1755 3156">
    <p class='ocr_par' dir='ltr' id='par_1_35' title="bbox 1298 3105 1755 3156">
     <span class='ocr_line' id='line_1_102' title="bbox 1298 3105 1755 3156; baseline -0.004 -11"><span class='ocrx_word' id='word_1_629' title='bbox 1298 3107 1335 3145; x_wconf 85' lang='lat'>&amp;</span> <span class='ocrx_word' id='word_1_630' title='bbox 1358 3105 1468 3156; x_wconf 80' lang='lat' dir='ltr'>paulo</span> <span class='ocrx_word' id='word_1_631' title='bbox 1489 3114 1573 3143; x_wconf 81' lang='lat' dir='ltr'>ante</span> <span class='ocrx_word' id='word_1_632' title='bbox 1594 3105 1648 3148; x_wconf 54' lang='lat' dir='ltr'>iss.</span> <span class='ocrx_word' id='word_1_633' title='bbox 1672 3107 1755 3153; x_wconf 83' lang='lat'>461.</span> 
     </span>
    </p>
   </div>
   <div class='ocr_carea' id='block_1_17' title="bbox 1349 3170 2153 3266">
    <p class='ocr_par' dir='ltr' id='par_1_36' title="bbox 1349 3170 2153 3266">
     <span class='ocr_line' id='line_1_103' title="bbox 1351 3170 2153 3222; baseline -0.001 -12"><span class='ocrx_word' id='word_1_634' title='bbox 1351 3172 1487 3210; x_wconf 73' lang='lat' dir='ltr'>Interea</span> <span class='ocrx_word' id='word_1_635' title='bbox 1498 3172 1602 3219; x_wconf 86' lang='lat' dir='ltr'>foeda</span> <span class='ocrx_word' id='word_1_636' title='bbox 1624 3173 1756 3220; x_wconf 63' lang='lat' dir='ltr'>aspeifiu</span> <span class='ocrx_word' id='word_1_637' title='bbox 1770 3200 1780 3218; x_wconf 94' lang='lat'>‚</span> <span class='ocrx_word' id='word_1_638' title='bbox 1806 3170 2020 3222; x_wconf 82' lang='lat' dir='ltr'>ridendaque</span> <span class='ocrx_word' id='word_1_639' title='bbox 2042 3171 2153 3209; x_wconf 81' lang='lat' dir='ltr'>multo</span> 
     </span>
     <span class='ocr_line' id='line_1_104' title="bbox 1349 3225 1712 3266; baseline 0.003 -5"><span class='ocrx_word' id='word_1_640' title='bbox 1349 3231 1447 3261; x_wconf 85' lang='lat' dir='ltr'>Pane</span> <span class='ocrx_word' id='word_1_641' title='bbox 1466 3234 1577 3260; x_wconf 82' lang='lat' dir='ltr'>tumet</span> <span class='ocrx_word' id='word_1_642' title='bbox 1595 3225 1712 3266; x_wconf 76' lang='lat' dir='ltr'>facies.</span> 
     </span>
    </p>
   </div>
   <div class='ocr_carea' id='block_1_18' title="bbox 1298 3288 2348 3440">
    <p class='ocr_par' dir='ltr' id='par_1_37' title="bbox 1298 3288 2348 3440">
     <span class='ocr_line' id='line_1_105' title="bbox 1300 3288 2348 3328; baseline 0.001 -1"><span class='ocrx_word' id='word_1_643' title='bbox 1300 3290 1360 3328; x_wconf 86' lang='lat' dir='ltr'>ubi</span> <span class='ocrx_word' id='word_1_644' title='bbox 1395 3298 1497 3328; x_wconf 76' lang='lat' dir='ltr'>vetus</span> <span class='ocrx_word' id='word_1_645' title='bbox 1529 3289 1849 3328; x_wconf 87' lang='lat' dir='ltr'>Commentator:</span> <span class='ocrx_word' id='word_1_646' title='bbox 1885 3290 2106 3326; x_wconf 84' lang='lat' dir='ltr'>Medicamen</span> <span class='ocrx_word' id='word_1_647' title='bbox 2131 3288 2179 3325; x_wconf 87' lang='lat' dir='ltr'>ad</span> <span class='ocrx_word' id='word_1_648' title='bbox 2203 3290 2348 3328; x_wconf 52' lang='lat' dir='ltr'>tendens</span> 
     </span>
     <span class='ocr_line' id='line_1_106' title="bbox 1298 3340 2346 3391; baseline 0 -13"><span class='ocrx_word' id='word_1_649' title='bbox 1298 3343 1383 3380; x_wconf 82' lang='lat' dir='ltr'>dam</span> <span class='ocrx_word' id='word_1_650' title='bbox 1397 3342 1529 3390; x_wconf 82' lang='lat' dir='ltr'>faciem</span> <span class='ocrx_word' id='word_1_651' title='bbox 1544 3370 1554 3388; x_wconf 90' lang='lat'><em>,</em></span> <span class='ocrx_word' id='word_1_652' title='bbox 1583 3341 1640 3379; x_wconf 80' lang='lat' dir='ltr'>vel</span> <span class='ocrx_word' id='word_1_653' title='bbox 1664 3352 1774 3380; x_wconf 81' lang='lat' dir='ltr'>cutem</span> <span class='ocrx_word' id='word_1_654' title='bbox 1797 3341 1918 3391; x_wconf 82' lang='lat' dir='ltr'>magis.</span> <span class='ocrx_word' id='word_1_655' title='bbox 1947 3340 2150 3390; x_wconf 82' lang='lat' dir='ltr'>Tentipellia</span> <span class='ocrx_word' id='word_1_656' title='bbox 2172 3341 2262 3379; x_wconf 81' lang='lat' dir='ltr'>haec</span> <span class='ocrx_word' id='word_1_657' title='bbox 2282 3354 2346 3378; x_wconf 83' lang='lat' dir='ltr'>an-</span> 
     </span>
     <span class='ocr_line' id='line_1_107' title="bbox 2239 3401 2346 3440; baseline 0.009 -10"><span class='ocrx_word' id='word_1_658' title='bbox 2239 3401 2346 3440; x_wconf 68' lang='lat' dir='ltr'>tiquo</span> 
     </span>
    </p>
   </div>
  </div>
 </body>
</html>
