2495 3675
354 172 917 233 EPISTULARUM
952 173 1059 233 EX
1099 166 1382 229 PONTO.
1421 164 1542 227 Lm.
1581 172 1638 228 II.
1678 175 1852 235 Emsr.
1899 181 2032 240 vm.

2181 180 2278 251 787

401 274 642 332 Praemia
666 291 895 351 quanta,
937 275 1069 331 Dei!
1113 292 1214 330 nec
1241 291 1329 329 me
1357 285 1504 326 tenet
1531 273 1715 327 ultima
1744 277 1926 332 tellus:

483 350 668 424 thue
693 353 868 423 priuS,
909 350 1087 404 media
1109 349 1283 419 sospes
1311 347 1366 401 in
1390 343 1538 399 Urbe
1567 363 1767 400 moror.

406 421 695 478 Caesareos
724 423 885 478 video
914 424 1118 485 vultuS,
1153 422 1297 475 velut
1321 432 1444 473 ante
1470 417 1742 473 videbam:

474 495 586 552 Vix
608 498 759 567 hujus
783 495 894 549 voti
922 494 1035 566 spes
1059 494 1160 548 fuit
1183 494 1285 548 ulla
1310 492 1456 547 mihi.

272 586 334 636 15
410 566 595 641 thue
619 568 929 630 salutabam,
967 583 1166 622 numen
1190 566 1419 621 coeleste
1443 565 1623 618 saluto.

482 643 650 713 Quod
676 641 862 695 reduci
886 639 1112 702 tribuas,
1154 641 1227 693 nil
1256 638 1454 709 (puto)
1493 636 1655 707 majus
1680 635 1854 693 habeS.

406 713 555 785 Quid
580 713 766 769 nostris
793 713 990 776 oculiS,
1029 712 1123 767 nifi
1147 712 1251 766 sola
1278 711 1472 765 Palatia
1499 710 1719 764 desunt?

480 786 592 860 Qui
620 788 799 850 locus,
837 785 1011 841 ablato
1036 785 1286 847 Caesare,
1326 784 1438 838 vilis
1463 783 1579 837 erit.

407 857 578 913 Hunc
607 877 711 930 ego
738 876 861 913 cum
888 857 1148 928 speciem,
1187 857 1376 912 videor
1403 855 1533 909 mihi
1558 872 1780 911 cernere
1805 855 2054 912 Romam,

263 949 334 986 20

475 932 611 986 Nam
642 930 841 1002 patriae
867 928 1058 985 faciem
1084 930 1297 985 sustinet
1322 931 1407 985 ille
1430 929 1566 983 suae.

406 1002 447 1057 F
453 1003 613 1057 allor?
652 1021 717 1058 an
744 1003 864 1058 irati
886 1002 1015 1058 mihi
1038 1003 1157 1057 sunt
1185 1003 1238 1057 in
1265 1003 1493 1075 imagine
1520 1001 1723 1065 vultus;

478 1074 775 1149 Torvaque
798 1075 975 1130 nescio
1004 1076 1138 1150 quid
1163 1076 1335 1131 forma
1361 1077 1608 1130 minantis
1635 1076 1824 1132 habet?

409 1147 605 1213 Parce,
643 1150 722 1203 vir
749 1149 1008 1204 immenso
1033 1149 1200 1217 maior
1226 1149 1508 1204 virtutibus
1536 1148 1694 1213 orbe,

477 1220 729 1295 justaque
768 1221 1031 1277 vindiciae
1055 1221 1322 1295 supprime
1348 1223 1461 1277 lora
1486 1232 1622 1276 tuae.

262 1314 333 1365 25

408 1293 603 1357 Parce,
642 1311 865 1367 precor,
902 1295 1024 1350 secli
1052 1296 1214 1352 decus
1237 1295 1520 1350 indelebile
1543 1294 1739 1358 nostri;

483 1367 780 1422 Terrarum
807 1369 1087 1424 dominum
1114 1386 1275 1442 quem
1304 1369 1391 1423 sua
1419 1385 1545 1424 cura
1568 1369 1711 1422 facit.

409 1440 514 1495 Per
543 1441 742 1512 patriae
768 1458 998 1505 nomen,
1036 1459 1172 1514 quae
1198 1456 1251 1496 te
1278 1441 1373 1496 tibi
1394 1442 1567 1497 carior
1596 1441 1707 1512 ipso
1734 1440 1841 1506 est3

485 1512 588 1569 Per
612 1530 905 1585 numquam
929 1514 1114 1571 surdos
1136 1516 1192 1571 in
1217 1528 1308 1571 tua
1335 1528 1460 1571 vota
1479 1514 1658 1577 Deos;
1719 1555 1723 1558 .

119 1778 204 1813 cans
222 1773 366 1814 videtur
392 1773 578 1814 icunculas
604 1775 781 1815 indicare.
819 1775 886 1815 nifi
913 1777 951 1816 ὃ(
973 1777 1024 1816 ita
1052 1777 1164 1817 facies

115 1835 279 1864 nummo
298 1826 495 1875 insculptae
518 1828 644 1865 vocari
665 1828 811 1876 poffint.
838 1827 972 1866 Euam.

174 1874 210 1915 8.
239 1876 426 1914 Caelitibus
446 1876 548 1926 miffis
564 1878 677 1927 nostra
689 1876 758 1928 sub
778 1890 839 1916 ora
860 1877 1006 1929 tribus]
1063 1877 1162 1918 Infra

118 1924 158 1963 in
178 1926 247 1964 hac
273 1927 345 1976 ipsa
361 1927 466 1977 Eleg.

117 2044 152 2084 C
169 2001 313 2033 Intrata
331 1994 376 2042 esl
385 1995 518 2046 superis
537 1996 630 2047 quod
651 1994 773 2034 domus
795 2008 867 2035 una
889 1995 1013 2034 tribus.'

155 2058 288 2084 xorem.

175 2118 231 2144 11.
258 2109 447 2156 Quantum
481 2106 529 2143 ad
557 2121 611 2145 me
639 2108 766 2158 redii.]
822 2108 968 2146 Decem
992 2116 1160 2153 veteres,

116 2157 215 2204 Qvi*
230 2159 407 2207 postquam
429 2157 519 2194 vidi.
532 2159 698 2207 quinque
712 2186 721 2202 ,
736 2160 806 2208 Effe
825 2159 910 2195 liber
931 2158 1164 2202 videor.du0,

115 2207 273 2254 Qando
305 2208 352 2243 ad
372 2221 425 2244 me
453 2208 552 2245 redii.
601 2209 772 2246 Politiam'
805 2209 924 2246 codex
949 2235 961 2252 ,
998 2208 1165 2244 Praemia

117 2267 255 2306 quanta
271 2284 280 2300 ,
308 2257 401 2294 Dei!
431 2257 627 2303 eleganter.
655 2258 885 2296 Sarravianus
902 2287 910 2300 ‚
924 2260 1076 2306 Quanta
1089 2271 1161 2295 me-

117 2306 199 2396 xgdi.
232 2308 421 2346 mendose.
461 2308 521 2344 alii
548 2308 662 2346 aliter.
701 2309 846 2347 HEINS.
897 2308 1009 2347 Forte
1038 2309 1164 2358 legen-

152 2368 212 2394 um
229 2384 239 2400 ‚

168 2409 292 2457 Qum
307 2416 404 2495 lprope
418 2408 498 2458 jam
527 2408 640 2455 redii,
665 2422 725 2447 nec
754 2423 808 2448 me
837 2419 931 2448 tenet
949 2408 1078 2447 ultima
1100 2409 1164 2448 tel·

322 2473 359 2496 us
372 2469 386 2497 ?

123 2509 218 2556 Jam
242 2509 326 2547 liber
344 2509 464 2546 videor
482 2522 587 2548 unus.
615 2523 698 2548 nam
719 2510 803 2549 liber
822 2511 909 2549 redii
929 2511 1031 2551 alius.
1051 2525 1165 2563 quan-

120 2573 162 2601 ta
185 2561 276 2599 mihi
296 2560 447 2598 dederim
468 2562 541 2599 Ms.
562 2560 697 2599 Bersm.

172 2637 233 2677 13.
260 2631 359 2664 Ante
373 2626 579 2677 videbam]
608 2625 763 2665 Solebam
781 2628 927 2675 Junian.

174 2700 231 2735 17.
259 2689 359 2736 Qid
387 2687 503 2735 nostris
523 2688 626 2725 oculis
647 2687 712 2738 nisi
732 2689 807 2738 sola
835 2688 974 2738 palatia
1003 2687 1163 2740 desu72t.]

119 2739 249 2797 Duo,
275 2738 397 2789 defint.
433 2751 525 2778 unus
554 2738 713 2778 Medon.
753 2738 848 2789 defit.
881 2741 1031 2786 Scribe,
1071 2740 1167 2789 defit.

122 2790 354 2878 ‘vxigali-mihi
376 2853 444 2878 non
463 2841 588 2889 aestate
609 2854 742 2880 novum
765 2854 821 2880 nec
833 2841 963 2891 frigore
983 2841 1079 2889 defit.

126 2890 379 2990 Hiiiisirrir]
412 2946 498 2978 Erat
522 2942 662 2992 Argent
681 2944 719 2981 ac
743 2943 817 2981 duo
839 2943 912 2982 aiii.

174 3017 236 3043 20.
266 3005 548 3052 Patriaesaciem
576 3007 715 3054 sustinet
734 3007 792 3044 ille
810 3005 936 3058 [aaa]
983 3008 1168 3048 Praschius

128 3055 175 3094 de
194 3056 354 3094 Caritate
383 3057 518 3104 patriae
542 3067 623 3105 pag,
647 3057 705 3105 58.
731 3069 815 3095 cum
844 3068 951 3096 antea
980 3060 1072 3098 haec
1105 3072 1168 3099 ex-

127 3104 329 3155 plicuisset,
357 3116 396 3144 ut
416 3106 509 3144 solus
528 3109 649 3146 vicem
669 3109 782 3146 totius
804 3110 938 3157 patriae
960 3110 1170 3156 sustineret,

129 3156 216 3205 quia
241 3157 395 3204 populus
424 3159 471 3194 ita
490 3157 524 3195 se
556 3157 782 3197 suinmiserat
802 3186 812 3203 ,
850 3167 889 3196 ut
907 3161 984 3209 ejus
1004 3161 1083 3198 aera
1104 3174 1171 3210 pu-

128 3207 225 3244 blica
254 3218 319 3254 pro
350 3207 476 3255 populi
503 3207 590 3247 mstis
619 3211 850 3247 haberentur,
877 3219 916 3248 ut
945 3213 982 3249 ὅ(
1007 3212 1115 3250 Trist.
1136 3225 1171 3250 v.

132 3269 180 3294 11.
203 3262 231 3293 O
246 3256 381 3305 patriae
394 3268 451 3313 per
464 3269 494 3293 te
506 3257 783 3309 florentisimago
797 3264 810 3296 !
824 3261 956 3299 deinde
968 3262 1090 3306 addit,
1106 3263 1173 3301 nisi

134 3309 231 3359 sorte
252 3308 556 3357 ingenionffimus
573 3311 738 3351 laudator
756 3314 831 3351 hoc
852 3311 960 3360 dicit,
990 3315 1038 3365 in·
1053 3314 1175 3354 fronte

2134 1643 2263 1699 Per-

1219 1777 1374 1827 Augusti
1395 1779 1631 1828 conspicuam
1653 1778 1723 1818 effe
1746 1779 1958 1818 Romanam
1981 1780 2079 1821 illam
2098 1780 2265 1831 majesta*

1219 1836 1296 1867 tem
1319 1832 1357 1868 ὃ(
1380 1830 1505 1868 decus·

1269 1904 1333 1933 21.
1363 1900 1405 1932 In
1423 1895 1613 1946 imagine.]
1644 1896 1702 1935 Ab
1721 1895 1871 1946 imagine
1891 1897 2045 1947 Argent-

1217 1955 1332 2032 H22.
1361 1946 1540 1984 Mimantis
1584 1946 1725 1997 habet.]
1791 1948 1946 1986 Minacis
1985 1961 2079 1988 unus
2123 1951 2265 1992 Medic.

1263 2007 1367 2034 ems,

1269 2057 1332 2095 24.
1360 2047 1536 2096 supprime
1543 2048 1655 2094 frena
1674 2048 1796 2098 Μαι]
1854 2055 1944 2087 Lora
1962 2050 2069 2089 Polit.
2097 2052 2135 2090 &
2154 2053 2264 2102 quin·

1217 2109 1293 2147 que
1311 2099 1383 2136 alii.
1404 2099 1550 2136 Hizms.

1270 2158 1333 2196 25.
1363 2154 1467 2185 Parce
1488 2177 1498 2193 ,
1523 2157 1635 2196 puer,
1666 2148 1748 2196 secli
1779 2150 1878 2187 decus
1899 2151 2106 2190 admirabile
2138 2153 2261 2199 nostri.

1221 2203 1408 2235 Terrarum
1437 2198 1620 2235 dominum
1653 2213 1754 2248 quem
1784 2212 1846 2238 tua
1870 2215 1951 2239 cura
1972 2203 2108 2253 facin]
2148 2205 2265 2243 Tibe-

1219 2250 1314 2286 rium
1336 2249 1409 2287 hoc
1430 2249 1517 2287 loco
1539 2261 1602 2298 per
1617 2258 1766 2299 puerum
1788 2254 1971 2300 accipiunt
1984 2254 2171 2302 plerique:
2200 2268 2266 2293 ne·

1219 2311 1294 2350 que
1315 2299 1388 2349 ipse
1411 2311 1591 2349 repugno.
1639 2302 1755 2348 Quod
1784 2311 1909 2340 tamen
1940 2304 1964 2341 si
1988 2316 2071 2341 vere
2091 2305 2155 2349 sit,
2180 2318 2265 2354 pue-

1221 2364 1301 2387 rum
1331 2351 1552 2399 accipiamus
1576 2349 1718 2389 necesse
1752 2352 1824 2397 est,
1855 2365 1931 2391 non
1967 2355 2092 2391 aetatis
2122 2359 2265 2396 ratione

1220 2400 1360 2439 dicium
1375 2430 1385 2445 ,
1413 2410 1452 2438 ut
1472 2402 1536 2451 qui
1551 2402 1629 2450 jam
1649 2413 1764 2450 prope
1796 2405 2130 2453 quinquagenarius
2153 2405 2263 2453 ess'et,

1219 2463 1335 2502 quum
1361 2451 1521 2490 Ovidius
1540 2451 1780 2500 relegaretur,
1809 2454 1868 2491 sed
1893 2455 1952 2492 vel
1981 2463 2129 2503 propter
2148 2457 2266 2505 pietu-

1220 2514 1280 2540 rae
1303 2503 1458 2551 speciem
1477 2516 1486 2540 ι
1516 2503 1686 2551 velquod
1700 2504 1940 2551 probabilius,
1954 2515 2145 2553 propterea
2162 2508 2266 2556 quod

1220 2565 1338 2602 nuper
1357 2553 1451 2591 adeo
1470 2553 1548 2602 post
1577 2562 1736 2591 mortem
1766 2555 1811 2590 L.
1831 2556 1869 2591 δε
1894 2556 1937 2593 C.
1959 2556 2152 2595 Caesarum
2173 2559 2267 2596 scili·

1222 2613 1310 2649 cet,
1346 2604 1384 2641 in
1406 2602 1469 2641 filii
1488 2604 1614 2641 locum
1646 2604 1689 2641 ab
1717 2605 1882 2652 Augusto
1913 2605 2105 2655 adoptatus
2135 2608 2266 2648 fuisset.

1222 2656 1277 2692 Ut
1296 2666 1440 2702 puerum
1461 2655 1684 2703 accipiamus
1707 2683 1716 2699 ,
1752 2655 1847 2705 quasi
1869 2655 1982 2694 filium
2003 2658 2147 2696 alterius
2171 2659 2265 2697 Cae-

1221 2706 1326 2750 saris,
1353 2706 1428 2743 hoc
1457 2705 1529 2749 est,
1560 2705 1735 2754 Augusti,
1764 2706 1998 2754 appellatum.
2051 2708 2168 2757 Quod
2199 2721 2265 2748 au·

1221 2765 1296 2795 tem
1321 2756 1366 2794 de
1389 2756 1547 2794 Tiberio
1565 2757 1705 2804 potius,
1733 2769 1844 2806 quam
1866 2757 1911 2795 de
1932 2758 2182 2804 Germanico,
2205 2762 2264 2800 cui

1222 2809 1324 2855 pueri
1346 2807 1540 2856 appellatio
1562 2807 1956 2856 magisconvcniebat,
1985 2809 2264 2859 intelligendum

1223 2858 1286 2895 hic
1306 2867 1498 2906 putamu8‚
1527 2857 1616 2895 illud
1636 2859 1671 2895 in
1693 2859 1794 2896 causa
1817 2858 1887 2903 est,
1915 2859 2017 2908 quod
2036 2860 2133 2899 idem
2157 2862 2267 2908 infra,

1223 2907 1243 2945 a
1268 2908 1445 2952 Caesare,
1473 2919 1586 2957 quem
1610 2908 1815 2957 Augustum
1835 2911 1956 2957 priore
1988 2911 2079 2948 loco
2097 2912 2266 2961 intelligit

1223 2959 1365 3002 Poeta,
1393 2961 1583 3007 proximus
1606 2958 1736 2997 Caesar
1757 2960 1902 2997 dicitur.
1939 2962 2041 3009 quod
2069 2961 2265 3001 Germani-

1225 3021 1271 3047 co
1292 3019 1373 3047 tum
1395 3009 1525 3054 tribui,
1553 3011 1702 3047 vivente
1721 3010 1840 3048 adhuc
1866 3011 2049 3056 Tiberio,
2077 3013 2140 3061 qui
2162 3015 2198 3050 &
2222 3014 2265 3051 ab

1225 3060 1392 3109 Augusto
1414 3060 1605 3109 adoptatus
1619 3087 1628 3104 ,
1658 3061 1695 3098 δε
1715 3060 1734 3098 a
1757 3062 1881 3099 senatu
1903 3073 1994 3100 mox
2014 3062 2128 3101 veluti
2149 3063 2264 3100 socius

1225 3110 1496 3149 administrandi
1524 3112 1666 3159 imperii
1687 3113 1806 3149 eidem
1829 3112 1970 3151 additus
1991 3114 2080 3157 fuit,
2101 3125 2176 3151 non
2197 3124 2263 3158 po-

1228 3163 1310 3200 tuit.
1345 3161 1439 3200 Illud
1469 3169 1595 3199 tamen
1624 3173 1701 3199 non
1732 3164 1920 3200 immerito
1949 3162 2076 3212 aliquis
2110 3163 2263 3209 putarit,

1228 3213 1394 3262 Elegiam
1415 3214 1509 3250 hanc
1539 3212 1737 3259 posteriore
1759 3214 1845 3251 loco
1877 3214 2091 3250 collocatam
2113 3238 2122 3254 ,
2151 3222 2263 3258 quam

1229 3264 1395 3311 scriptam
1410 3261 1490 3300 effe.
1518 3263 1615 3300 Nam
1630 3265 1720 3300 haec
1732 3265 1882 3314 quidem
1896 3265 2038 3311 scripta,
2067 3269 2264 3308 antequam

1230 3314 1407 3364 Tiberius
1433 3314 1478 3354 de
1504 3315 1655 3365 illyricis
1681 3312 1930 3365 triumpliaffet
1949 3340 1961 3358 ,
1989 3311 2152 3350 videtur:
2183 3322 2266 3357 pro-

2149 3370 2272 3406 pterea
