2495 3675
489 189 542 248 Ρ
609 186 664 242 A
736 186 774 242 S
847 184 912 241 T
977 183 1032 240 O
1103 180 1161 237 R
1234 178 1736 270 U.M.‚„L1³·
1810 190 1919 246 IIL.

2142 191 2245 262 189-

541 376 816 438 Phoebus,
851 372 909 426 &
932 367 1079 423 alatis
1104 367 1319 421 aethera
1343 368 1513 440 carpit
1540 371 1721 443 equis;

239 324 339 377 415
380 308 622 443 Sextus
646 303 737 358 ubi
768 301 992 357 Oceano
1016 294 1275 350 clivosum
1302 268 1514 348 scandit
1533 296 1828 371 Olympum

381 450 636 524 Quisquis
659 447 781 502 ades
793 483 816 508 ‚.
843 457 1113 513 canaeque
1139 441 1270 494 colis
1292 441 1581 512 penetralia
1608 442 1798 500 Vestae
1814 466 1835 507 ς

455 523 676 578 Cratera
701 515 864 571 Iliacis
887 527 1114 585 turaque
1139 529 1280 583 pone
1306 512 1460 568 focis.

382 593 614 652 Caesaris
638 586 958 650 innumeris,
995 601 1158 657 quem
1183 585 1366 639 maluit
1393 586 1480 641 ille
1505 589 1727 653 mereri,

241 687 342 739 420

450 661 686 721 Acceffit
710 659 875 715 titulis
895 658 1222 714 Pontifiealis
1246 657 1432 712 honos

379 737 588 812 Ignibus
611 733 837 789 aeternis
863 732 1064 787 aeterni
1089 730 1307 785 numina
1336 732 1583 801 praesunt

446 807 696 863 Caesaris.
736 805 944 874 imperii
967 805 1190 877 pignora
1216 802 1389 872 juneta
1415 805 1579 859 vides,

370 881 459 937 De
481 880 676 936 veteris
699 876 902 947 Trojae
927 876 1228 948 dignissima
1253 876 1447 947 praeda
1474 876 1679 942 favilla‚

444 953 569 1027 Qua
596 951 769 1026 gravis
792 954 1004 1007 Aeneas
1029 962 1174 1005 tutus
1196 947 1260 1003 ab
1285 948 1433 1004 hoste
1459 949 1602 1013 fuit3.

81 1171 128 1210 ilc
147 1169 183 1209 8<
204 1168 263 1209 alii
279 1167 396 1218 saepe.
421 1166 482 1206 sed
505 1167 544 1205 &
575 1165 723 1216 alipedes
741 1165 895 1206 eosdem
916 1177 1033 1217 equos
1055 1165 1120 1205 ali-

83 1223 119 1261 bi
140 1228 247 1260 vocat
263 1222 300 1258 in
326 1219 579 1267 Metamorph.
601 1218 749 1256 Hnms.

133 1282 215 1318 417.
242 1270 428 1321 Castaeque
447 1269 526 1306 colis
540 1268 731 1318 penetralia
755 1268 906 1319 Vestae.]
935 1273 1122 1318 Canaeque

81 1322 219 1361 Zulich.
249 1322 287 1360 δε
322 1321 344 1360 a
375 1333 489 1360 manu
514 1320 632 1368 prima
653 1320 791 1358 Mazar.
809 1320 916 1360 bene.
935 1319 1064 1369 Virgil.
1087 1332 1121 1359 v,

78 1382 101 1421 7
152 1392 160 1412 “.

32 1427 35 1429 ’
102 1384 418 1489 4i22rgameumque
438 1437 548 1475 larem
570 1439 614 1477 ὼ
631 1448 738 1474 canae
749 1435 943 1488 penetralia
964 1434 1075 1482 Vestae

132 1496 243 1528 Farre
262 1491 316 1540 pio
334 1500 377 1530 ω’
391 1488 492 1539 plena
508 1487 643 1538 supplex
662 1497 851 1525 veneratur
867 1498 998 1525 acerra.

73 1554 135 1594 lib.
157 1567 211 1594 1x.
229 1568 315 1605 259.

124 1624 355 1723 Affirmqus
376 1623 487 1662 larem
504 1632 547 1663 <9¹
565 1633 672 1660 canae
685 1619 880 1671 penetralia
901 1618 1012 1668 Vestae

126 1682 156 1711 Ο
180 1686 211 1712 te
239 1689 287 1712 or.

77 1739 116 1777 ὅ(
141 1739 202 1778 lib.
221 1753 254 1778 ι.
271 1750 356 1787 ι9ι.

123 1809 227 1842 Cana
248 1809 346 1843 Ceres
365 1814 408 1845 (φ’
430 1803 536 1851 Vestas

74 1871 233 1912 Martial.
251 1872 357 1912 lib..1.
377 1882 437 1920 71.

123 1962 186 1971 -
210 1963 272 1972 —
297 1940 455 1979 vicinum
476 1940 618 1988 Castora
637 1951 740 1977 canae

124 1989 296 2041 Transibis
318 1991 449 2040 Vestae,
476 1992 738 2041 virgineamque
758 1989 915 2028 domum.

65 2052 226 2141 {aegitur
249 2055 400 2106 quidem
438 2055 535 2106 apud
569 2054 801 2103 Propertium
829 2051 892 2090 lib.
921 2061 969 2089 11.
1005 2048 1108 2099 Eleg.

94 2115 197 2144 xxrx.

119 2168 197 2207 Ibat
217 2179 260 2212 (θ’
280 2171 360 2210 hinc
377 2171 484 2220 castae
503 2181 691 2209 narratum
703 2167 845 2218 somnia
865 2165 985 2211 Veslae.

63 2231 124 2272 sed
145 2234 377 2272 controversa
405 2233 454 2272 est
476 2245 519 2272 ea
539 2234 720 2282 scriptura.
748 2243 832 2269 cum
855 2230 892 2268 in
913 2229 987 2266 aliis
1009 2228 1105 2266 libris

63 2283 137 2329 fit,
158 2285 195 2322 in
215 2284 420 2332 castavesle.
455 2285 559 2333 quod
584 2283 793 2322 Pafferatius
823 2289 956 2319 tuetur.
1008 2280 1104 2318 Puto

62 2347 162 2372 carae
181 2335 290 2372 matri
305 2335 502 2384 legendum
519 2363 528 2380 ,
556 2335 639 2380 v-el,
667 2335 814 2371 incanae
835 2331 953 2369 matri.
975 2340 1012 2368 ut
1025 2330 1104 2379 plu-

59 2385 155 2423 ribus
172 2385 218 2423 ad
237 2386 351 2434 ipsum
372 2387 602 2434 Propertium
634 2383 841 2422 afferemus.
877 2382 1022 2419 interim
1048 2382 1125 2418 vi·-

62 2434 109 2472 de
131 2435 176 2471 de
204 2435 374 2472 fimilibus
405 2436 445 2472 in
475 2436 665 2483 Propertio
692 2435 818 2472 naevis
847 2443 942 2480 quae
973 2433 1101 2469 notavi

61 2483 164 2531 supra
184 2483 246 2522 lib.
265 2496 293 2521 1.
314 2484 371 2526 ybs.
388 2484 474 2530 287.
500 2483 548 2521 fic
570 2487 608 2521 &
637 2489 741 2519 Cana
761 2482 882 2528 Tethys
902 2482 1020 2527 poetis
1043 2481 1098 2518 di-

60 2532 116 2571 &a
130 2561 140 2578 ,
166 2533 364 2583 quomodo
381 2538 483 2571 Cana
505 2533 599 2583 Vesta
615 2533 690 2571 hoc
709 2533 810 2572 loco.
839 2531 978 2569 Hem-s.
1005 2534 1098 2575 Gra-,-

57 2593 180 2634 raeque
198 2583 369 2622 Ambros.

107 2648 192 2695 418.
219 2653 391 2693 Gratare,
418 2647 533 2686 Iliacis
554 2647 726 2697 thuraque
751 2655 833 2697 pone
847 2645 972 2696 fhcis.]
1003 2652 1095 2685 Cra—

54 2708 129 2738 tera
149 2700 294 2748 optime
315 2699 438 2736 Urfini
460 2727 471 2743 ,
505 2698 647 2737 Zulich.
667 2702 706 2737 ὅ(
734 2699 834 2737 Maz.
856 2696 1026 2743 codices,
1053 2703 1095 2736 ut

53 2752 94 2789 in
114 2749 177 2789 illo
197 2749 365 2798 Virgilii,
387 2749 493 2787 v.68.

103 2817 336 2861 craterasque
354 2811 436 2850 duos
446 2811 605 2860 statuam
624 2810 839 2861 tibi-pinguis
857 2810 956 2848 olivi.

51 2888 139 2966 iggm
165 2878 203 2916 ὅ(
223 2885 375 2916 crateres
393 2874 571 2915 sacrificiis
593 2874 948 2922 adhibiti.Juvenalis
967 2873 1036 2912 Sat.
1047 2886 1096 2913 Π.

101 2994 222 3040 Atque
242 2994 374 3027 Bonam
395 2998 530 3026 tenerae
543 2988 685 3038 placant
700 2986 882 3026 abdomine
897 2995 1039 3036 porcae,

100 3045 147 3077 Et
166 3052 289 3090 magno
305 3049 432 3077 cratere
449 3044 574 3076 Deam.

48 3099 96 3137 de
114 3111 245 3138 eorum
265 3101 303 3138 in
323 3100 424 3138 sacris
455 3100 519 3138 usu
543 3099 797 3138 Eratosthenes
818 3101 928 3139 etiam
949 3102 1087 3139 nonni-

47 3149 98 3187 hil
116 3151 211 3198 apud
239 3151 474 3188 Macrobium
506 3150 681 3189 saturnal.
700 3163 737 3188 v.
776 3163 855 3199 cap.
885 3164 943 3190 21.
973 3151 1019 3189 fic
1046 3153 1085 3189 δε

42 3208 177 3247 paterae
207 3200 308 3238 sacris
335 3201 525 3240 adhibitae.
555 3203 617 3239 has
648 3213 732 3239 cum
765 3213 886 3240 acerra
916 3202 1079 3242 fimiliter

45 3250 234 3298 conjungit
254 3251 291 3287 in
310 3251 542 3301 Robigalibus
562 3251 652 3290 Fast.
672 3264 726 3290 xv.
746 3264 834 3301 934.

98 3319 258 3367 Cumque
276 3317 360 3367 meri
374 3318 499 3368 paterii
516 3319 631 3378 thuris
646 3332 763 3360 acerra
773 3319 864 3371 fuit.v

1177 1164 1218 1204 &
1237 1164 1337 1214 apud
1355 1163 1562 1204 Horatium
1581 1162 1644 1203 lib.
1665 1176 1692 1203 1.
1713 1164 1789 1204 Od.
1811 1177 1874 1204 xx.

1230 1227 1397 1265 verbenas
1412 1229 1518 1278 puri,
1541 1228 1678 1277 ponite,
1707 1227 1883 1279 thuraque

1278 1279 1373 1317 Bimi
1381 1292 1458 1316 cum
1473 1287 1596 1328 patera
1615 1279 1713 1318 meri.
1770 1320 1772 1323 ,

1176 1343 1322 1383 Herus.
1350 1350 1496 1382 Laetare
1511 1357 1618 1383 unus.
1645 1349 1819 1383 Gratatae
1838 1344 1946 1383 alius.
1968 1342 2102 1382 deinde
2122 1342 2223 1391 Itali-2

1175 1394 1221 1431 cis
1242 1395 1333 1434 duo.
1356 1395 1514 1445 donaque
1526 1405 1612 1445 pone
1635 1395 1810 1435 totidem.

1225 1472 1309 1509 419.
1338 1462 1434 1509 Qos
1449 1460 1581 1500 maluit
1600 1461 1660 1500 ille
1674 1461 1834 1512 mereri.]
1864 1462 1979 1511 Qem
1995 1460 2132 1498 Mazar.
2143 1459 2221 1497 Zu-·⁴

1172 1509 1258 1549 lich.
1278 1512 1317 1550 δε
1337 1512 1475 1551 Strozz.
1492 1512 1599 1552 bene.
1616 1525 1730 1564 quem
1757 1514 1942 1551 honorem
1964 1510 2220 1550 Pontificalem

1173 1562 1304 1601 maluit
1322 1565 1456 1602 mereri
1481 1562 1596 1613 quam
1616 1565 1706 1602 alios
1727 1565 1943 1602 innumeros
1965 1562 2101 1602 titulos.
2128 1573 2220 1600 mox

1172 1612 1276 1651 honos
1293 1615 1487 1660 meliores,
1514 1626 1581 1664 pro
1601 1614 1718 1654 honor.
1745 1615 1889 1654 Herus.

1223 1690 1307 1725 420.
1335 1678 1550 1728 Pontificalis
1569 1677 1716 1729 honor-‘j
1745 1678 1867 1727 Hujus
1879 1676 2052 1726 exemplo
2068 1704 2077 1720 ‚
2104 1676 2218 1716 secuti

1173 1728 1343 1769 Caesares
1364 1742 1497 1769 munus
1517 1730 1555 1768 id
1576 1730 1714 1769 sacrum
1737 1741 1815 1767 non
1837 1728 2032 1776 neglexere
2057 1727 2102 1765 ad
2125 1728 2219 1765 Gra-

1170 1779 1313 1818 tianum
1325 1792 1463 1829 usque:
1484 1782 1547 1831 qui
1559 1782 1698 1830 primus
1708 1792 1753 1819 ex
1774 1780 1815 1818 iis
1825 1778 1944 1817 fauete
1963 1778 2096 1826 respuit
2115 1777 2216 1816 hunc

1171 1841 1332 1870 morem.
1367 1831 1545 1870 Zozimus
1576 1832 1636 1870 lib.
1652 1843 1709 1871 ιν.
1735 1829 1847 1869 Simul
1870 1829 1964 1867 enim
1994 1829 2215 1877 atquefum-

1170 1893 1270 1919 mum
1297 1883 1484 1933 Imperium
1511 1882 1656 1932 quisque
1684 1881 1867 1932 accipiebat
1887 1908 1899 1925 ,
1933 1879 2082 1917 amiotus
2104 1879 2134 1916 ei
2153 1881 2214 1926 sa-

1169 1932 1350 1970 cerdotalis
1379 1933 1416 1971 ιὶ»
1445 1932 1668 1982 Pontificibus
1696 1931 1899 1982 offerebatur
1922 1959 1933 1976 ,
1979 1941 2023 1971 <9¹
2052 1930 2213 1967 continuo

1167 1983 1346 2029 Pontificis
1365 1985 1523 2022 Maximi
1545 1984 1692 2022 titulum
1717 1981 1927 2033 usurpabat:
1955 1992 1998 2021 ω’
2019 1982 2118 2018 ceteri
2135 1981 2214 2031 qui-

1167 2032 1247 2070 dem
1281 2035 1453 2084 Principes
1489 2033 1644 2084 universi
1687 2032 1925 2081 lubentiffimis
1959 2031 2088 2069 animis
2119 2031 2212 2070 hunc

1164 2082 1325 2123 honorem
1341 2086 1491 2137 accepisse
1511 2097 1555 2125 (ν’
1572 2086 1633 2122 hoc
1651 2084 1702 2134 ufi
1722 2084 1826 2122 titulo
1845 2083 2014 2120 videntur
2024 2097 2036 2126 ;
2062 2083 2210 2131 adeoque

1163 2136 1414 2182 Constantinus
1443 2137 1550 2174 etiam
1575 2136 1704 2186 potitus
1729 2135 1893 2184 Imperio,
1921 2133 1998 2172 licet
2024 2134 2052 2170 is
2070 2132 2096 2169 ιὶ
2113 2132 2210 2169 rebla

1153 2186 1323 2234 sacris‘in
1340 2187 1438 2225 rebus
1456 2187 1521 2225 vid
1543 2186 1718 2237 deflexerit
1743 2186 1851 2234 (tace
1873 2184 2012 2234 impie)
2040 2194 2084 2223 (φ’
2097 2183 2209 2230 fidem

1161 2237 1439 2284 Christianorum
1461 2238 1640 2287 amplexus
1659 2237 1754 2288 effet,
1779 2237 1929 2285 itemque
1945 2233 2013 2285 post
2032 2234 2135 2271 illum
2156 2248 2208 2271 re-

1161 2287 1248 2338 liqui
1279 2289 1397 2327 ordine
1419 2289 1552 2338 fi’cuti,
1590 2300 1634 2329 <9⁶
1655 2287 1922 2326 Valentinianus
1947 2297 2052 2336 atque
2074 2285 2206 2323 Valens.

1160 2344 1253 2375 Cum
1272 2353 1344 2389 ergo
1366 2340 1564 2388 Pontifices,
1592 2353 1633 2377 ex
1653 2353 1765 2383 more,
1794 2338 1965 2374 Gratiano
1985 2336 2091 2372 talem
2112 2335 2204 2372 ami-

1157 2392 1252 2427 <filum
1271 2390 1484 2439 attulissent,
1513 2392 1696 2439 aversatus
1716 2389 1759 2435 est
1778 2389 1815 2425 id
1834 2388 1924 2438 quod
1939 2386 2123 2436 petebant,
2143 2399 2204 2441 ra·o

1156 2450 1235 2484 tus,
1262 2454 1329 2480 non
1351 2443 1481 2491 effesas
1498 2440 1690 2479 illiusmodi
1715 2438 1840 2476 habitu
1867 2437 2106 2484 Christianum
2135 2445 2206 2473 uti,

1155 2491 1348 2532 Naupor..

1204 2570 1288 2603 422.
1316 2559 1456 2602 Janft'u
1478 2557 1615 2603 videa]
1656 2558 1785 2602 scripti
1806 2554 2018 2590 vetustiores
2038 2565 2172 2590 omnes
2185 2553 2210 2597 {-

1154 2607 1275 2653 videt,
1303 2615 1364 2645 aut
1377 2605 1510 2643 vident.
1539 2617 1608 2648 an,
1635 2604 1769 2642 viden?
1797 2604 1940 2640 Hiatus.
1984 2602 2076 2648 Vesta
2098 2603 2215 2640 videt:

1151 2657 1456 2707 Gottorph.dina
1475 2655 1571 2693 videt
1591 2655 1728 2692 Medic.
1746 2653 1894 2702 imperiis
1905 2653 2017 2690 etiam
2031 2653 2206 2693 Voffian..

1151 2708 1189 2745 δε
1211 2708 1270 2745 sex
1290 2708 1360 2748 alii.
1381 2706 1536 2745 culmina
1556 2706 1684 2756 junna
1705 2706 1816 2744 etiam
1851 2704 1988 2742 Sarrav.
2006 2715 2073 2752 pro
2094 2705 2199 2743 varia

1147 2757 1322 2798 leetione.

1203 2838 1288 2876 423.
1314 2827 1368 2865 DZ
1390 2828 1516 2866 veteris
1528 2828 1649 2875 Trojae
1670 2823 1866 2874 dignifflma
1881 2823 2013 2874 praeda
2023 2822 2203 2872 ferenti]

1146 2878 1270 2917 Urfin.
1290 2879 1451 2928 Nauger.
1480 2881 1658 2927 Excerpta
1679 2877 1787 2914 Polit.

1197 2943 1251 2975 De
1270 2939 1396 2975 veteris
1418 2939 1536 2987 Trojae
1556 2935 1747 2986 digniffima
1764 2935 1894 2986 praeda
1903 2934 2058 2983 favilla.

1147 3003 1305 3051 optime.
1323 3014 1400 3040 non
1426 3003 1528 3040 enim
1554 3002 1600 3039 de
1626 3002 1696 3040 Dis
1715 3001 1887 3040 omnibus
1915 2999 1936 3037 ὲ
1955 2998 2075 3049 Troja
2093 3000 2202 3040 abia}

1143 3054 1211 3097 tis,
1239 3052 1298 3090 sed
1323 3053 1367 3090 de
1389 3065 1459 3091 una
1478 3051 1587 3090 Vesta
1614 3064 1713 3091 nunc
1737 3054 1866 3101 agitur.
1920 3052 2061 3100 Argute
2078 3052 2185 3100 igitur

1142 3105 1269 3151 ignem
1301 3104 1485 3142 Vestalem
1518 3113 1629 3141 vocat
1657 3103 1827 3152 praedam
1854 3101 1873 3138 ὲ
1898 3103 2020 3140 favilla
2046 3102 2187 3150 Trojae

1141 3155 1308 3193 ablatam.
1359 3154 1420 3192 Sic
1450 3156 1487 3192 ὅ(
1514 3155 1707 3202 Propertio
1735 3155 1796 3192 lib.
1815 3165 1868 3190 tv.
1888 3153 2062 3201 Eleg.1v.
2093 3151 2186 3198 Vesta

1142 3205 1266 3242 Iliacae
1293 3205 1384 3253 felix
1413 3206 1523 3242 tutela
1546 3204 1698 3251 favillae
1725 3204 1868 3242 dicitur.
1905 3215 2016 3252 quare
2049 3203 2088 3239 δε
2117 3212 2184 3248 pro

1137 3256 1299 3294 Numina
1320 3268 1412 3294 mox
1440 3255 1592 3293 Lumina
1620 3256 1716 3294 forte
1748 3254 1878 3293 rectius
1900 3254 2007 3300 legas.
2036 3251 2197 3296 Hzms,.

1195 3332 1279 3369 424·
1308 3322 1392 3370 §lua
1408 3320 1563 3370 gravia]
1593 3322 1677 3371 {Qua
1693 3320 1770 3369 pius
1788 3317 1891 3357 Voss.
1909 3317 2029 3355 &duo
2043 3315 2113 3350 alii.
2190 3365 2197 3369 ἡ

1334 3371 1405 3409 Aa
1434 3382 1453 3422 3
1956 3365 2037 3411 426.
2065 3367 2215 3412 Cognost-
