2495 3675
785 197 1347 257 P.0V1D11

275 216 380 269 30²

1421 198 1952 264 NASONIS

576 313 688 389 Qui
718 315 855 387 petis
881 315 1167 380 auxilium,
1203 334 1314 372 non
1339 315 1560 387 grandia
1587 314 1770 371 divide
1797 334 2010 375 mecum

647 388 917 453 Praemia,
956 390 1026 443 de
1052 389 1268 445 lacubus
1291 389 1538 461 proxima
1563 387 1730 444 musta
1754 391 1873 444 tuis,

575 462 735 518 Nulla
759 480 910 516 mora
934 460 1010 515 est
1037 478 1248 533 operae.
1286 460 1518 517 vestrum
1547 462 1709 525 dare;
1750 464 1967 519 vincere
1995 464 2231 525 nostrum
2255 469 2343 526 est,

427 536 537 606 -890
649 535 828 609 Quam
853 533 980 588 velit
1007 532 1209 590 AEneas
1235 535 1330 589 ista
1353 548 1543 608 negata
1567 535 1724 590 mihil

576 609 899 663 Adnuerant
926 605 1132 662 Rutuli.
1172 607 1482 663 Mezentius
1509 609 1685 663 induit
1708 628 1880 667 arma:

654 679 831 734 Induit
855 676 1089 742 AEneas;
1128 680 1544 754 adloquiturque
1563 681 1773 753 Jovem.

583 751 812 807 Hostica
836 751 1132 824 Tyrrheno
1157 769 1283 809 vcta
1309 753 1385 808 est
1407 754 1678 809 vindemia
1708 755 1886 828 Regi3

646 825 921 897 juppiter,
960 825 992 879 ὲ
1016 825 1179 882 Latio
1201 826 1419 900 palmite
1445 826 1612 881 musta
1636 828 1788 883 feras.

430 899 538 966 v895
578 896 727 954 Vota
752 899 927 954 valent
952 900 1205 955 meliora:
1245 899 1389 954 cadit
1417 899 1724 956 Mezentius
1752 903 1964 974 ingen3‚

656 973 842 1045 Atque
869 971 1171 1043 indignanti
1196 973 1413 1046 pecotore
1436 974 1635 1047 plangit
1665 974 1905 1032 humum.

578 1043 821 1101 Venerat
847 1046 1156 1101 Autumnus
1178 1086 1193 1110 ‚
1218 1048 1429 1102 calcatis
1452 1047 1695 1102 sordidus
1720 1049 1859 1104 uvis:

653 1116 986 1173 Redduntur
1014 1120 1211 1176 merito
1239 1120 1420 1176 debita
1443 1121 1562 1175 vina
1579 1118 1718 1191 Jovi.

343 1331 429 1379 885.
456 1336 534 1368 stat
555 1328 646 1367 mihi
668 1342 736 1367 non
751 1328 898 1380 parvm]
935 1328 1042 1369 Idem
1071 1329 1170 1381 apud
1190 1331 1347 1381 Proper-

291 1382 386 1421 tium
405 1380 466 1419 lib.
489 1394 551 1421 111.
578 1394 704 1431 magno
720 1381 824 1427 stare.

343 1446 499 1484 Atridae
515 1459 640 1496 magno
660 1459 738 1485 cum
756 1446 850 1494 stetit
869 1446 960 1485 alter
979 1460 1090 1487 amor.

292 1499 473 1537 Nmor.

343 1565 434 1613 885.
459 1565 611 1602 Vulnera
631 1563 768 1613 testam]
799 1564 903 1609 Testes
931 1563 952 1602 a
973 1577 1086 1604 manu
1108 1567 1227 1615 prima
1248 1569 1346 1617 opti—

293 1628 377 1655 mus
395 1617 666 1654 Mazarinianus
687 1616 725 1654 ὅτ,
745 1624 815 1653 tres
826 1615 895 1653 alii.
907 1616 1109 1665 elegantius
1132 1619 1270 1667 utique.
1298 1619 1348 1658 fic

291 1668 352 1706 lib.
376 1677 466 1705 xm.
486 1668 581 1705 Met.
602 1668 687 1704 262.

515 1730 606 1778 sunt
626 1740 670 1770 ω’
691 1727 782 1767 mihi
800 1728 952 1766 vulnera
975 1729 1068 1776 restes
1081 1746 1092 1767 .-

294 1800 336 1832 ut
353 1792 430 1832 duo
448 1791 580 1830 vetusti
606 1791 754 1830 codices
781 1791 856 1829 illic
888 1792 1076 1831 exhibent.
1103 1793 1143 1832 &
1179 1806 1233 1832 v1.
1261 1793 1350 1833 Fast.

296 1845 381 1893 765.
409 1843 556 1882 Curtius
573 1842 634 1881 lib.
651 1854 706 1880 1v.
734 1848 807 1879 Nec
826 1842 926 1880 duces
941 1843 1082 1891 quidem
1103 1844 1276 1893 copiarum
1278 1847 1350 1894 fita

296 1894 400 1932 laude
412 1893 618 1941 fraudandi
627 1895 725 1942 sunt.
752 1893 869 1944 quippe
896 1894 1070 1938 vulnera,
1099 1909 1187 1946 quae
1207 1896 1351 1948 quisque

294 1945 443 1996 excipit,
470 1944 619 1982 virtutis
639 1943 771 1981 indicia
787 1947 886 1990 sunt.
913 1945 1011 1994 apud
1024 1945 1246 1996 Virgilium:

529 2021 591 2044 vos
610 2007 714 2058 coryli
731 2007 825 2056 testes
844 2018 888 2048 <9⁵
904 2006 1059 2058 flumina
1077 2008 1249 2059 nymphis.

297 2072 338 2112 &
358 2071 456 2121 apud
475 2072 709 2121 Propertium
724 2073 786 2111 lib.
805 2086 850 2111 11.
876 2073 932 2111 El.
952 2084 1008 2111 1x.
1044 2130 1047 2133 Ι

522 2137 610 2186 sunt
630 2136 725 2175 nobis
737 2136 853 2187 sidera
871 2135 976 2183 testes.

300 2200 436 2240 Horat.
468 2213 521 2239 ιν.
553 2200 630 2239 Od.
659 2213 697 2248 4.
725 2201 826 2248 Testis
838 2207 1056 2240 Metaurum.
1067 2202 1155 2241 Stat.
1166 2215 1214 2242 11.
1232 2203 1355 2244 Achil.

304 2263 388 2301 344.
413 2251 520 2299 Testes
540 2265 633 2289 arae.
661 2254 744 2299 Juv.
765 2264 854 2290 vm.
873 2264 954 2301 149.
973 2254 1092 2291 Sidera
1111 2254 1214 2302 uestes.
1240 2263 1352 2306 atque

302 2304 352 2342 ita
380 2303 505 2351 paffim
529 2310 684 2341 veteres.
708 2304 857 2342 Hiems.

352 2353 438 2391 888.
466 2359 520 2390 De
538 2352 717 2405 lacubus.]
757 2354 930 2392 Producit
951 2354 1044 2393 haec
1073 2355 1271 2395 Priscianus
1289 2357 1351 2396 lib.

301 2416 394 2442 vm.
415 2415 497 2453 pag.
517 2415 600 2453 779.
629 2413 670 2443 ut
691 2405 820 2454 probet
832 2405 997 2449 lacubus,
1027 2418 1105 2443 non
1126 2406 1258 2444 lacibus
1272 2409 1350 2453 ,di-

306 2457 353 2493 Ci.
381 2455 427 2492 da
448 2453 542 2492 mihi
560 2456 672 2502 musta
694 2468 799 2493 unus.
820 2456 902 2492 meis
923 2456 1076 2494 Thuan.

360 2518 447 2568 889.
476 2517 589 2555 Nulla
623 2531 719 2554 mora
749 2518 793 2564 est
826 2520 941 2566 operi:
977 2520 1130 2566 vestrum
1159 2522 1202 2568 est
1228 2522 1350 2572 dare.]

306 2571 418 2608 Meus
437 2569 568 2613 habet,
599 2570 711 2606 Nulla
731 2583 828 2606 mora
856 2571 899 2617 est
920 2579 1035 2617 operae
1052 2599 1062 2615 ‚
1085 2571 1240 2618 vestrum
1260 2574 1357 2611 dare.

311 2622 435 2658 Neap.
470 2626 596 2669 Operae
626 2620 809 2658 meliores.
832 2621 906 2658 vid.
927 2622 1099 2659 Gronov.
1117 2622 1164 2660 ad
1183 2625 1269 2661 Liv.
1290 2636 1356 2662 111.

310 2683 369 2718 53.
398 2672 439 2718 est
458 2671 555 2709 deest
573 2671 684 2708 etiam
706 2672 871 2718 optimis.

364 2722 448 2769 891.
475 2720 728 2770 Adnuerant.]
758 2721 977 2757 Adnuerunt
993 2719 1164 2769 Scaliger.
1174 2730 1214 2760 ut
1231 2723 1297 2762 lib.
1312 2736 1358 2763 11.

313 2782 399 2819 597.
426 2772 624 2808 adveniunt
644 2782 805 2821 quatuor
823 2771 914 2809 libri.
934 2782 1174 2809 annumerant
1185 2774 1327 2812 Arund.

367 2822 451 2869 891.
479 2823 638 2873 Induit]
666 2822 796 2860 Intulit
815 2823 954 2860 Mazar.

368 2873 453 2920 893.
480 2873 650 2924 Hostum]
706 2874 796 2910 Huc
822 2874 946 2911 referri
975 2872 1094 2922 potest
1133 2873 1221 2911 illud
1251 2874 1359 2913 Plinii

314 2923 377 2961 lib.
398 2922 487 2959 hu.
508 2935 564 2961 12.
595 2930 647 2960 Μ.
661 2929 767 2960 Varro
783 2927 902 2961 auclor
920 2923 963 2971 est
979 2952 988 2967 ‚
1018 2924 1240 2962 Mezentium
1252 2930 1360 2962 Etru-

318 2974 392 3010 riae
410 2986 515 3019 regem
535 2974 712 3009 auxilium
724 2976 862 3011 Rutulis
881 2985 1000 3011 contra
1019 2976 1162 3012 Latinos
1173 2976 1283 3024 tuliffe
1301 2976 1360 3013 vi-

321 3025 357 3059 ni
374 3022 522 3059 mercede
534 3051 542 3065 ‚
572 3024 662 3070 quod
678 3035 754 3059 tum
768 3026 805 3060 in
819 3027 942 3062 Latino
958 3039 1038 3074 agro
1049 3026 1179 3075 fuiffet.
1207 3027 1361 3065 DouzA.

325 3073 441 3120 Hostia
462 3074 606 3110 Arond.
627 3073 664 3109 δε
680 3073 818 3120 septem
845 3076 914 3112 alii.

377 3124 462 3172 894.
493 3123 612 3169 Musta
623 3122 754 3171 seres.]
799 3130 901 3160 Feras
926 3125 1155 3166 petavianus.
1179 3127 1229 3166 est
1256 3128 1356 3167 enim

324 3175 507 3214 voventis.
536 3174 676 3210 Hans.
708 3174 894 3220 Vinaseres
914 3176 997 3221 Jun.

378 3226 464 3273 896.
494 3223 723 3274 indignanti]
768 3225 952 3274 Indignata
968 3235 1138 3275 quatuor.
1159 3230 1276 3279 tangit
1294 3230 1361 3268 hu-

327 3291 424 3316 mum
444 3289 495 3324 pr.
513 3276 635 3312 Vatic.
659 3277 695 3312 δί
716 3275 812 3313 Edit.
832 3289 882 3325 pr.
895 3277 1010 3324 pulsat
1031 3279 1137 3316 Bern.

379 3328 464 3378 897.
490 3326 693 3376 Sordidus.]
740 3329 910 3365 Horridus
929 3329 1071 3368 Arond.
1090 3331 1217 3369 PetaV.
1239 3332 1278 3370 δε
1298 3341 1369 3372 tres
1422 3333 1596 3383 Virgilius
1614 3334 1736 3383 primo
1757 3337 1993 3386 Georgica-n:

2288 1199 2447 1256 DitQta

1401 1330 1473 1419 ¹alii.
1484 1330 1560 1371 vid.
1575 1344 1623 1372 11.
1645 1332 1741 1371 Met.
1754 1345 1814 1373 21.
1829 1334 2018 1374 Calcandis
2035 1336 2275 1377 Vatic.unus.
2287 1337 2447 1388 sordibus

1418 1394 1476 1421 ex.

1453 1434 1540 1483 898.
1566 1433 1698 1472 Debita
1716 1435 1847 1486 vina]
1890 1443 1975 1474 Vota
1996 1438 2166 1479 Ambros.
2185 1441 2293 1481 Gott.
2314 1442 2354 1481 δί
2372 1441 2451 1481 duo

1403 1484 1473 1523 alii.
1500 1487 1638 1524 Avien.
1657 1486 1741 1525 Fab.
1761 1499 1877 1527 xxm.

1456 1550 1623 1588 Redderet
1643 1560 1686 1589 ο·
1698 1549 1798 1598 fizcro
1822 1550 1939 1588 debita
1960 1563 2046 1590 vota
2064 1553 2145 1592 loco.

1456 1612 1543 1661 899.
1569 1612 1734 1661 Juppiter
1757 1612 1821 1650 illa
1849 1614 2052 1666 vindicat]
2082 1615 2189 1654 Illam
2210 1615 2338 1655 Urfini
2353 1644 2364 1662 ,
2383 1620 2456 1667 pri-

1405 1675 1487 1702 mus
1510 1663 1774 1702 Ambrosianus
1797 1692 1808 1709 ‚
1847 1665 1986 1704 Mazar.
2007 1667 2151 1705 Zulich.
2175 1667 2312 1716 aliique
2338 1669 2460 1709 multi.

1400 1726 1538 1764 nempe
1551 1742 1561 1759 ‚
1574 1714 1688 1752 diem.
1706 1726 1822 1761 mox,
1835 1728 1923 1767 quae
1941 1717 2069 1764 restant
2082 1746 2094 1763 ‚
2119 1729 2198 1756 non
2218 1717 2457 1765 restennme·

1403 1765 1524 1804 liores.
1554 1766 1702 1802 Hems.

1455 1828 1543 1865 901.
1570 1822 1634 1854 Sex
1660 1816 1720 1852 ubi
1748 1829 1837 1865 quae
1864 1817 2025 1868 restent.]
2074 1831 2146 1857 vn.
2177 1819 2359 1858 Kalendas
2388 1832 2454 1860 ver

1407 1880 1496 1906 meo
1517 1866 1648 1906 Publio
1668 1867 1855 1915 bipartitur
1869 1896 1880 1913 ,
1908 1869 2014 1919 quod
2032 1870 2266 1910 Columellae
2293 1871 2370 1921 ipso
2393 1871 2455 1911 die

1406 1919 1575 1958 Palilium
1597 1947 1607 1964 ‚
1634 1928 1688 1957 xx.
1707 1918 1900 1958 Kalendas.
1926 1921 2052 1959 Nnan.

1459 1994 1547 2031 902.
1577 1989 1618 2020 In
1630 1982 1780 2034 media]
1808 1983 1904 2031 Jam
1921 1985 2213 2025 medifflmbros.
2224 1997 2278 2036 pr.
2300 1970 2486 2040 &quin-1³

1407 2034 1620 2135 qugoailhEt
1640 2084 1776 2132 frustra
1799 2087 1961 2137 pecudem
1983 2088 2160 2139 quaeres]
2214 2090 2360 2129 Eodem
2383 2102 2455 2129 v11.

1406 2135 1515 2174 Aries
1542 2137 1681 2175 occidit
1708 2140 1923 2187 acronycho
1945 2140 2088 2177 occasu.
2117 2142 2243 2178 Neam.

1458 2206 1546 2242 904.
1572 2197 1808 2247 Exoriturque
1828 2199 1978 2248 Canis.]
2025 2200 2123 2238 Mira
2144 2200 2183 2237 &
2203 2210 2303 2238 nova
2320 2201 2453 2242 fateor.

1408 2245 1630 2296 Numquam
1652 2248 1776 2286 audivi
1798 2247 1819 2285 31
1840 2249 1924 2286 nata
1950 2248 2184 2298 Astrologifi,
2212 2251 2290 2298 post
2314 2253 2453 2291 Arietis

1410 2297 1580 2335 occasum
1597 2324 1608 2340 ‚
1636 2298 1718 2335 imo
1750 2298 1829 2346 post
1855 2299 1973 2337 Tauri
1990 2309 2138 2343 ortum,
2168 2300 2310 2338 Canem
2333 2304 2455 2342 exori-

1408 2347 1450 2385 ri.
1477 2348 1641 2397 Quidam
1655 2347 2035 2399 mallet,exoriturque
2047 2357 2173 2400 Capra.
2203 2351 2325 2390 Sednd
2337 2353 2454 2402 quid?

1409 2397 1610 2446 sequuntur
1637 2400 1829 2449 Rubigalia
1852 2428 1864 2445 ‚
1899 2413 1994 2449 quae
2013 2402 2057 2439 ad
2078 2402 2249 2453 occasum
2272 2404 2382 2442 Canis
2397 2406 2454 2443 in·

1407 2449 1528 2486 stituta
1564 2450 1603 2487 δε
1635 2450 1824 2488 celebrata.
1874 2451 2008 2489 Plinius
2038 2452 2098 2489 lib.
2128 2465 2243 2491 xvnx.
2287 2466 2364 2503 cap.
2390 2468 2450 2503 29.
2494 2469 2495 2504 i

1409 2499 1594 2548 Rubigalia
1625 2507 1747 2538 Numa
1778 2501 1928 2549 instituit
1956 2516 2049 2538 anno
2079 2503 2173 2550 regni
2194 2504 2254 2551 fici
2282 2517 2336 2542 XI.
2365 2519 2452 2555 quae

1410 2562 1505 2586 nunc
1515 2560 1669 2598 aguntur
1686 2552 1734 2588 ad
1752 2565 1822 2590 vn.
1842 2553 2021 2589 Kalendas
2041 2555 2158 2603 Maji;
2189 2556 2355 2605 quoniam
2368 2568 2451 2593 tunc

1402 2600 1480 2646 sere
1489 2601 1615 2649 segetes
1634 2602 1750 2651 rubigo
1768 2613 1916 2652 occupat.
1970 2610 2039 2640 Hoc
2064 2614 2195 2655 tempus
2215 2612 2319 2641 Varro
2339 2606 2453 2643 deter-

1414 2650 1532 2686 minat
1551 2652 1623 2687 Sole
1653 2654 1762 2690 Tauri
1783 2664 1920 2702 partem
1947 2654 2118 2692 decimam
2148 2654 2340 2698 obtinente,
2359 2656 2452 2703 ficut

1414 2709 1500 2736 tunc
1519 2701 1658 2746 ferebat
1685 2705 1798 2741 ratio:
1817 2705 1880 2753 sed
1909 2718 1995 2741 vera
2026 2705 2135 2752 caussa
2163 2703 2206 2751 est
2226 2731 2237 2746 ‚
2275 2708 2366 2753 quod
2384 2709 2452 2756 post

1414 2749 1486 2786 dies
1503 2751 1726 2801 undeviginti
1749 2755 1794 2790 ab
1821 2755 2040 2804 AEquinofflio
2061 2765 2190 2794 verno,
2214 2764 2274 2803 per
2299 2757 2337 2792 id
2363 2772 2450 2808 qua.

1415 2800 1599 2844 triduum,
1628 2804 1737 2840 variri
1760 2807 1915 2854 gentium
1945 2803 2197 2852 observatione,
2224 2806 2263 2842 in
2283 2821 2450 2857 quartum

1415 2850 1566 2889 Kalend.
1594 2855 1688 2904 Asaji
1717 2856 1827 2892 Canis
1855 2854 1986 2891 occidit.
2040 2854 2141 2890 Sidus
2157 2866 2201 2894 Θ·
2218 2865 2275 2905 per
2295 2862 2330 2904 le
2350 2860 2450 2907 vehe-v

1413 2914 1529 2946 mens;
1558 2915 1602 2942 (φ
1620 2906 1676 2941 cui
1690 2902 1914 2951 praeoccidere
1935 2904 2147 2940 Caniculam
2170 2907 2288 2954 necesse
2297 2908 2354 2955 sit.
2384 2912 2449 2948 Su·
2488 2898 2491 2950 l

1411 2952 1524 2999 spicio
1546 2954 1633 2992 hinc
1652 2956 1742 2993 mihi
1763 2955 1809 2992 de
1829 2953 1965 2992 menda
1982 2957 2107 2999 venit;
2137 2957 2176 2994 &
2205 2958 2352 2999 adlubet
2372 2961 2450 3000 scri·
2487 2983 2490 3003 ι

1412 3002 1519 3040 bere:

1463 3065 1566 3113 Signa
1585 3064 1721 3103 dabunt
1736 3065 1883 3111 imbres,
1911 3068 2108 3121 effugietque
2128 3074 2250 3113 Canis.

1412 3130 1491 3168 Hic
1510 3130 1610 3167 enim
1632 3140 1740 3169 moto
1769 3132 1900 3170 Tauro
1930 3135 2046 3173 statim
2071 3138 2166 3178 cedit
2184 3143 2269 3181 navi
2294 3144 2451 3195 Argoae.

1414 3180 1583 3229 Nigidius
1622 3183 1719 3229 apud
1760 3184 1927 3222 Servium
1966 3187 2252 3231 Commentario
2288 3196 2453 3245 sphaerae
2484 3217 2487 3239 i

1418 3232 1665 3269 Graecanicae
1689 3245 1697 3270 :
1738 3236 1862 3271 Oritur
1887 3237 1979 3272 enim
2009 3241 2179 3277 Canicula
2201 3257 2279 3280 cum
2298 3253 2450 3292 Cancro,
2484 3244 2486 3260 ¹

1419 3283 1458 3320 in
1477 3281 1628 3318 columen
1650 3284 1749 3321 venit
1776 3298 1854 3321 cum
1876 3288 2054 3336 Geminis,
2080 3293 2202 3332 occidit
2229 3308 2308 3335 cum
2331 3303 2456 3336 Tauro.
2483 3330 2485 3335 .

2490 2726 2494 2768 l

2490 2769 2493 2815 i

2369 3403 2463 3443 Gan-¹
2482 3418 2484 3454 ζ
