2495 3675
249 182 356 257 243

717 174 778 231 P.
854 170 1274 233 OVIDII
1344 163 1884 226 NASONIS

549 277 703 336 Neve
726 280 1003 337 liturarum
1028 281 1243 353 pudeat.
1283 274 1377 348 qui
1406 271 1769 353 videritillas,

622 351 709 408 De
734 355 960 409 lacrimis
984 353 1141 409 facias
1167 349 1357 405 sentiet
1383 345 1487 401 effe
1511 361 1658 398 meis.

413 440 476 495 15
550 425 741 490 Vade,
778 428 974 491 Liber,
1011 425 1294 495 verbisque
1321 420 1452 474 meis
1477 419 1594 472 loca
1620 428 1766 488 grata
1791 417 1967 473 saluta.

632 499 964 570 Contingam
990 512 1137 552 certe
1161 513 1272 569 quo
1295 495 1422 548 licet
1448 492 1530 546 illa
1558 489 1714 561 pede.

560 572 614 628 Si
639 573 785 641 quis,
825 585 884 625 ut
912 572 965 625 in
994 570 1225 642 populo,
1267 565 1427 620 nostri
1457 581 1565 619 non
1593 563 1878 617 immemor
1903 564 2006 618 illic
2025 609 2036 628 ,

638 645 860 715 Siquis,
901 643 1022 714 qui,
1061 642 1190 715 quid
1231 657 1412 712 agam,
1449 638 1591 692 forte
1619 638 1879 708 requirat,
1918 638 2051 699 erit;

557 717 761 775 Vivere
787 735 872 772 me
898 717 1072 772 dices:
1115 715 1312 770 salvum
1340 727 1515 766 tamen
1541 708 1643 763 effe
1668 709 1897 780 negabis,

415 810 486 845 20

633 790 691 844 ld
719 809 969 872 qnoque,
1011 789 1161 872 quod
1186 788 1389 848 vivam,
1426 799 1617 838 munus
1642 781 1836 835 habere
1865 782 1985 837 Dei.

560 864 744 935 Atque
771 877 841 917 ita
872 878 925 918 te
954 876 1145 916 tamtus
1165 901 1178 923 ,
1216 856 1495 932 quaerenti
1518 856 1694 927 plura,
1729 855 2021 926 legendum
2040 894 2056 919 ‚

637 937 750 1001 Ne,
786 937 935 1008 quod
961 952 1071 992 non
1097 952 1230 1008 opus
1257 932 1360 996 est,
1402 930 1542 985 forte
1566 929 1814 1002 loquare,
1854 927 2015 983 dabis,

319 1206 381 1254 ⁷13.
411 1208 509 1242 Neve
540 1202 732 1241 liturarum
760 1204 888 1253 pudeat
908 1231 919 1248 ,
959 1202 1019 1254 qui
1050 1201 1180 1239 viderit
1208 1201 1315 1245 illan

265 1254 495 1356 {leegcxrimis
513 1256 634 1302 facias
654 1254 788 1304 fi’ntiat
810 1255 867 1303 effe
886 1253 1005 1304 meis.]
1048 1254 1162 1291 Libro
1184 1265 1247 1290 111.
1276 1253 1314 1290 ὅ(

316 1375 455 1412 Littera
468 1373 617 1422 suffusas
638 1376 728 1424 quod
748 1374 850 1411 habe:
870 1373 1042 1421 maculosa
1065 1375 1189 1411 lituras
1198 1400 1215 1418 ,.

367 1424 479 1474 Laesit
498 1434 577 1475 opus
599 1424 752 1463 lacrimis
772 1426 836 1475 ipse
850 1429 952 1475 poeta
967 1426 1086 1471 suum.

263 1496 312 1536 Et
335 1497 438 1547 Eleg.
459 1510 530 1537 nx.
549 1498 657 1548 hujus
679 1498 769 1537 libri.

313 1576 380 1614 Hic
395 1576 508 1623 status
523 1604 533 1620 ,
546 1577 627 1612 haec
647 1588 765 1612 rerum
777 1588 869 1612 nunc
881 1575 924 1621 est
940 1577 1085 1619 fbrtuna
1105 1588 1263 1614 mearum
1277 1603 1292 1621 r

368 1626 501 1665 Debeat
520 1637 559 1664 ut
579 1627 732 1664 lacrimis
754 1626 872 1664 nullus
890 1627 986 1677 ineffe
1001 1628 1135 1667 modus.

261 1701 311 1740 Et
331 1700 391 1739 lib.
412 1701 450 1738 δί
470 1699 576 1747 Eleg.
598 1710 634 1737 v.

314 1761 390 1810 Qi
412 1761 501 1799 mihi
514 1760 604 1810 flens
618 1788 628 1806 ,
655 1760 762 1799 dixit.

263 1824 433 1863 Ibidem:

312 1889 415 1927 flens
444 1903 576 1940 quoque
605 1903 660 1928 me
686 1889 817 1940 scripsit
839 1917 850 1935 ,
888 1904 946 1929 nec
966 1903 1036 1941 qua
1052 1890 1241 1940 signabar,
1269 1893 1317 1930 ad

366 1955 468 2029 Anii
479 1942 575 2040 ,εζὲῐεᾱ
597 1992 645 2029 ad
665 1991 828 2030 madidas
842 2005 980 2042 gemma
1001 1993 1114 2030 relata
1128 2007 1245 2043 genas.

262 2049 432 2088 Cmrm.

313 2122 368 2160 14.
395 2112 571 2164 Sentiat.]
601 2114 726 2152 Sentiet
749 2113 892 2163 Fragm.
914 2113 1044 2157 Revii,
1067 2112 1176 2152 Bern.
1203 2113 1242 2151 &
1263 2113 1314 2152 se-

259 2171 363 2212 ptem
387 2166 460 2202 aiii.

314 2241 374 2278 16.
399 2240 610 2289 Contingam
633 2250 715 2291 certe
735 2253 799 2289 quo
821 2239 898 2277 licet
910 2240 974 2277 illa
987 2239 1098 2290 peda]
1129 2242 1309 2290 Quonam

255 2289 381 2340 pede?
409 2291 486 2329 libri
506 2292 688 2329 videlicet.
712 2302 795 2327 nam
821 2290 883 2328 suo
914 2303 990 2328 non
1013 2300 1157 2340 poterat
1184 2293 1310 2331 Poeta.

259 2342 302 2380 δί
319 2341 403 2380 vide
423 2354 501 2391 quo
526 2342 632 2390 paeto
655 2342 712 2380 illa
738 2341 902 2378 membra
916 2369 925 2385 ,
954 2354 1048 2391 quae
1066 2342 1237 2380 homines
1247 2344 1312 2381 ha-

257 2393 370 2436 bent,
398 2394 525 2431 omnia
543 2393 635 2431 libro
656 2392 835 2430 attribuat.
864 2392 1033 2430 Crorm.
1071 2392 1233 2441 Qaeolibet
1254 2395 1312 2432 alii

260 2443 350 2482 editi
373 2444 411 2482 &
430 2443 579 2494 quidam
609 2444 740 2493 scripti.

311 2528 369 2564 17.
398 2518 433 2556 Si
453 2519 529 2569 quis
543 2547 553 2564 ,
573 2529 611 2555 ut
630 2518 669 2555 in
685 2517 803 2567 populo
819 2545 828 2562 ‚
841 2517 944 2567 nostri
955 2531 1022 2555 non
1043 2517 1225 2554 immemor
1240 2545 1250 2561 ‚
1263 2516 1307 2553 il-

257 2567 289 2603 lo
307 2596 317 2612 ,
343 2570 377 2605 si
396 2572 496 2618 quis,
526 2570 608 2621 qui,
636 2569 722 2620 quid
747 2582 850 2618 agam
877 2571 963 2612 sorte
992 2569 1143 2617 requiret
1164 2597 1173 2613 ‚
1200 2567 1305 2618 erit.]

259 2618 397 2664 Multi,
427 2621 607 2658 immemor
628 2629 737 2657 extat.
775 2619 851 2658 duo
874 2631 958 2657 cum
981 2618 1098 2666 prim&
1118 2619 1282 2656 editione
1297 2647 1307 2663 ,

256 2667 321 2705 illi.
359 2670 503 2714 Scribe,
532 2671 614 2709 illic.
635 2670 793 2721 requirat
822 2671 932 2708 etiam
957 2669 1211 2716 castigatiores.
1238 2681 1304 2716 pro

257 2717 294 2753 Si
315 2721 389 2766 quis
411 2722 598 2768 posteriori
619 2722 720 2760 versu
734 2749 744 2766 ,
771 2732 867 2770 quae
887 2720 1057 2768 repetitio
1080 2720 1306 2756 inconcinna

258 2767 330 2810 est,
360 2769 385 2806 fi
415 2773 502 2820 quid
526 2773 638 2810 video
662 2801 673 2817 ‚
711 2773 813 2809 Civis
838 2771 968 2808 rectius
1000 2778 1220 2818 reponatur,
1250 2778 1306 2808 ut-

258 2829 405 2868 cunque
430 2823 648 2861 membranis
668 2823 840 2860 omnibus
860 2823 1004 2866 invitis,

309 2891 346 2928 Si
363 2893 439 2941 quis
453 2920 462 2936 ,
491 2905 530 2930 ut
547 2895 584 2930 in
603 2895 723 2944 populo
738 2922 747 2937 ‚
778 2893 880 2939 nostri
899 2906 966 2929 non
989 2892 1169 2928 immemor
1189 2891 1262 2928 illic

366 2944 467 2979 Civis
485 2972 494 2987 ,
524 2946 604 2991 qui,
634 2946 719 2995 quid
735 2957 835 2993 agam
850 2972 860 2988 ,
881 2946 974 2990 forte
998 2943 1153 2992 requirat
1167 2971 1178 2988 ,
1200 2943 1277 2983 erit.

261 3007 354 3045 utin
369 3008 497 3057 populo.
526 3008 634 3047 Pont.
655 3010 716 3048 lib.
736 3021 788 3047 xv.
817 3009 919 3057 Eleg.
941 3021 974 3045 v.

314 3073 349 3110 Si
367 3075 464 3123 quis,
485 3085 523 3111 ut
537 3076 573 3112 in
588 3075 706 3124 populo
720 3104 730 3121 ,
759 3076 818 3125 qui
831 3076 911 3124 sitis
929 3087 971 3115 ω’
989 3075 1079 3113 unde
1098 3078 1256 3127 requiret.

261 3135 299 3173 &
319 3135 378 3173 lib.
398 3136 507 3174 Trist.
527 3148 570 3173 11.
592 3148 674 3184 157.

311 3209 378 3240 Per
391 3203 546 3253 patriam
568 3217 653 3252 quae
674 3214 704 3240 te
722 3214 800 3240 tuta
820 3206 994 3253 &secura
1009 3214 1151 3253 parente
1168 3209 1234 3255 est,

362 3257 493 3304 Cujus,
522 3265 560 3290 ut
577 3256 615 3291 in
633 3255 748 3304 populo
762 3283 772 3302 ‚
798 3265 877 3306 pars
897 3269 949 3306 ego
972 3266 1075 3307 nuper
1094 3271 1204 3299 eram.

259 3315 367 3370 Ροῐιτἒ
387 3316 450 3358 lib.
466 3331 492 3358 1.
521 3318 621 3370 Eleg.
638 3331 721 3369 vu.

2292 1056 2427 1115 Pro-

1421 1192 1599 1244 Ceterafit
1613 1194 1717 1244 ῥήσιες
1736 1191 1908 1232 cultorum
1931 1193 2036 1231 turba
2055 1203 2195 1233 tuorum
2208 1224 2219 1240 ‚

1475 1255 1516 1285 In
1536 1246 1657 1297 quibus
1670 1275 1679 1291 ,
1709 1256 1748 1283 ut
1764 1245 1882 1294 populo
1899 1273 1910 1290 ,
1932 1254 2015 1294 pars
2032 1259 2086 1295 ego
2099 1256 2215 1295 parva
2226 1248 2299 1294 fui.

1373 1326 1549 1366 Horatius
1566 1324 1628 1363 lib.
1650 1337 1674 1362 1.
1705 1323 1777 1360 Sat.
1798 1334 1852 1361 vr.

1602 1404 1726 1452 vestem
1741 1402 1966 1451 famulosque
1974 1403 2178 1452 sequentes,=

1420 1462 1465 1493 Ut
1486 1469 1610 1505 magno
1627 1457 1664 1493 in
1677 1455 1818 1505 populo,
1839 1452 1876 1503 fi
1891 1453 1967 1504 quis
1988 1454 2136 1504 vidiſjet.

1371 1523 1545 1575 Virgilius
1568 1538 1595 1563 1.
1628 1524 1705 1570 148.

1423 1593 1611 1681 Ail'v'elusi
1630 1605 1753 1642 magno
1774 1591 1812 1629 in
1829 1591 1947 1641 populo
1960 1619 1972 1637 ‚
2000 1604 2079 1629 cum
2091 1594 2188 1642 saepe
2207 1604 2319 1633 coorta
2339 1596 2385 1644 est

1422 1650 1461 1681 Se
1487 1654 1560 1683 ltlo.

1369 1720 1516 1759 Hiems.
1543 1721 1600 1759 Ita
1626 1721 1771 1760 Curtius
1791 1735 1928 1761 vnnz.
1958 1727 2114 1770 Hyrcani
2132 1727 2274 1776 egregii,
2303 1738 2342 1765 ut
2364 1729 2420 1766 in·

1369 1781 1422 1808 ter
1439 1772 1518 1809 illas
1536 1784 1676 1821 gentes,
1689 1773 1755 1820 six
1776 1774 1888 1811 millia
1910 1775 2152 1824 impleverant.
2182 1778 2428 1819 ΡΙοτιιςιιὸολ

1370 1828 1485 1866 Cum,
1513 1835 1553 1860 ut
1574 1824 1612 1860 in
1642 1837 1769 1871 magno
1790 1835 1832 1864 <y
1862 1825 1972 1862 indies
1994 1828 2124 1874 majore
2153 1830 2292 1877 populo,
2330 1831 2420 1868 inte-

1368 1874 1436 1910 rim
1452 1874 1630 1923 perniciofi
1646 1875 1738 1912 cives
1756 1875 1945 1923 existerem.
1973 1877 2077 1927 Eleg.
2099 1880 2135 1916 in
2158 1879 2266 1919 Drus.
2287 1882 2348 1919 66.

1422 1945 1573 1993 Luc‘tus,
1603 1959 1643 1986 ut
1662 1949 1699 1986 in
1725 1950 1839 1998 Druso
1852 1978 1862 1995 ,
1884 1950 2040 1999 publicus
2060 1951 2119 1989 ille
2133 1954 2222 2000 fuit.

1368 2028 1443 2068 vid.
1466 2029 1504 2066 &
1528 2028 1644 2066 Bentl.
1665 2027 1710 2065 ad
1732 2029 1866 2067 Horat.
1887 2041 1915 2067 1.
1934 2031 2141 2077 Sat.vr.79.
2168 2031 2426 2074 Similimodo

1367 2077 1584 2126 Thucydid.
1612 2081 1672 2117 lib.
1695 2091 1739 2117 11.
1771 2092 1848 2127 cap.
1868 2080 1927 2123 65.
1966 2081 2022 2127 Ἐξ
2045 2079 2082 2120 ὦν
2103 2081 2190 2122 Sim
2220 2102 2254 2123 τε
2282 2084 2408 2136 πολλοὶ,

1367 2137 1405 2176 ὣς
1426 2135 1463 2174 οἷν
1482 2134 1620 2189 μεγάλῃ
1642 2137 1733 2176 πόλει
1764 2141 1795 2189 29*
1813 2134 1929 2189 02⁹ng0*
1955 2134 2059 2190 ἒχέσῃ
2073 2168 2083 2186 ,
2113 2136 2311 2190 ἡμωξτῆθη,
2341 2139 2419 2176 illia

1366 2193 1478 2228 etiam
1509 2192 1648 2228 Zinzel.
1672 2192 1847 2228 Promuls.
1875 2204 1952 2237 cap.
1973 2202 2032 2236 50.
2069 2191 2122 2227 illi
2152 2193 2249 2230 Edit.
2272 2194 2403 2244 Gryph

1365 2241 1473 2288 exstat
1492 2240 1598 2278 Leid.
1622 2243 1774 2278 Putean.
1793 2241 2020 2278 &tredecim
2040 2241 2109 2279 alii.
2142 2246 2186 2279 Et
2198 2241 2232 2292 fi
2250 2244 2417 2297 quiquid,'

1365 2292 1515 2330 Palatin.
1538 2291 1669 2329 BunM.

1424 2372 1480 2407 19.
1510 2359 1630 2394 Vivere
1650 2371 1703 2394 me
1722 2357 1850 2408 dices.]
1882 2357 1963 2394 Lib.
1981 2369 2044 2395 111.
2065 2357 2167 2407 Eleg.
2180 2368 2213 2404 7.

1422 2426 1542 2463 Vivere
1565 2436 1617 2460 me
1636 2422 1743 2466 dices,
1769 2423 1828 2469 sed
1839 2421 1889 2470 fic
1906 2450 1916 2464 ‚
1934 2432 1973 2458 ut
1991 2423 2114 2458 vivere
2135 2422 2264 2470 nolim,

1474 2482 1543 2513 Nec
1562 2474 1656 2511 mala
1673 2485 1749 2511 tam
1776 2473 1874 2522 longa
1893 2473 2005 2519 nvslra
2023 2473 2142 2510 levata
2162 2487 2272 2512 mora.

1366 2554 1536 2592 Cxorm.
1593 2557 1651 2587 Me
1671 2550 1766 2588 dicas
1802 2562 1854 2598 pr.
1875 2549 1972 2587 Edit.
1997 2551 2033 2600 δε
2061 2548 2137 2586 duo
2157 2549 2286 2597 scripti.
2312 2565 2419 2600 nega·

1365 2615 1399 2641 to
1418 2606 1529 2642 etiam
1558 2602 1727 2639 Vatican.
1755 2604 1886 2649 sanum
1906 2601 2025 2637 tamen
2055 2600 2235 2647 Excerpta
2269 2602 2422 2648 Voffii„>

1366 2654 1535 2692 Bernens.
1549 2653 1585 2689 δε
1609 2662 1678 2689 tres
1699 2652 1779 2689 alii:
1801 2663 1896 2701 quae
1918 2650 2048 2689 eadem
2063 2650 2245 2689 diversitas
2257 2651 2356 2702 Eleg.
2369 2666 2417 2692 11.

1367 2716 1425 2752 72.
1449 2714 1569 2752 negato
1592 2702 1761 2740 Vatican.

1416 2793 1476 2818 20.
1506 2778 1546 2815 Id
1559 2790 1690 2826 quoque
1706 2804 1715 2821 ‚
1735 2775 1826 2825 quod
1846 2774 1996 2819 vivam,
2018 2785 2145 2811 munus
2166 2772 2288 2811 habere
2305 2774 2381 2812 Dei.
2394 2774 2426 2825 J

1368 2832 1451 2870 Lib.
1474 2830 1511 2867 ὅ(
1538 2829 1688 2876 Eleg.v.

1422 2895 1578 2943 Denique
1601 2892 1691 2943 quod
1711 2892 1840 2934 vivat,
1869 2902 1997 2926 munus
2017 2887 2138 2926 hahere
2155 2890 2238 2929 Dei.

1368 2958 1416 2995 Et
1437 2957 1563 3005 Elegia
1585 2969 1631 2993 11.
1658 2956 1694 2992 h.
1713 2954 1811 2991 libri:

1417 3029 1604 3075 §Quamque
1622 3024 1714 3060 dedit
1736 3021 1852 3058 vitam
1876 3020 2050 3069 mitiffima
2071 3021 2226 3066 Caefizris
2245 3022 2298 3059 ira
2313 3050 2338 3068 2.

1466 3083 1567 3113 Hanc
1582 3075 1685 3120 sinite
1703 3073 1827 3119 infelix
1846 3074 1882 3111 in
1902 3072 1974 3109 loca
1988 3072 2079 3121 juffa
2093 3076 2225 3118 jeram.

1302 3144 1305 3145 ⁷
1363 3139 1412 3178 Et
1434 3141 1494 3180 lib.
1515 3144 1552 3180 ὃ(
1580 3143 1704 3190 Elegia
1726 3153 1780 3179 iv.

1415 3207 1554 3257 Ipsaque
1571 3206 1701 3243 deliciis
1722 3206 1817 3241 viffia
1836 3205 1879 3250 est
1898 3203 2078 3239 clementia
2098 3204 2237 3251 nostris,

1467 3264 1538 3294 Nec
1558 3268 1676 3293 tamen
1697 3257 1802 3293 errori
1821 3258 1900 3293 vita
1923 3265 2047 3303 negata
2069 3268 2140 3293 meo
2165 3257 2217 3304 est.

1361 3322 1409 3364 Et
1428 3321 1489 3375 lib²
1508 3331 1543 3374 y.
1566 3318 1691 3369 hlcgia
1713 3329 1785 3369 ux.
2400 3367 2403 3370 Δ

1363 3372 1366 3375 .
1400 3373 1408 3376 .
1444 3372 1448 3374 γ
2317 3371 2405 3411 6402
