2495 3675
464 175 509 233 F
585 174 747 233 As
823 130 1408 230 TO'RUM
1515 173 1711 231 ιη·
1781 177 1851 235 11.

2153 165 2218 248 8'9

357 290 493 348 Ursa
519 310 614 365 per
637 292 866 347 incultos
889 287 1095 342 errabat
1117 285 1349 358 squalida
1375 291 1618 355 montes,

435 370 592 440 Quae
615 365 787 420 fuerat
810 363 1017 416 summo
1039 374 1212 431 nuper
1237 360 1462 414 amanda
1479 360 1620 432 Jovi.

351 440 472 511 Jam
498 440 596 494 tria
619 437 773 492 lustra
796 449 929 505 puer
956 431 1104 486 furto
1134 446 1429 504 conceptus
1454 435 1674 506 agebat;

432 512 575 567 Cum
602 522 768 563 mater
794 520 922 560 nato
945 504 1019 558 est
1043 504 1201 558 obvia
1223 505 1355 558 facta
1379 507 1488 562 suo,
1511 530 1514 534 ·

213 582 310 653 185
347 584 433 651 Illa
459 583 707 658 quidem,
747 593 1019 650 tamquam
1045 578 1425 649 cognosceret,
1468 580 1665 635 adstitit
1693 597 1900 647 amem,

168 668 174 672 “
434 657 507 711 Et
531 654 762 726 gemuit:
805 650 1034 722 gemitus
1058 651 1218 705 verba
1241 653 1471 722 parentis
1495 667 1659 709 erant.

355 729 516 785 Hanc
540 743 673 797 puer
701 725 911 795 ignarus
932 722 1109 794 jaculo
1130 724 1321 779 fixisset
1350 730 1541 789 acuto'3
1725 734 1730 738 ’

428 801 498 855 Ni
524 799 666 853 foret
695 797 751 851 in
775 797 983 876 superas
1007 810 1187 868 raptus
1213 811 1442 869 uterque
1470 798 1676 854 domos.

354 873 512 945 Signa
536 870 836 944 propinqua
860 883 1073 922 micant.
1097 870 1245 938 prior
1270 869 1371 934 est,
1410 890 1569 945 quam
1593 873 1820 927 dicimus
1843 872 2078 928 Arcion:

217 963 313 1016 190

423 944 790 1015 Arciophylax
815 942 1042 995 formam
1070 955 1219 1013 terga
1242 942 1508 1015 sequentis
1534 945 1705 999 habet.

356 1017 533 1073 Saevit
560 1016 733 1070 adhuc
751 1055 766 1078 ‚
805 1032 1100 1086 canamque
1128 1016 1256 1069 adiit
1281 1016 1523 1072 Saturnia
1548 1017 1799 1091 Tethyn,

428 1090 750 1146 Maenaliam
781 1086 926 1141 taciis
952 1104 1020 1140 ne
1048 1089 1185 1141 lavet
1213 1088 1422 1143 Arcion
1451 1090 1614 1164 aquis,

405 1164 587 1218 'Dibus
616 1160 829 1232 agrestis
855 1159 1059 1215 fumant
1089 1162 1265 1214 altaria
1293 1161 1488 1226 Fauni,

357 1171 414 1303 1
490 1237 601 1290 Hic
629 1233 720 1288 ubi
747 1232 996 1287 discretas
1025 1232 1186 1286 insula
1211 1234 1407 1304 rumpit
1450 1253 1624 1307 aquas,

216 1329 312 1381 195
353 1312 509 1366 Haec
537 1308 632 1363 fuit
662 1307 744 1359 illa
771 1305 910 1367 dies,
949 1306 1003 1358 in
1028 1306 1132 1376 qua
1158 1304 1472 1374 Vejentibus
1505 1310 1639 1363 arvis

429 1383 548 1436 Ter
574 1391 791 1434 cen-tum
818 1376 994 1440 Fabii,
1032 1390 1112 1430 ter
1138 1378 1384 1433 cecidere
1411 1379 1539 1435 duo.

123 1595 208 1642 178.
237 1593 384 1644 Invita]
414 1593 530 1642 Invisa
547 1592 659 1640 Junii.
685 1591 816 1630 invisio
835 1591 966 1630 Voffii.
986 1599 1116 1641 corpore

68 1646 130 1686 sex
151 1646 213 1684 scri
242 1647 281 1683 ti.

126 1708 205 1744 ¹79·
218 1658 341 1746 pthue
354 1694 491 1744 ferae]
528 1695 660 1733 Malim
681 1722 692 1739 ,
719 1696 802 1741 fera
817 1693 946 1744 pellice.
967 1694 1112 1731 Hiems.

69 1753 183 1795 thue
194 1748 290 1793 feras
311 1747 502 1784 Pembroc.

126 1797 207 1835 182.
234 1802 374 1834 Amata
391 1797 523 1846 Jovi]
546 1796 721 1834 Amanda
739 1797 777 1834 V
780 1794 844 1835 o'ff.
865 1794 1010 1834 Arond.
1028 1795 1114 1833 Ma-

70 1859 142 1886 zar.
172 1849 211 1885 &
237 1846 546 1887 Zulichemianus.
573 1847 621 1886 fic
650 1848 739 1886 Stat.
767 1860 823 1887 xr.
851 1846 973 1885 Theb.
993 1859 1039 1885 xx.
1067 1858 1113 1884 ex

72 1899 163 1936 Mss.
803 1905 808 1911 ’

123 1947 246 1996 Atqui
264 1947 324 1997 ipsi
341 1962 408 1986 non
426 1948 638 1986 illaudanda
658 1949 822 1987 Tonanti.

70 1999 186 2048 vulgo
204 2027 214 2043 ,
240 1999 416 2036 illaudata
439 2015 450 2036 .-
483 2001 629 2038 Hfims.
667 1999 804 2038 Recte:
833 2012 918 2040 nam
939 1999 1114 2038 amandus

71 2061 150 2087 non
181 2058 286 2087 notat
326 2050 467 2099 semper
497 2051 662 2088 futurum
701 2058 847 2100 tempus
867 2079 878 2093 ,
912 2051 972 2089 sed
1001 2052 1113 2088 etiam

73 2099 226 2148 dignum
248 2111 376 2138 amore
392 2128 401 2145 ,
430 2102 494 2149 qui
522 2101 630 2139 debet
647 2103 774 2139 amari.
804 2101 879 2138 vid.
898 2101 1049 2150 Malasp.
1069 2100 1115 2138 ad

77 2150 198 2188 Cicer.
227 2163 283 2188 1v.
310 2151 354 2189 ad
387 2154 465 2189 Att.
488 2164 543 2201 15.
580 2153 618 2189 &
639 2151 697 2189 Cl.
716 2152 886 2191 Perizon.
909 2152 953 2190 ad
982 2151 1117 2189 Sanffii

75 2197 238 2239 Minerv.
256 2213 282 2237 1.
307 2213 382 2250 cap.
398 2214 453 2248 ις.
472 2214 508 2239 n.
532 2202 566 2240 8.
581 2202 712 2239 Bunm.

127 2250 207 2299 183.
235 2252 328 2297 Jam
363 2252 434 2289 tria
467 2252 574 2300 lustra
606 2252 730 2304 paen]
794 2253 934 2302 Aperte
970 2252 1120 2290 lustrum

76 2301 211 2340 Nostro
233 2302 281 2339 est
301 2302 455 2351 spatium
477 2304 736 2352 quinquenne:
769 2303 840 2352 (de
858 2305 932 2342 hoc
953 2303 1048 2352 apud
1065 2303 1124 2340 lit-

77 2357 208 2389 teratos
225 2351 342 2390 adhuc
363 2354 637 2402 controversia)
666 2366 753 2392 nam
776 2355 822 2393 de
843 2354 978 2393 eodem
1007 2365 1122 2403 puero

83 2399 194 2437 dixit:
224 2414 255 2439 11
271 2403 364 2439 Met.
382 2415 468 2449 497.

131 2467 191 2477 —
215 2470 277 2481 --
303 2457 366 2488 Ter
385 2453 538 2501 quinque
549 2454 665 2498 ferens
684 2454 862 2491 natalibus
881 2467 1002 2492 annos.

84 2498 261 2537 Nmon.

138 2548 217 2597 183.
245 2548 421 2598 Agebat.]
475 2549 632 2585 Habebat
673 2561 766 2587 unus
794 2551 933 2587 Moreti
953 2562 1020 2598 pro
1047 2563 1123 2589 var.

81 2598 262 2636 lechone:
292 2600 398 2636 male.
421 2600 492 2637 vid.
513 2611 545 2635 11
570 2600 662 2636 Met.
680 2612 765 2648 497.

134 2648 216 2693 187.
243 2649 426 2697 Ignarus.]
457 2655 595 2696 Ignotus
618 2650 769 2687 Putean.
793 2658 832 2687 ut
851 2649 954 2698 saepe
971 2651 1068 2689 alibi.

135 2699 217 2736 188.
244 2700 309 2735 Ad
327 2699 505 2749 superas.]
563 2700 665 2738 Libri
696 2710 835 2738 veteres
855 2728 866 2745 ,
908 2701 1121 2750 iez‘superas.

85 2749 252 2788 Cxorm.
713 2783 715 2791 .

137 2812 219 2849 190.
246 2800 653 2850 Arb'lophylaxformam
674 2811 768 2851 terga
782 2802 956 2852 sequentis
979 2800 1122 2852 habea]

85 2851 201 2899 Quod
228 2855 362 2899 poetae
395 2852 524 2888 Graeci
554 2852 717 2890 dicerent
751 2853 899 2889 ἐλάσντι
932 2851 1058 2895 ἐοικώς.
1086 2862 1126 2890 ut

86 2901 183 2939 reste
202 2901 367 2949 Scaliger.
388 2903 489 2940 Dm.
507 2902 652 2951 Herus.
683 2908 782 2952 Tergo
794 2903 892 2952 figna
903 2903 1125 2953 seq.Strozz.

144 2964 224 3000 190.
253 2957 356 3000 Terga
379 2952 554 3001 sequentis
581 2953 722 3002 habea]
761 2954 816 2991 Ex
843 2953 1119 3002 seedograpliia:

88 3002 184 3043 unde
216 3001 473 3048 Ἀρκτσφῠλειξ
497 3005 534 3040 &
563 3004 768 3048 Ἀρκτοῦρος
791 3032 801 3047 ,
847 3006 958 3042 etiam
991 3003 1121 3041 eadem

44 3087 49 3099 ,
88 3051 203 3091 cauffi
219 3053 345 3090 dietus.
396 3053 586 3091 videndus
610 3054 734 3093 suidas
761 3056 799 3092 δε
823 3056 882 3093 alii
903 3056 1118 3093 Graecanici

90 3101 290 3151 scriptores.
319 3105 444 3142 Nem.

145 3163 224 3200 191.
249 3159 452 3204 Canamque
477 3155 600 3204 petit.]
646 3156 764 3194 Vetus
793 3157 904 3201 liber,
934 3171 1125 3207 canamque

95 3200 197 3238 adiit.
223 3204 394 3242 NEApor..
424 3212 629 3252 canamque
649 3207 1130 3256 rogaslibrimehoresoui·

95 3252 177 3290 dam
201 3253 236 3288 ὃ(
256 3255 349 3300 petit.
378 3256 520 3293 Hiems.
574 3257 654 3306 Ego
674 3258 765 3295 nilnl
787 3268 928 3296 mutem
946 3287 955 3304 ,
983 3272 1067 3296 nam
1091 3260 1132 3296 xl-

89 3302 155 3353 lud
186 3305 384 3391 rogati-03:¹1
400 3307 492 3395 IpleItit
518 3319 538 3344 a
565 3307 756 3357 gloffatore
787 3308 858 3356 est,
888 3311 951 3361 qui
978 3309 1133 3351 credidit

2097 1457 2218 1514 Una

1170 1603 1249 1631 non
1269 1591 1368 1631 reete
1390 1593 1462 1632 dici
1478 1593 1569 1631 adiit
1587 1607 1629 1631 ne
1652 1594 1772 1640 lavet,
1799 1594 1838 1632 ὃς
1864 1593 1950 1633 ideo
1968 1594 2152 1644 supposuit
2175 1595 2219 1634 il-

1170 1643 1215 1681 la.
1248 1644 1307 1682 sed
1331 1645 1462 1683 millies
1484 1645 1543 1683 illa
1576 1646 1684 1684 verba
1706 1674 1717 1690 ,
1753 1646 1846 1682 dixit
1869 1673 1881 1689 ‚
1905 1646 2014 1694 petit,
2042 1656 2137 1694 rogat
2159 1647 2217 1683 in-

1169 1694 1392 1743 telliguntur.
1418 1695 1516 1732 adire
1536 1706 1660 1733 autem
1692 1696 1741 1734 est
1762 1696 1915 1734 verbum
1935 1697 1973 1733 in
1989 1697 2058 1732 hac
2074 1708 2111 1733 re
2132 1708 2220 1743 pro·-

1166 1747 1286 1793 prium
1309 1773 1319 1789 ‚
1364 1747 1402 1783 &
1432 1746 1532 1784 idem
1565 1748 1614 1784 est
1641 1746 1745 1796 quod
1771 1748 1922 1795 precari.
1951 1755 1992 1783 ut
2021 1746 2095 1782 deos
2121 1745 2220 1782 adire

1168 1796 1217 1834 est
1239 1798 1405 1846 precibus
1428 1808 1496 1834 eos
1524 1809 1678 1846 rogare,
1706 1798 1759 1836 uti
1792 1796 1865 1846 ipse
1896 1795 2069 1835 Heinsius
2088 1796 2218 1835 docuit

1168 1847 1215 1886 ad
1236 1847 1295 1885 illa
1317 1848 1354 1885 in
1374 1848 1476 1896 Eleg.
1494 1848 1531 1886 in
1554 1848 1659 1885 Drus.
1682 1860 1768 1896 290.

1222 1903 1298 1935 Cur
1317 1898 1400 1934 adeo
1412 1900 1549 1945 fratres
1567 1898 1632 1936 heu
1645 1903 1660 1935 !
1680 1898 1755 1947 fine
1764 1899 1883 1946 fratre
1902 1899 1988 1936 deos.

1171 1949 1272 1987 Suet.
1307 1949 1384 1987 Cal.
1409 1961 1470 1986 22.
1497 1949 1735 1986 Adorandum
1757 1950 1966 1987 adeuntibus
1995 1949 2117 1987 dabat.
2143 1949 2219 1988 vid.

1168 1998 1296 2037 Paffer.
1318 2000 1362 2037 ad
1382 2000 1544 2046 Propert.
1563 2013 1624 2038 111.
1647 2002 1746 2048 Eleg.
1763 2013 1822 2038 20.
1847 2013 1880 2050 p.
1895 2013 1978 2051 530.
2007 2001 2221 2039 &Broukh-

1170 2050 1216 2088 ad
1235 2050 1360 2088 Tibul.
1381 2062 1410 2088 1.
1431 2051 1534 2099 Eleg.
1557 2063 1592 2089 v,
1616 2063 1676 2100 39.
1703 2052 1839 2090 Burin.

1230 2112 1316 2150 193.
1345 2106 1500 2138 Fumant
1517 2101 1650 2139 altaria
1665 2103 1818 2151 famul]
1847 2101 1888 2139 In
1902 2101 2223 2140 Kalendariisnul·

1173 2152 1215 2189 la-
1230 2151 1270 2189 fit
1288 2153 1432 2189 mentio
1463 2153 1571 2201 hujus
1596 2154 1823 2191 celebritatis.
1868 2153 2000 2190 Forsan
2020 2154 2081 2190 his
2099 2151 2221 2190 Idibus

1174 2202 1352 2240 iterabant
1371 2211 1512 2241 veteres
1533 2206 1753 2242 memoriam
1775 2203 2036 2242 dedicationis:
2063 2214 2132 2240 nec
2143 2205 2226 2253 qui-

1177 2254 1262 2291 dem
1281 2254 1355 2291 hoc
1376 2253 1434 2291 die
1456 2254 1632 2291 sacratum
1661 2256 1693 2292 ei
1731 2255 1857 2292 fanum
1879 2256 2047 2302 reperim
2077 2266 2154 2291 non
2175 2257 2223 2291 ita

1176 2315 1314 2342 annum
1338 2331 1348 2347 ‚
1377 2305 1442 2353 qui
1473 2305 1542 2342 fuit
1568 2317 1649 2343 mx.
1680 2305 1724 2342 ab
1753 2305 1855 2342 Urbe
1887 2305 2047 2342 condita.
2093 2305 2223 2342 Livius

1175 2355 1237 2392 lib.
1259 2367 1389 2392 xxxxv.
1416 2355 1530 2392 Aedes
1561 2370 1594 2392 eo
1626 2369 1720 2392 anno
1749 2355 1881 2406 aliquot
1913 2356 2089 2392 dedicatae
2107 2355 2220 2402 sunt:

1178 2417 1251 2442 una
1278 2405 1434 2451 Junonis
1462 2406 1604 2454 Sospitae
1634 2407 1673 2443 in
1693 2409 1771 2453 foro
1792 2406 1958 2450 Olitorio,
1987 2416 2069 2441 vota
2093 2405 2224 2440 locata-

1180 2469 1243 2502 que
1263 2456 1491 2504 quadriennio
1522 2466 1604 2491 ante
1631 2456 1655 2491 a
1676 2462 1719 2494 C.
1743 2455 1898 2492 Cornelio
1923 2455 2066 2502 Consule
2087 2453 2221 2490 Gallico

1178 2504 1274 2540 bello.
1303 2505 1428 2549 Censor
1455 2504 1546 2538 idem
1574 2505 1761 2540 dedicavit.
1788 2504 1898 2539 altera
1930 2504 2051 2541 Fauni.
2080 2504 2224 2541 Aediles

1177 2565 1255 2587 eam
1288 2552 1424 2588 biennio
1453 2564 1535 2588 ante
1560 2566 1602 2590 ex
1633 2553 1826 2590 multatitio
1854 2566 1992 2602 argento
2015 2555 2221 2602 faciendam

1179 2601 1338 2638 locarant
1357 2608 1398 2640 C.
1416 2603 1608 2640 Scribonius
1625 2615 1669 2642 φ’
1687 2610 1754 2640 Cn.
1774 2606 1950 2641 Domitius
1972 2604 2219 2642 Aenobarbus:

1178 2652 1239 2701 qui
1260 2658 1403 2688 Praetor
1420 2652 1573 2698 urbanus
1593 2667 1668 2690 eam
1687 2654 1875 2691 dedicavit.
1922 2656 2026 2693 idem
2054 2655 2146 2694 libro
2166 2655 2224 2693 su·

1178 2703 1345 2749 periore:
1375 2703 1518 2739 Aediles
1533 2704 1637 2752 plebis
1659 2710 1724 2741 Cn.
1746 2707 1921 2743 Domitius
1942 2705 2223 2746 Aenobarbum·

1179 2757 1221 2789 C.
1249 2752 1442 2789 Scribonius
1480 2755 1584 2791 Curio
1616 2756 1800 2792 Maximus
1829 2757 1954 2793 multos
1977 2757 2149 2805 pecuarios
2175 2758 2224 2793 ad

1175 2803 1288 2851 populi
1300 2804 1474 2851 judicium
1497 2806 1744 2842 adduxerunt:
1774 2818 1840 2842 tres
1861 2820 1901 2843 ex
1923 2807 1977 2843 his
2001 2808 2222 2845 condemnati

1175 2855 1273 2901 sunt.
1301 2858 1355 2889 Ex
1375 2868 1489 2890 eorum
1518 2856 1719 2892 multatitia
1744 2858 1888 2904 pecunid
1908 2858 2088 2900 aedemjn
2105 2859 2223 2904 insu-'d

1164 2905 1166 2907 ’
1184 2905 1297 2939 Fauni
1309 2905 1479 2950 fecerunt.
1508 2906 1561 2942 En
1578 2906 1682 2943 situm
1708 2908 1764 2943 ubi
1781 2907 1892 2955 posita
1907 2909 1990 2955 :qui
2005 2910 2039 2945 ὃ(
2054 2907 2074 2945 {1
2087 2909 2225 2957 Topo-

1184 2955 1324 3002 graphis
1336 2955 1508 2992 firmatur.
1525 2957 1670 2994 Publius
1687 2957 1835 2994 Victor:
1850 2957 1980 3004 Insula,
1992 2959 2087 2995 aedes
2099 2959 2223 3005 Jovis,

1180 3005 1317 3047 Fauni,
1340 3006 1547 3054 Aesculapii.
1578 3007 1753 3045 NEAPOL.
1779 3010 1895 3045 Nonis
1920 3010 2030 3046 etiam
2055 3011 2221 3047 Decem-

1181 3055 1299 3092 bribus
1328 3057 1448 3093 multo
1472 3058 1612 3095 fumare
1640 3058 1756 3096 odore
1787 3070 1860 3096 aras
1893 3059 2019 3098 Fauno
2049 3070 2146 3109 patet
2177 3072 2221 3098 ex

1183 3106 1394 3144 Horarum.
1425 3108 1500 3145 Od.
1524 3108 1581 3146 18.

1238 3169 1318 3203 195.
1348 3164 1440 3194 Haec
1453 3159 1528 3205 fuit
1549 3159 1612 3196 illa
1631 3159 1739 3209 dien]
1797 3160 1866 3198 Sed
1897 3173 2011 3200 annus
2040 3173 2220 3199 cctxxvr.

1189 3208 1375 3245 Diodorus
1396 3210 1456 3246 lib.
1478 3222 1531 3248 xx.
1549 3210 1612 3246 ’Ἓν
1630 3210 1741 3254 Ῥώμῃ
1762 3211 1801 3246 δὲ
1820 3210 1951 3246 ὕπατοι
1973 3214 2092 3252 κκὸεις
2108 3222 2221 3245 usam

1188 3259 1299 3301 Tim
1329 3262 1516 3302 Μινούκιος·
1569 3264 1604 3298 &
1637 3264 1754 3299 verius
1779 3276 1785 3298 :
1816 3265 1995 3305 Μενήνιος,
2035 3264 2094 3296 καὶ
2123 3261 2222 3301 Γάϊος

1186 3312 1358 3357 Ὡράτιος
1367 3312 1642 3399 ΝΙῙἸουλοῠιλλος,
1673 3325 1759 3354 cum
1785 3313 1919 3353 menda
1939 3312 2047 3352 hodie
2070 3311 2222 3396 legittfir,

2197 3369 2229 3403 ⁶:
