2495 3675
237 163 340 238 468

722 163 783 220 P.
858 160 1286 220 OVIDII
1360 158 1890 222 NASONIS

541 262 809 337 Egredior
851 266 993 338 (five
1021 265 1148 321 illud
1178 277 1288 321 erat
1313 263 1419 318 fine
1444 263 1632 317 funere
1655 264 1816 337 ferri)

402 355 472 410 90
619 336 899 411 Squalidus
922 338 1160 393 irnmissis
1189 339 1325 391 hirta
1351 353 1446 408 per
1472 353 1565 389 ora
1590 337 1775 390 comis,

550 410 638 465 Illa
663 412 852 466 dolore
880 411 1056 482 gravis
1073 449 1088 473 ,
1117 409 1348 464 tenebris
1363 422 1604 463 narratur
1626 409 1831 465 obortis

623 484 954 538 Semianimis
979 482 1157 536 media
1181 481 1517 553 procubuisse
1543 482 1728 537 domo,

624 628 903 690 Crinibus,
944 627 996 680 &
1026 627 1203 697 gelida
1227 627 1463 682 membra
1487 628 1679 682 levavit
1706 630 1905 691 hum03

408 718 476 773 95

551 556 737 626 thue
764 555 1078 617 resurrexit,
1116 554 1343 608 foedatis
1372 556 1589 623 pulvere
1617 556 1759 627 turpi
2490 524 2494 671 ἱ

552 702 620 756 Se
647 699 841 763 mod0,
882 699 1118 754 desertos
1143 699 1311 753 modo
1337 700 1687 771 comploraffe
1712 701 1970 766 Penates;
2491 673 2495 802 i

2492 814 2495 867 Ι

2492 870 2495 912 Ι

626 774 841 827 Nomen
871 772 925 825 8(
951 774 1121 844 erepti
1147 773 1298 843 saepe
1323 771 1528 827 vocasse
1556 774 1680 828 viri:

554 845 671 900 Nec
694 844 947 916 gemuisse
978 846 1182 908 minuS,
1218 863 1378 918 quam
1409 845 1446 899 si
1470 859 1690 900 nataeve
1723 863 1972 903 meumve

627 917 858 975 Vidisset
885 916 1106 972 structos
1134 936 1328 989 corpus
1367 918 1562 972 habere
1587 936 1777 990 rogos:

561 989 634 1045 Et
661 989 878 1045 voluisse
913 991 1082 1052 mori;
1127 991 1179 1045 ἃ
1224 991 1511 1045 moriendo
1536 1008 1738 1059 ponere
1764 993 1966 1050 sensus:

627 1063 1003 1136 Respectuque
1036 1078 1211 1118 tamen
1238 1081 1348 1118 non
1371 1062 1594 1134 posuiffe
1625 1065 1746 1118 mei.

555 1136 747 1194 Vivat:
792 1137 844 1190 &
871 1136 1172 1200 absentem,
1212 1137 1465 1208 quoniam
1492 1136 1560 1190 iic
1587 1135 1694 1190 fata
1720 1139 1988 1206 tulerunt,

630 1210 824 1274 Vivat,
860 1210 915 1264 ἃ
942 1210 1138 1264 auxilio
1164 1210 1398 1266 sublevet
1425 1225 1593 1281 usque
1621 1209 1733 1266 suo,

415 1081 515 1118 100

312 1427 373 1476 89.
401 1425 477 1464 sine
488 1422 652 1475 funera]
682 1427 775 1461 Cum
788 1425 913 1474 funere
935 1423 1051 1464 Servii
1074 1423 1207 1464 codex.

310 1490 373 1528 91.
403 1476 468 1516 Illa
487 1477 598 1514 dolore
619 1475 775 1525 amens.]
816 1477 952 1522 Multi,
977 1490 1122 1524 gemens.
1150 1477 1186 1514 in
1208 1487 1311 1521 uno,

259 1528 394 1578 gravis.
427 1528 466 1566 in
497 1527 712 1566 Combiano
743 1528 781 1564 &
810 1526 922 1565 tribus
948 1528 1022 1565 aliis
1045 1556 1055 1571 ,
1095 1527 1207 1565 dolore
1233 1526 1314 1566 mei.

260 1579 364 1630 quod
377 1580 519 1629 sequor.
538 1578 712 1627 proximo
725 1577 828 1615 versu
842 1605 853 1623 ‚
873 1590 940 1627 pro
953 1577 1071 1616 medai
1091 1579 1189 1616 domo
1202 1605 1214 1623 ,
1234 1578 1311 1617 duo

261 1630 341 1669 vid.
369 1630 561 1679 Scripserat
587 1637 680 1678 puto
711 1628 871 1667 Ovidius
892 1657 903 1674 ‚
933 1629 1049 1666 Vidud
1076 1629 1187 1666 domo.
1223 1640 1311 1668 nam

262 1683 308 1720 ’τὸ
325 1681 442 1719 medici
463 1680 604 1729 prorsus
637 1679 798 1718 otiosum
832 1691 875 1717 ac
902 1679 1124 1728 superfluum
1145 1680 1206 1718 est.
1233 1692 1317 1719 nar-

260 1741 315 1772 rat
345 1743 442 1782 quae
468 1731 547 1780 post
573 1728 768 1779 digressum
798 1729 902 1769 suum
931 1730 1026 1768 fasta
1041 1730 1135 1769 sunt.
1172 1731 1317 1770 Hiems.

262 1786 328 1822 An
354 1783 492 1821 dicatur
511 1781 647 1825 latine,
674 1780 786 1818 dolore
812 1781 900 1825 mei,
927 1790 968 1819 ut
996 1780 1155 1830 defiderio
1178 1782 1246 1819 mei
1275 1783 1315 1820 &

263 1834 414 1877 fimilia.
442 1833 686 1870 vehementer
718 1831 860 1869 dubito.
895 1843 1008 1880 quare
1038 1843 1110 1880 ego
1139 1832 1315 1880 praetuli,

262 1885 328 1924 illa
345 1883 455 1922 dolore
469 1882 615 1933 gravis,
641 1881 745 1931 quod
767 1893 853 1920 cum
875 1882 989 1919 verbo
1005 1881 1209 1931 procubuisse
1219 1885 1318 1931 opti-

264 1948 328 1975 me
350 1934 565 1974 concordat.
593 1933 746 1971 Dictum
761 1942 886 1970 autem
908 1941 949 1970 ut
967 1933 1052 1970 vino
1066 1933 1318 1982 ,fhmno,vul-

263 2001 342 2026 nere
361 2015 371 2031 ‚
408 2000 495 2024 aevo
528 1984 650 2034 gravis
682 1985 720 2021 ὃς
750 1983 902 2021 similia:
932 1983 980 2021 fic
1009 1983 1089 2029 illa,
1129 1996 1214 2021 cum
1238 1996 1316 2022 non

264 2039 421 2087 amplius
457 2036 602 2086 pondus
634 2034 771 2072 doloris
801 2035 895 2072 ferre
926 2032 1044 2082 posset
1065 2062 1076 2080 ,
1123 2035 1318 2083 procubuit

261 2090 499 2129 semianimis.
519 2097 588 2124 nec
600 2098 718 2122 amens
730 2085 881 2123 damno.
898 2086 934 2122 in
947 2084 1318 2123 Bernenfieratmen-

265 2141 354 2179 dose
376 2168 386 2185 ,
415 2151 551 2176 canens.
578 2148 647 2174 nec
675 2135 764 2173 illud
793 2136 908 2173 media
935 2135 1056 2179 domo,
1093 2135 1313 2180 absurdum

265 2203 354 2230 cum
373 2193 474 2229 enim
501 2188 579 2236 post
597 2186 789 2236 digressum
810 2187 877 2224 viri
897 2185 1008 2224 vellet
1035 2187 1073 2224 in
1103 2187 1313 2225 cubiculum

265 2243 372 2281 suum
401 2241 518 2279 redire
542 2265 554 2284 ,
590 2249 667 2275 non
699 2238 820 2285 potuit
849 2248 896 2274 eo
926 2248 1041 2284 usque
1072 2238 1225 2282 venire,
1252 2238 1314 2277 sed

265 2293 391 2332 media
411 2291 529 2330 domo
551 2289 769 2335 procubuit,
797 2296 994 2337 antequam
1009 2289 1044 2325 in
1065 2288 1214 2327 interius
1225 2301 1316 2328 con·

265 2344 369 2383 clave
387 2339 614 2392 penetrasset.
641 2340 771 2376 Euam.

321 2407 383 2442 9¹·
411 2392 565 2430 Tenebris
577 2389 731 2438 obortis.]
760 2389 1022 2433 Exanimatio‚
1051 2388 1107 2426 vel
1127 2389 1316 2428 animide-

266 2445 406 2489 sectio,
434 2442 665 2492 significatur.
709 2441 854 2478 Plautus
872 2441 911 2478 in
931 2440 1182 2478 Curculione:
1212 2446 1317 2477 Tene-

267 2496 349 2533 brae
368 2495 589 2536 ohoriuntur,
614 2506 726 2541 genua
747 2491 863 2528 media
875 2490 1071 2540 succidunt.
1099 2491 1313 2539 exemplum

267 2548 357 2585 item
382 2545 491 2594 Epist.
515 2544 559 2582 ad
579 2542 815 2581 Protesilaum
846 2541 1004 2589 superius
1023 2541 1172 2580 adduxi.
1200 2543 1315 2581 Ctor.

269 2598 438 2634 Lacrimis
460 2606 529 2633 tres
548 2595 638 2632 libri.
661 2594 770 2631 male.
788 2591 862 2630 vid.
885 2592 994 2640 Epist.
1015 2604 1104 2630 xiix.
1127 2605 1185 2642 23.

320 2660 380 2692 94.
407 2646 571 2696 Gemma]
631 2645 789 2683 Madida
808 2652 891 2681 tres.
918 2643 1033 2680 media
1052 2656 1156 2682 uuus.
1186 2643 1317 2692 egelida

268 2697 439 2734 Vatican.

326 2759 384 2793 95.
415 2747 601 2795 Deplornffe
621 2744 805 2793 Penates.]
835 2742 1059 2792 Comploraffe
1082 2743 1226 2790 plurimi
1250 2757 1316 2781 ve-

273 2806 405 2835 terum.
440 2798 638 2846 quomodo
665 2797 774 2833 etiam
807 2795 852 2831 ad
883 2794 1009 2842 Sylvas
1032 2794 1133 2831 Statii
1164 2795 1316 2832 Grono-

272 2850 353 2884 vius
382 2859 457 2893 cap.
486 2860 624 2884 xcviii.
660 2848 786 2884 Florus
818 2845 910 2882 libro
934 2857 976 2882 11.
1015 2856 1093 2892 cap.
1114 2857 1174 2882 xv.
1211 2852 1317 2882 Com-

273 2899 446 2948 ploratum
467 2898 572 2946 igitur
588 2898 722 2947 public?
736 2897 871 2945 statim.
901 2895 947 2934 A.
970 2895 1109 2935 Gellius
1129 2898 1167 2934 in
1189 2895 1317 2935 descri-

2243 1290 2421 1348 ELE-

1366 1424 1496 1474 ptione
1515 1425 1738 1476 tempestatis
1752 1427 1846 1468 libro
1866 1438 1986 1467 xvxix.
2012 1439 2091 1478 cap.
2117 1439 2148 1468 1.
2184 1434 2313 1468 Ventus
2329 1444 2351 1467 a
2369 1430 2423 1468 la-'
2493 1430 2495 1436 ⁴

1367 1486 1437 1513 tere
1456 1478 1617 1525 saeviens
1647 1479 1751 1517 undis
1781 1493 1912 1517 navem
1933 1480 2174 1530 compleverat.
2211 1491 2287 1518 tum
2311 1482 2423 1531 postea

1367 1527 1657 1576 complorantibus
1678 1530 1798 1579 nostris
1826 1530 2005 1577 omnibus,
2031 1541 2136 1581 atque
2153 1532 2191 1569 in
2204 1532 2348 1581 sentina
2367 1529 2458 1580 [a-“s

1368 1578 1566 1626 tagentibus
1594 1580 1666 1617 dies
1686 1580 1821 1620 illuxit.
1859 1581 2001 1621 Heius.
2047 1588 2086 1620 Se
2103 1582 2202 1621 moda
2230 1578 2492 1650 deftrtam,}'5†2

1373 1629 1471 1667 modo
1490 1630 1563 1669 &c.
1590 1630 1763 1671 Leidens.
2466 1648 2469 1658 ·’

1423 1692 1487 1727 99.
1511 1681 1734 1731 Moriendo.]
1771 1688 1819 1721 Et
1841 1682 2015 1722 moriendo
2029 1683 2174 1730 Junian.
2197 1685 2234 1722 &
2257 1684 2422 1729 Moreti;
2445 1655 2459 1717 ti

1372 1731 1516 1769 reditus.
1544 1733 1784 1784 moriendoque
1803 1734 1974 1772 Bernens.
2002 1735 2106 1785 quod
2135 1734 2424 1775 verfificatoxem
2440 1727 2471 1798 ‘5¹⁸'

1371 1781 1527 1820 infelicis
1543 1786 1627 1822 aevi
1652 1784 1845 1824 auctorem
1865 1785 1986 1823 habet.
2440 1789 2471 1836 2'2¹

1428 1844 1511 1871 100.
1539 1840 1621 1871 Non
1637 1835 1763 1884 periisse
1784 1835 1892 1886 mei.]
1931 1838 2128 1883 Quatuor,
2156 1837 2304 1888 voluiffe.
2331 1811 2463 1898 unus-34*
2488 1870 2495 1891 Α

1374 1883 1561 1927 Gallicus,
1586 1885 1745 1935 posuiffi:
1775 1886 1959 1925 bene.nis1
1972 1888 2118 1937 valuisse
2140 1889 2254 1927 malis.
2285 1889 2491 1948 HE1NS·'‘;:'-

1427 1946 1508 1973 101.
1538 1935 1646 1973 Vivat
1661 1965 1670 1980 ,
1707 1948 1750 1976 ω’
1770 1938 1946 1987 absentem
1962 1965 1972 1982 ,
2002 1952 2166 1988 quomam
2189 1938 2238 1989 fic
2261 1942 2342 1986 fata
2365 1950 2424 1976 tu-

1371 1983 1511 2029 lerunt,
1542 1987 1681 2036 Vivat]
1713 1988 1801 2026 Hoc
1814 1989 2013 2034 est‚Vivat
2031 1990 2134 2028 saue:
2158 1992 2260 2028 vivat
2275 2019 2285 2036 ,
2312 1990 2427 2029 utab'-
2450 2011 2467 2015 w

1370 2035 1510 2074 sentem
1527 2065 1537 2081 ‚
1566 2036 1747 2086 siquidem
1770 2041 1818 2077 ita
1851 2041 1931 2077 fatis
1956 2039 2074 2078 visum
2098 2069 2107 2085 ,
2133 2043 2273 2080 auxilio
2291 2041 2426 2080 soletur
2451 2039 2469 2083 “.’

1371 2085 1449 2124 suo.
1502 2090 1595 2135 Quo
1623 2088 1725 2128 sensu
1746 2089 1857 2128 altera
1887 2091 2020 2139 copula
2040 2091 2184 2130 videtur
2211 2092 2456 2131 redundare.=

1371 2138 1687 2186 Scaliger,Tutet,
1712 2140 1837 2178 nescio
1849 2153 1893 2178 an
1906 2153 1950 2179 ex
1961 2141 2092 2180 codice
2106 2142 2283 2189 ,legebat.
2305 2143 2424 2190 Quod
2462 2156 2468 2170 ἢ

1369 2187 1517 2226 fortass'e
1531 2188 1659 2234 ‚effet‚
1673 2190 1795 2236 Jutet.
1814 2192 1920 2229 DAN.
1942 2191 2088 2229 Hflms.
2115 2192 2204 2228 Non
2229 2191 2349 2240 placet
2368 2204 2427 2230 re-

1370 2239 1502 2287 petitio
1528 2242 1593 2276 τοῦ
1614 2241 1732 2277 Vivat.
1761 2242 1990 2289 Necjuvant
2011 2250 2135 2279 tamen
2157 2242 2236 2280 libri
2269 2251 2424 2283 veteres.

1370 2300 1417 2327 an
1438 2290 1548 2335 Jutet
1567 2301 1634 2339 pro
1657 2291 1797 2340 adjuret
1818 2291 2001 2340 scripserat
2014 2291 2172 2331 Noster?
2201 2304 2247 2332 an

1424 2340 1479 2376 Di
1495 2341 1578 2377 dent
1595 2342 1728 2378 auxilio
1741 2341 1901 2390 sublevet
1928 2356 2034 2391 usque
2044 2344 2108 2393 suo
2122 2372 2132 2387 ,

1370 2390 1454 2436 vel,
1483 2390 1536 2428 Di
1545 2392 1659 2438 facite
1685 2393 1831 2431 auxilio.
1858 2392 1919 2431 vel
1949 2393 2031 2431 date
2060 2405 2101 2431 ut
2128 2394 2273 2433 auxilio.
2312 2396 2424 2437 Scali&

1369 2453 1453 2490 ger,
1484 2448 1598 2480 Tutet.
1634 2442 1703 2480 Sed
1731 2455 1809 2481 non
1839 2443 2040 2492 persuadet.
2077 2446 2230 2483 Hem-s.
2284 2447 2451 2488 Corru-

1370 2501 1475 2541 ptum
1497 2493 1623 2531 locum
1648 2492 1721 2531 effe
1740 2495 1901 2532 constat:
1935 2507 2058 2544 neque
2079 2498 2181 2535 enim
2207 2496 2315 2535 vivat
2333 2499 2422 2539 illud

1369 2543 1532 2582 secundo
1567 2545 1655 2582 loco
1684 2544 1845 2593 positum
1876 2545 2016 2584 sensum
2046 2547 2132 2585 facit
2158 2550 2420 2590 commodum.

1371 2594 1563 2633 defiderari
1592 2606 1683 2633 vero
1703 2596 1857 2636 verbum
1872 2624 1882 2640 ‚
1901 2597 2005 2645 quod
2023 2609 2118 2634 amet
2141 2607 2271 2644 notet,
2301 2601 2358 2639 vel
2377 2600 2421 2638 fi-

1371 2646 1482 2689 mile,
1510 2658 1555 2683 ex
1584 2646 1670 2684 loco
1701 2647 1808 2695 plane
1830 2650 1984 2698 gemino
2005 2675 2017 2694 ,
2044 2649 2105 2687 lib.
2127 2660 2162 2686 v.
2185 2649 2287 2699 Elcg.
2308 2663 2344 2690 V.
2363 2663 2423 2702 23·

1371 2695 1509 2743 colligo
1524 2724 1534 2739 ,

1429 2747 1537 2783 Vivat
1557 2758 1717 2800 ametque
1735 2749 1856 2787 virum
1879 2777 1890 2795 ‚
1927 2748 2092 2801 quoniam
2113 2747 2163 2799 fic
2184 2751 2334 2799 cogitur,
2356 2751 2421 2790 ah-

1540 2802 1630 2844 sens.

1370 2847 1467 2884 forte
1502 2847 1676 2896 scripserit
1690 2878 1700 2893 ,
1739 2857 1859 2887 Servet
1875 2878 1884 2893 ,
1901 2861 1943 2889 ω·
1963 2850 2097 2886 auxilio
2117 2851 2191 2889 ἃς.
2227 2853 2426 2902 Francius,

1372 2898 1544 2945 volebat,
1573 2900 1642 2938 Illa
1662 2903 1783 2940 virum
1795 2900 1929 2940 auxilio
1956 2902 2029 2939 &c.
2056 2901 2187 2942 Butam.

2278 3356 2311 3386 ι.
2336 3339 2419 3390 'linis
