2495 3675
492 166 1428 230 FASTORUM
1536 174 1732 232 L113.

1804 179 1884 238 111.

2117 196 2218 246 219

367 286 478 344 Itur
503 289 569 345 ad
596 291 838 362 Argeos»,
875 287 992 360 (qui
1015 285 1146 347 fint,
1180 283 1268 339 sua
1291 286 1480 358 pagina
1506 285 1690 357 dicet)

433 361 587 427 Hae,
626 363 663 417 fi
686 358 1062 422 commemini,
1097 360 1493 434 praeteritaque
1517 360 1623 416 die.

367 435 531 490 Stella
554 434 884 508 Lycaoniam
911 432 1084 502 vergit
1108 430 1359 502 proclinis
1384 434 1451 488 ad
1476 433 1687 490 Arffiion

441 508 659 562 MiluiiS.
698 507 828 560 haec
855 504 942 558 illa
967 503 1127 559 nocie
1152 503 1384 560 videnda
1407 507 1569 562 venit.

221 598 320 654 795
361 581 512 654 Quid
538 578 746 634 dederit
770 577 1004 641 volucri,
1044 576 1081 630 fi
1107 576 1182 631 vis
1206 579 1562 650 cognoscere,
1598 580 1847 644 coelum;

439 654 690 707 Saturnus
716 650 890 721 regnis
915 650 979 703 ab
997 649 1134 720 Jove
1169 649 1340 721 pulsus
1366 665 1494 708 erat.

361 725 615 780 Concitat
639 723 798 776 iratus
822 722 1024 778 validos
1051 722 1274 777 Titanas
1298 724 1354 778 in
1376 743 1516 780 arma
1533 763 1550 789 ‚

432 795 696 866 Quaeque
720 794 822 849 fuit
849 794 967 851 fatis
991 795 1170 851 debita
1198 834 1212 858 ,
1250 797 1419 868 poscit
1445 817 1622 869 opem.

364 868 545 924 Matre
574 868 710 921 satus
737 866 943 930 Terra,
986 867 1282 922 monstrum
1308 870 1574 936 mirabile,
1613 885 1790 928 taurus

219 943 321 999 800

430 941 588 994 Parte
613 940 688 993 sui
713 938 923 1010 serpens
948 939 1241 1012 posteriore
1268 940 1383 996 fuit.

362 1013 531 1071 Hunc
560 1012 754 1084 triplici
780 1029 935 1066 muro
960 1012 1091 1067 lucis
1114 1013 1394 1068 incluserat
1419 1018 1543 1072 atris

438 1086 722 1140 Parcarum
748 1085 958 1140 monitu
980 1085 1113 1158 Styx
1138 1086 1370 1142 violenta
1397 1090 1601 1145 trium?

359 1158 579 1218 Viscera
603 1158 695 1229 qui
721 1157 854 1212 tauri
880 1156 1109 1213 flammis
1136 1158 1402 1214 adolenda
1425 1161 1677 1226 dediffet,

432 1233 557 1287 Sors
582 1244 723 1296 erat,
757 1243 1006 1285 aeternos
1035 1232 1249 1286 vincere
1274 1233 1421 1305 poffe
1448 1234 1612 1290 Deos·

69 1449 124 1489 les
142 1447 235 1487 sacra
257 1447 295 1485 in
319 1443 447 1494 Argeis
469 1441 649 1481 factitata:
678 1440 767 1490 quid
786 1440 834 1479 illi
848 1467 859 1485 ,
887 1439 1035 1479 Gloffae
1055 1452 1119 1479 ex-

73 1500 221 1550 plicant.
256 1496 347 1546 Argi
373 1507 458 1532 arra
482 1492 730 1539 ἀφιδρύματα.
765 1489 939 1529 emendat
963 1492 1120 1541 Scaliger

75 1549 185 1599 Argei
207 1561 288 1585 ara:
320 1546 446 1584 malim
460 1572 470 1589 ,
498 1549 632 1593 Argoae
649 1556 732 1579 arae
753 1570 762 1586 ,
799 1549 840 1579 ut
864 1541 905 1579 fit
930 1541 1028 1580 idem
1050 1554 1119 1581 nu·

77 1612 222 1643 rnerus;
250 1610 334 1636 cum
358 1597 424 1635 sint
444 1595 553 1634 etiam
573 1595 688 1643 plures
714 1593 827 1631 urbici
847 1593 970 1641 Argei.
999 1594 1119 1631 Varro

76 1651 138 1689 lib.
159 1662 214 1689 iv,
241 1649 286 1686 de
310 1649 355 1685 L.
378 1648 423 1684 L.
449 1646 594 1696 Reliqua
619 1644 714 1680 Urbis
744 1644 814 1680 loca
839 1642 921 1680 olim
950 1643 1118 1693 discreta,

79 1712 120 1738 ut
142 1705 332 1748 Argeorum
345 1696 505 1747 fhcraria
519 1724 529 1740 ‚
549 1696 587 1732 in
596 1695 722 1744 septem
742 1694 879 1743 viginti·
886 1703 999 1741 partes
1020 1694 1118 1731 Urbis

70 1753 158 1800 sunt
185 1747 348 1798 disposita.
376 1750 415 1786 ὃς
448 1748 598 1784 Livius:
628 1745 749 1782 Multa
773 1745 848 1781 alia
868 1744 1042 1793 fizcrificia
1068 1745 1116 1782 lo-

79 1814 183 1850 caque
203 1800 314 1850 sacris
333 1797 516 1847 faciundis
536 1825 546 1841 ‚
585 1810 673 1847 quae
698 1801 827 1844 Argeos
855 1795 1034 1844 Pontifices
1053 1810 1117 1832 vo-

78 1863 182 1895 cant,
209 1850 395 1888 dedicavit.
446 1849 547 1885 Hinc
563 1847 717 1896 legimus
738 1847 863 1896 passim
885 1847 922 1884 in
942 1846 1118 1885 vetustate

77 1914 177 1942 nunc
196 1902 363 1952 quintum
377 1929 387 1945 ‚
412 1911 513 1937 nunc
530 1899 672 1936 sextum
695 1899 903 1946 Argeorum
915 1897 1119 1935 sacrarium.

81 1954 257 1991 Neipor.
294 1951 387 1990 Gell.
415 1963 449 1988 x.
485 1962 541 1997 15.
580 1949 626 1986 de
649 1949 835 1993 Flamine,
861 1953 983 1997 Atque
1011 1949 1119 1987 etiam

83 2017 193 2055 quum
211 2004 240 2041 ic
258 2002 305 2040 ad
324 2008 471 2050 Argeos,
497 1999 588 2051 quod
619 2013 723 2049 neque
741 1999 844 2036 comit
861 2008 961 2048 caput
973 2028 982 2044 ‚
1011 2012 1119 2050 neque

79 2054 244 2103 capillum
267 2054 418 2102 depectit.
437 2051 513 2089 vid.
532 2050 690 2088 Vulcan.
712 2050 756 2088 ad
784 2048 936 2105 Gloffar.
954 2062 1035 2099 pag.
1063 2062 1117 2088 12.

83 2105 122 2143 ὃ(
143 2104 319 2141 Column.
340 2103 383 2141 ad
412 2103 509 2140 Enn.
529 2113 608 2150 pag.
627 2113 689 2150 9¹·
714 2101 800 2146 Joh.
819 2099 961 2146 Baptist.
980 2101 1119 2138 Fonte-

79 2155 137 2204 jus
159 2154 218 2192 lib.
240 2167 266 2191 1.
288 2165 364 2201 cap.
388 2165 422 2200 7.
449 2153 494 2189 de
506 2153 619 2191 Prisca
631 2150 844 2189 Caesiorum
860 2151 1005 2193 Gente,
1028 2151 1121 2188 Cae-

83 2205 152 2243 siae
171 2205 299 2242 Gentis
318 2205 500 2251 originem
522 2203 566 2240 ad
581 2203 740 2251 Argivos
761 2202 799 2239 ὃς
820 2213 944 2250 regem
964 2201 1121 2239 Caesum

86 2257 244 2294 referens
267 2283 277 2299 ‚
315 2256 450 2292 multos
479 2255 637 2301 Argivos
667 2253 705 2289 in
727 2251 869 2290 Italiam
896 2253 935 2290 &
958 2253 1120 2289 Romam

83 2305 216 2344 deinde
238 2303 371 2342 venisse
383 2304 533 2351 conjicit
548 2332 558 2348 ,
586 2304 623 2340 ὅ(
645 2302 730 2340 inde
742 2306 871 2352 Argeos
890 2300 961 2340 esse
979 2302 1121 2341 dicium

83 2355 208 2394 locum
224 2384 233 2398 ‚
254 2357 290 2392 in
308 2367 384 2404 quo
395 2355 547 2402 quidam
570 2355 797 2400 Argivorum
815 2353 962 2390 illustres
982 2354 1048 2391 viri
1072 2353 1124 2391 sc-

87 2406 178 2454 pulti
199 2407 356 2443 fuerunt.
383 2406 421 2442 &
450 2405 531 2441 sane
564 2404 761 2440 multarum
792 2403 1012 2441 familiarum
1046 2404 1124 2441 Ro-

88 2466 280 2492 manarum
300 2455 455 2491 nomina
472 2454 516 2490 ab
530 2455 674 2500 Argivis
685 2452 842 2490 deducta
852 2453 966 2490 fuere.
992 2453 1074 2491 Bon
1084 2467 1125 2492 M.

142 2516 227 2551 791.
252 2509 319 2540 Sua
333 2503 461 2553 pagina
483 2502 606 2550 dicet]
634 2502 767 2539 Forsan
786 2503 823 2538 in
842 2502 966 2550 aliquo
980 2503 1039 2539 sex
1057 2515 1126 2550 po-

88 2555 292 2594 steriorum.
320 2554 524 2590 exclamare
545 2552 629 2589 licet
654 2564 662 2588 :
705 2552 792 2588 Heu
809 2562 1000 2599 gemmam
1021 2552 1127 2590 amis-

85 2606 160 2645 sam
184 2605 282 2642 malo
301 2604 522 2641 litterarum!
553 2602 728 2639 Nmpon.
756 2606 840 2637 Mea
861 2601 991 2639 decem
1011 2601 1103 2640 libri.

143 2667 228 2704 792.
262 2661 348 2690 Haec
362 2651 463 2701 ,sicut
478 2652 898 2702 memini,praeteritaque
917 2651 982 2689 die.
1024 2655 1129 2701 Qua-

88 2714 174 2747 tuor
187 2706 310 2743 Vatic.
333 2710 427 2746 Hac,
441 2702 474 2751 fi
489 2703 705 2739 commemini
722 2703 973 2742 σοᾨιοεᾼκ.
1006 2704 1126 2746 nulio,

93 2764 169 2795 Hac
181 2755 229 2804 ,fi
238 2754 465 2792 commemini.
479 2754 538 2791 Nr
548 2765 654 2790 apoc.
668 2754 872 2801 Naugerius
884 2753 1021 2798 edidit,
1041 2752 1128 2801 ficut

93 2808 244 2846 memini.
281 2805 382 2853 quod
410 2805 446 2842 in
470 2805 631 2853 plurimis
651 2803 785 2850 scriptis
808 2805 989 2850 occurrit,
1016 2807 1126 2843 etiam

91 2859 199 2907 prim.
220 2855 477 2894 Ambrosiano.
495 2856 575 2897 alii,
594 2853 627 2901 st
641 2854 726 2904 quid
747 2855 901 2892 memini.
926 2854 985 2892 sed
1006 2856 1132 2903 vulga-

95 2917 131 2946 ta
151 2908 319 2955 scriptura
349 2906 442 2943 bene
469 2905 502 2943 se
525 2906 646 2942 habet.
679 2906 877 2955 quomodo
896 2905 1042 2944 Plautus
1059 2906 1132 2944 sae-

96 2971 153 3008 pe.
181 2959 380 2996 Terentius
403 2957 535 3000 etiarn,
563 2956 697 2994 Cicero
717 2983 727 2999 ,
765 2957 904 2994 Gellius
925 2965 1035 3006 atque
1061 2956 1132 2995 alii.

97 3009 266 3058 exempla
284 3009 320 3046 iu
341 3019 377 3045 re
404 3008 554 3054 protrita
575 3007 674 3054 piget
694 3008 870 3054 proferre.
907 3008 1044 3045 Hiems.

151 3071 236 3108 793,
264 3058 373 3107 Vergit
393 3058 535 3094 &clivis
554 3057 602 3093 ad
620 3056 790 3106 Arciam]
822 3057 967 3096 Eodem
989 3070 1066 3095 xvr.
1084 3057 1133 3095 est

99 3110 221 3148 Milvii
251 3109 395 3146 occasus
426 3108 647 3156 vespertinus
671 3121 680 3145 ε
714 3107 850 3146 Plinius
871 3109 957 3148 facit
976 3121 1053 3146 uno
1073 3108 1132 3146 die

99 3161 294 3198 tardiorem
314 3160 373 3197 lib.
396 3171 511 3196 xvxii.
534 3170 611 3207 cap.
632 3159 690 3195 26.
717 3161 845 3205 Caesar
865 3171 909 3200 ce·
931 3160 1012 3196 Idus
1032 3164 1134 3195 Mar-

104 3209 172 3246 tias
183 3209 308 3254 fhrales
321 3209 386 3257 sibi
409 3211 600 3246 annotavit
618 3209 801 3255 Scorpionis
818 3210 933 3257 occasu
946 3237 957 3254 ,
985 3221 1046 3247 xv,
1073 3223 1136 3246 ve-

105 3272 142 3295 ro
162 3256 334 3295 Keilendas
354 3260 491 3309 Apriles
515 3259 638 3297 Italiae
661 3259 834 3297 Milvium
851 3261 986 3307 ostendi.
1014 3260 1138 3297 Nem).

107 3309 259 3347 Declinis
277 3310 380 3349 multi
399 3322 445 3349 ex
464 3310 609 3362 scriptia
638 3312 690 3354 At
709 3310 830 3352 Urfin.
847 3311 1013 3352 Voffian.
1032 3311 1139 3360 prim.

2023 1307 2219 1364 Immo-

1174 1440 1346 1482 Ambros.
1369 1444 1499 1489 Laeti,
1525 1443 1786 1493 prim.Farnes.
1802 1444 1974 1494 proclivis.
2004 1445 2130 1495 Lege,
2138 1455 2218 1495 pro-

1175 1492 1393 1536 clinis,cum
1418 1508 1495 1533 uno
1508 1496 1687 1534 Mediceo
1700 1497 1736 1534 ὅτ
1756 1507 1833 1534 uno
1855 1496 2085 1534 Farnesiano.
2114 1496 2162 1535 fic
2178 1499 2219 1536 &

1174 1543 1337 1589 acclinis,
1365 1546 1529 1591 declinis,
1557 1546 1692 1583 reclinis
1710 1547 1889 1584 dicebant.
1917 1547 2118 1595 parimodo
2138 1547 2221 1586 scri-

1174 1594 1210 1631 bi
1231 1604 1322 1642 puto
1344 1597 1476 1635 debere
1504 1597 1601 1646 apud
1632 1597 1821 1635 Claudian.
1841 1611 1907 1635 111.
1938 1598 2047 1637 Cons.
2068 1599 2220 1636 Honor.

1177 1646 1258 1691 178.
1280 1646 1342 1684 ubi
1361 1647 1672 1687 Theodosiumin
1684 1648 1775 1686 fidus
1793 1656 1975 1686 mutatum
1997 1649 2217 1699 alloquitur,

1227 1715 1417 1747 Fortunate
1429 1719 1552 1759 parens
1564 1740 1573 1756 ‚
1597 1712 1727 1762 primos
1743 1726 1819 1750 cum
1842 1713 1965 1762 detegis
1983 1724 2077 1752 ortus
2093 1743 2105 1761 ,

1222 1761 1358 1809 Aspicis
1377 1762 1574 1799 Arcadium
1589 1790 1600 1807 ,
1626 1776 1705 1799 curn
1726 1773 1758 1800 te
1767 1763 1953 1812 proclinior
1973 1778 2069 1813 urges

1173 1862 1212 1900 H
1225 1812 1414 1850 occiduum
1432 1813 1528 1861 visus
1546 1824 1740 1852 remoratur
1765 1813 1934 1852 Honorius
1955 1817 2081 1864 ignem.

1218 1875 1320 1901 EINS.

1227 1941 1312 1977 794.
1340 1929 1536 1981 Milvius.]
1565 1932 1670 1980 Lege
1683 1958 1694 1976 ,
1707 1931 1845 1969 Miluiis
1859 1960 1869 1977 ,
1883 1944 1929 1970 ex
1939 1932 2081 1971 duobus
2098 1933 2221 1973 Vaticj

1176 1981 1352 2025 Milvius,
1381 1993 1444 2029 per
1479 1984 1492 2019 i
1523 1982 1700 2020 mendose
1727 1983 1899 2021 scribitur.
1929 1984 2110 2022 rationem
2140 1985 2221 2023 satis

1173 2032 1398 2079 probabilem
1419 2033 1574 2071 reddidit
1588 2033 1746 2072 obertus
1756 2034 1924 2072 Gifanius
1937 2035 1974 2072 in
1989 2035 2222 2074 Lucretium.

1175 2082 1345 2120 CxorAN.
1375 2082 1415 2119 In
1436 2083 1577 2121 duobus
1598 2085 1782 2121 Vaticanis
1797 2111 1806 2128 ,
1836 2084 1981 2121 Milzms.
2020 2085 2124 2122 Haec
2145 2097 2219 2124 una

1177 2133 1423 2171 ex.fame1icis
1451 2136 1489 2172 &
1520 2134 1752 2182 rapaciffirnis
1782 2134 1938 2178 avibus;
1968 2134 2054 2172 inde
2075 2137 2112 2173 in
2134 2147 2220 2183 pro·

1177 2183 1345 2221 verbium
1376 2184 1463 2222 abiit
1486 2212 1496 2227 ,
1541 2185 1700 2221 Miluina
1725 2185 1858 2232 unguis.
1889 2185 2044 2233 Hispani
2071 2185 2218 2231 dicunt,

1177 2234 1208 2270 el
1230 2234 1380 2273 Milano.
1407 2235 1546 2273 Latinis
1563 2236 1673 2273 etiarn
1696 2235 1743 2273 est
1765 2237 1932 2272 Circanea
1959 2236 2062 2280 avis,
2090 2236 2221 2275 abaffi-

1177 2285 1254 2322 duo
1279 2286 1406 2324 volatu
1437 2287 1474 2323 δί
1506 2287 1721 2324 circuitione
1746 2285 1912 2324 saltuum.
1939 2287 2117 2324 NEAPOL.
2146 2287 2221 2323 Mi-

1177 2335 1254 2372 lu‘u's
1273 2335 1353 2373 libri
1374 2337 1556 2375 meliores.
1587 2346 1626 2374 ut
1648 2338 1684 2374 ὅ(
1698 2337 1807 2385 paulo
1822 2337 1899 2384 post
1912 2365 1922 2382 ‚
1951 2337 1995 2375 de
2008 2349 2083 2386 quo
2098 2340 2220 2384 Amo<

1177 2398 1260 2425 rum
1284 2386 1344 2425 lib.
1365 2399 1411 2425 11.
1438 2388 1541 2436 Eleg.
1563 2399 1616 2424 VI.
1636 2387 1684 2424 vs.
1706 2399 1761 2434 34.
1789 2387 1934 2426 Hems.

1233 2449 1316 2484 794.
1345 2444 1437 2474 Haec
1457 2438 1520 2474 illa
1547 2439 1639 2474 noete
1667 2437 1820 2473 videnda
1846 2437 1982 2486 venia]
2037 2444 2128 2474 Haec
2143 2438 2218 2474 ima

1184 2489 1276 2523 noble
1312 2487 1468 2523 videnda
1505 2487 1604 2523 venit
1639 2486 1856 2524 emendabat
1892 2487 2058 2536 Scaliger.
2112 2488 2220 2527 Dim.

1184 2536 1330 2573 Hsms.
1358 2536 1513 2572 Videnda
1533 2535 1597 2573 tibi
1618 2537 1773 2574 Helmst.
1902 2564 1919 2581 .

1234 2596 1319 2634 795.
1346 2586 1581 2636 cognoscem]
1636 2589 1822 2636 Agnoscere
1848 2588 2050 2626 Puteaneus
2081 2588 2120 2626 &
2142 2587 2220 2628 duo

1182 2635 1255 2674 alii.

1236 2685 1321 2735 796.
1349 2691 1385 2724 A
1414 2686 1547 2739 Jove]
1595 2686 1656 2725 Ab
1675 2688 1771 2735 Jove
1799 2689 1982 2728 meliores.
2009 2689 2084 2728 dixi
2111 2689 2171 2728 lib.
2191 2692 2222 2729 1ss

1182 2736 1232 2775 vs.
1250 2737 1336 2787 236.
1363 2738 1507 2775 Hrzms.

1235 2799 1323 2836 797.
1353 2795 1394 2825 In
1409 2789 1543 2840 arma.]
1572 2789 1636 2827 Ad
1656 2795 1771 2828 Arma
1793 2790 1920 2828 Ambr.
1935 2798 2007 2830 tres
2023 2790 2167 2831 Arond.
2184 2791 2225 2830 δε

1185 2848 1344 2889 quatuor
1363 2840 1435 2877 alii.
1458 2841 1531 2879 vid.
1553 2840 1597 2878 ad
1619 2841 1728 2888 Epist.
1752 2854 1813 2878 111.
1842 2842 1923 2891 136.

1238 2889 1322 2937 798.
1350 2892 1516 2939 Qaeque
1534 2893 1607 2937 fuit
1628 2892 1720 2938 fatis
1739 2890 1894 2942 debita.]
1941 2891 2166 2943 §Quaequesit
2185 2893 2224 2930 in

1180 2940 1272 2987 satis
1291 2940 1367 2978 duo
1386 2941 1476 2978 libri.
1494 2944 1529 2979 iu
1558 2941 1698 2979 Zulich.
1722 2951 1824 2980 vetus
1844 2943 1956 2980 lectio
1985 2944 2091 2981 erasa.
2145 2944 2224 2981 Co-

1188 2991 1258 3027 dex
1279 2991 1384 3029 Laeti
1407 2992 1444 3029 &
1467 2993 1525 3030 alii
1543 3001 1634 3036 tres,
1661 2993 1793 3030 dedita.
1829 2995 1950 3039 Puto,
1975 2996 2143 3042 Qaeque
2159 2993 2225 3040 libi

1180 3041 1272 3086 fatis
1302 3042 1428 3079 debita.
1463 3054 1528 3090 pro
1557 3053 1673 3080 tentat
1699 3056 1791 3091 opem
1820 3045 1929 3082 eriam
1960 3045 2062 3093 poscit
2087 3047 2224 3083 Mazar.

1189 3090 1292 3128 Voff.
1312 3092 1489 3131 Arondel.
1505 3095 1611 3142 prim.
1629 3094 1799 3133 Ambros.
1821 3097 1928 3145 prim.
1953 3096 2092 3134 Fames.
2108 3093 2223 3145 posset

1189 3142 1249 3186 &‚
1269 3143 1361 3190 fatis
1375 3143 1481 3181 edita.
1498 3145 1590 3183 infra
1604 3172 1615 3189 ‚
1644 3146 1729 3194 856.

1193 3257 1231 3295 H
1243 3208 1366 3256 Qum
1378 3208 1485 3255 sterili
1506 3218 1617 3247 terrae
1635 3210 1818 3261 Delphicus
1839 3211 1919 3249 edat
1945 3220 2048 3261 opem.

1237 3269 1343 3296 Eius.

1245 3307 1331 3349 801.
1358 3309 1588 3364 Inclufi‘rat]
1616 3312 1807 3351 Induxerat
1825 3313 1975 3352 Putean.

1307 3373 1310 3376 ⁴
1370 3359 1433 3400 Ee
1460 3374 1482 3399 2
2033 3357 2120 3396 8οι.
2148 3358 2228 3402 Mef
