2495 3675
496 152 1438 232 FA'STORUM
1548 162 1875 223 taen,

2161 179 2254 226 135

250 294 352 362 645
390 290 500 346 Ara
527 289 615 345 fit:
654 288 759 343 huc
783 288 964 360 ignem
992 293 1149 336 curto
1175 276 1280 331 fert
1306 274 1496 331 rustica
1520 276 1656 332 testu

465 362 714 417 Sumtum
737 360 806 414 de
835 353 1026 427 tepidis
1053 351 1159 423 ipsa
1185 349 1380 404 colona
1401 348 1550 403 focis

393 435 568 507 Ligna
597 435 759 489 senex
785 429 1001 484 minuit:
1039 422 1357 496 concisaque
1382 420 1640 476 construit
1668 421 1804 482 alte3

463 510 536 562 Et
561 505 725 562 solida
747 517 921 557 ramos
945 499 1110 571 figere
1137 509 1337 569 pugnat
1363 496 1547 550 humo,

98 718 200 765 fecta
237 717 330 756 sacra
364 716 423 755 ilia
454 713 588 753 indicia
625 713 678 758 rei
713 713 867 751 alienae.
910 710 998 748 hinc
1034 707 1144 749 illudi

102 772 176 809 Πὶσ
194 767 286 815 {Aaou
311 770 369 816 ³3⁰?
387 762 498 819 πίνῃσι
529 763 625 804 λίθον
644 767 683 804 τὸ
712 762 751 806 ὃσῖ
770 765 1027 810 ωερσκνμὲντες.
1055 758 1147 797 Inde

100 825 226 872 paffirn
251 825 289 861 ὃς
308 821 432 869 lapidis
454 821 490 857 ὃ(
518 819 641 867 stipitis
662 821 818 857 nomine
836 820 1014 856 terminus
1034 827 1146 854 exau-

99 873 210 912 ditur.
262 870 507 910 Tertullianus
537 869 669 908 alicubi
692 896 703 914 ,
739 881 809 907 nec
840 868 967 912 fallor,
996 867 1147 906 vocavit

92 924 190 973 palos
206 921 425 966 terminales,
450 921 559 965 alius,
587 918 759 958 cancellos.
797 919 1060 969 Fragmentum
1082 930 1145 956 cu-

95 975 240 1024 jusdam
280 971 490 1011 sacrosancii
539 970 623 1019 (fic
650 971 830 1019 videtur)
875 968 1141 1020 psephismatis:

101 1024 233 1062 Nullus
250 1022 471 1072 christianus
496 1022 544 1059 ad
555 1024 673 1070 fana,
702 1021 760 1060 vel
773 1022 821 1059 ad
844 1031 981 1069 petras,
1011 1031 1074 1057 aut
1096 1020 1144 1056 ad

88 1076 231 1122 sontes,
258 1074 319 1111 vel
338 1074 387 1111 ad
414 1073 570 1118 arbores,
598 1086 662 1111 aut
684 1073 731 1110 ad
754 1072 917 1110 cancellos
940 1080 1000 1120 per
1030 1070 1145 1108 trivia

98 1124 236 1163 lumina
260 1125 399 1171 saciat,
427 1134 491 1162 aut
520 1133 605 1169 vota
641 1125 779 1162 reddere
801 1124 1012 1171 praesumat.
1060 1122 1143 1168 Jam

93 1176 194 1216 haud
214 1187 358 1215 novum
378 1174 444 1214 tibi
466 1175 550 1221 fiet,
577 1175 664 1224 regio
683 1175 874 1212 cancellata
895 1201 907 1218 ,
933 1172 1144 1218 cancellare,

97 1226 296 1318 §mellatio
311 1255 323 1273 ,
352 1237 446 1277 quae
467 1238 535 1277 pro
556 1227 778 1266 limitatione
797 1227 834 1264 in
856 1224 980 1263 Siculo
998 1224 1147 1262 Flacco.

142 1291 280 1317 ΕΑΡοι.

151 1330 232 1377 642.
260 1328 321 1367 Ab
341 1327 541 1380 antiquis.]
571 1329 624 1367 Hi
645 1328 779 1366 Graeci
800 1327 905 1370 sunt,
933 1326 997 1376 qui
1020 1326 1146 1369 τέρμο-

97 1392 160 1468 ἴὲς
185 1380 312 1420 dicunt
334 1394 343 1418 :
381 1391 486 1433 nos,
520 1378 593 1419 una
621 1378 764 1418 mutat-a
794 1375 910 1417 littera
931 1404 943 1422 ,
969 1377 1145 1414 terminos.

139 1443 275 1470 aanor..

150 1483 234 1529 642.
263 1486 315 1520 Tu
333 1493 462 1531 quoque
479 1494 602 1519 nomen
618 1478 764 1529 habes]
793 1484 935 1516 Numen
955 1488 1040 1515 curn
1063 1488 1143 1515 me-

96 1532 247 1572 lioribus
265 1532 478 1582 legendum.
507 1532 708 1580 Gottorph.
729 1532 768 1568 &
797 1538 866 1567 tres
889 1528 970 1572 alii,
989 1526 1042 1576 fic
1059 1542 1143 1579 quo-

99 1598 176 1634 que.
202 1584 348 1621 Hems.
383 1583 627 1620 Distintstione
646 1590 737 1631 puto
758 1580 968 1629 juvandum
988 1580 1114 1618 locum
1130 1607 1141 1624 ,

91 1633 170 1682 five
189 1647 222 1671 es
250 1633 388 1682 defhffus
405 1634 445 1669 in
465 1646 544 1682 agro
556 1633 654 1682 stipes
673 1631 717 1669 ab
745 1630 924 1682 antiquis.-
943 1629 996 1678 fic
1013 1643 1144 1680 quoque

101 1696 232 1721 numen
251 1684 368 1722 haber.
394 1683 468 1721 five
490 1683 538 1721 est
563 1683 652 1732 lapis
682 1682 742 1720 vel
764 1683 867 1730 stipes
882 1709 892 1726 ,
917 1682 1007 1719 haec
1028 1682 1145 1719 vilitas

102 1737 273 1774 materiae
293 1746 370 1773 non
398 1733 576 1783 impedit,
604 1745 682 1783 quo
713 1733 835 1771 minus
862 1733 900 1770 δε
919 1743 1060 1770 numen
1080 1733 1145 1769 ha-

100 1783 194 1824 beas.
221 1786 267 1824 de
284 1786 342 1824 illa
364 1785 524 1823 formula
540 1784 605 1834 ,fic
627 1795 781 1834 quoque,
809 1782 928 1821 modo
957 1782 1118 1820 vidimus
1133 1811 1143 1826 ,

100 1834 156 1879 jis.
174 1837 258 1883 466.
311 1846 500 1885 perperam
532 1844 625 1885 puto
654 1836 869 1882 interpretes
895 1845 958 1883 per
983 1834 1146 1884 antiquos

105 1886 267 1926 Graecos
287 1887 501 1935 intelligere.
550 1886 590 1924 in
608 1886 699 1936 agris
720 1886 873 1924 Moreti.
909 1885 947 1923 δε
976 1884 1146 1923 Cantabr.

104 1950 228 1975 nomen
254 1937 366 1975 habes.
389 1937 525 1976 Euam.

155 1988 240 2036 643.
268 1993 312 2025 Te
330 1988 396 2026 duo
416 1986 594 2037 diversas]
648 1987 837 2036 Agrorum
858 1987 1045 2031 utrimque
1066 1984 1147 2034 pos-

99 2037 258 2077 seffores.
284 2039 372 2077 Hoc
393 2048 467 2078 erat
486 2037 698 2077 sacrificium
720 2038 928 2086 privatum
958 2037 1146 2084 publicum

100 2089 215 2135 vero,
242 2090 345 2139 quod
367 2088 474 2127 fiebat
496 2090 672 2135 ἀμφιετεῖ
690 2088 793 2126 sexto
820 2089 864 2126 ab
895 2088 995 2124 Urbe
1013 2087 1146 2135 lapide.

100 2139 147 2177 de
176 2152 254 2189 quo
273 2140 405 2178 Noster
426 2140 548 2187 paullo
580 2139 671 2185 post.
717 2140 830 2177 Nunc
857 2140 978 2185 capies
1005 2138 1145 2175 Plutar-

101 2191 211 2228 chum
232 2192 268 2228 in
288 2190 361 2228 vitai
381 2191 550 2228 Numae:
580 2193 619 2230 ‘O
637 2192 656 2240 [7³
678 2192 821 2242 τὲξμων,
839 2189 923 2240 lp&
947 2184 984 2227 2'2v
1008 2192 1058 2231 τὶς
1079 2188 1142 2237 εἴη,

103 2248 161 2294 Ui
190 2244 307 2285 slew
339 2247 431 2297 αὗτῷ
459 2244 602 2299 δημοσίᾳ
630 2247 688 2293 ³39.)
719 2243 789 2297 ὶδῖςι
808 2249 855 2296 28)
888 2243 945 2285 eale
975 2245 1005 2283 932
1031 2247 1145 2296 αἱγςίἱν

101 2298 321 2352 &opto-peris>
355 2303 531 2338 NEAPOL.

153 2358 235 2400 644.
262 2356 417 2405 Binaque
439 2358 527 2393 dona
547 2354 712 2404 ferunt]
758 2353 914 2404 Binaque
931 2352 1002 2390 liba
1022 2351 1143 2389 Urfiii.

104 2404 207 2442 Voff.
230 2404 373 2442 Arond.
389 2407 531 2444 Zulich.
554 2408 688 2443 Mazar.
712 2406 870 2452 Nauger.
899 2405 938 2442 &
959 2403 1067 2441 multi
1083 2403 1144 2440 alii

104 2465 190 2491 cum
211 2453 328 2501 prima
345 2454 521 2493 editione.
542 2456 642 2503 supra
662 2455 724 2492 lib.
744 2467 771 2491 1.
798 2455 886 2500 670.

155 2507 202 2540 Et
219 2503 300 2543 date
313 2505 458 2552 paganis
476 2518 596 2542 annua
616 2504 688 2542 liba
699 2504 798 2549 focis.

100 2553 284 2602 Juvenalis
305 2553 376 2591 Sat.
396 2567 476 2593 xv1.
496 2565 555 2604 39.
581 2552 743 2602 apposite
762 2552 808 2590 de
828 2551 1036 2589 Termino:

821 2627 931 2651 axum

152 2669 257 2718 Quod
277 2682 353 2707 mea
373 2682 449 2706 cum
471 2666 587 2704 vetulo
609 2666 710 2703 coluit
724 2617 938 2714 pulssannua
958 2663 1036 2710 libo.

99 2743 158 2784 pro
173 2744 295 2784 parte,
322 2735 432 2772 etiarn
462 2731 636 2779 superiori
662 2730 764 2768 versu
781 2731 943 2778 optimus
971 2729 1144 2766 Ambros.

100 2787 240 2823 Mazar.
259 2786 401 2824 Zulich.
423 2782 525 2820 Voli'.
545 2781 720 2819 Arondel.
741 2782 778 2818 &
797 2781 900 2818 multi
923 2781 982 2818 alii
1001 2792 1044 2817 ex
1064 2792 1144 2818 me-

99 2836 263 2874 l'roribus.
301 2836 347 2873 de
383 2844 466 2873 toto
496 2834 569 2871 hoc
602 2834 671 2869 ritu
703 2831 867 2868 videatur
904 2832 1073 2868 Pithaeus
1105 2832 1142 2868 in

105 2886 256 2924 Advers.
277 2899 324 2924 ιι.
351 2898 428 2934 cap.
450 2897 505 2931 14.
533 2885 569 2920 &
599 2882 774 2929 Rigaltius
801 2882 844 2918 ad
869 2881 1143 2930 Agrimensores

104 2949 184 2986 pag.
220 2949 274 2983 19.
320 2945 481 2974 ceterum
512 2943 582 2971 tres
605 2933 749 2970 domini
779 2931 883 2969 simul
914 2933 1139 2969 Terminum

103 2988 143 3026 in
165 2986 302 3025 trifinio
322 2987 547 3024 coronabant
567 3012 577 3028 ,
613 2995 685 3032 qua
706 2983 751 3020 de
774 2994 813 3020 re
833 2983 972 3021 Siculus
994 2983 1141 3020 Flaccus

103 3037 150 3077 de
173 3037 388 3076 conditione
407 3046 591 3085 agrorum.
619 3035 765 3071 Hiems.

154 3089 238 3136 645.
269 3094 347 3125 Ara
359 3088 405 3136 fit
423 3088 502 3130 hic,
530 3084 679 3134 ignem]
715 3084 856 3128 Verus,
886 3089 964 3121 Ara
979 3084 1048 3132 fit,
1078 3083 1143 3119 hac

105 3136 227 3185 ignem.
254 3138 362 3177 rcere.
392 3139 513 3176 ΝεΑῐ».

162 3190 245 3233 64ς.
271 3195 346 3225 Huc
367 3190 477 3237 ignem
505 3198 603 3224 curta
617 3187 689 3231 sert
711 3184 833 3231 rustica
857 3184 976 3233 tesia]
1034 3186 1144 3231 Opti-

111 3238 322 3275 musVatic.
340 3250 433 3275 curto
452 3238 544 3285 testu.
566 3237 659 3274 iic&
682 3237 841 3272 inferius.
867 3238 1032 3272 (Ixorffl.
1054 3235 1147 3279 'testu

111 3288 358 3336 recipiendum
388 3301 472 3328 cum
503 3288 726 3328 Beri‘manno
749 3315 760 3332 ,
799 3287 911 3325 etiam
942 3299 988 3324 ex
1019 3287 1147 3324 codice

2098 565 2246 622 Dum

1202 706 1372 756 Scaligeri
1387 733 1397 750 ‚
1425 705 1724 744 existimavimus.
1759 704 1856 742 Cato
1871 730 1882 746 ,
1912 708 1950 739 In
1963 703 2040 749 foco
2059 702 2168 740 calido
2187 704 2247 749 sub

1200 770 1232 795 te
1247 772 1284 794 ιιι
1303 756 1434 808 coquito
1452 756 1585 794 leniter.
1606 756 1778 794 Afranius
1799 783 1809 800 ‚
1847 754 2033 802 Indignum
2065 768 2144 791 vcro
2163 755 2248 791 dum

1201 809 1288 846 calet
1306 809 1400 857 testu.
1427 809 1533 845 DAN.
1554 808 1699 845 Heras.
1726 807 1830 843 Idem
1854 807 1891 842 &
1912 805 2082 845 Vaticani
2105 805 2222 842 vczri'us
2236 833 2248 849 ,

1203 870 1298 898 curto
1319 859 1413 908 testu.
1457 859 1628 907 Pauperis
1658 857 1707 894 est
1726 857 1857 895 habere
1875 855 2027 893 fictilem
2056 867 2125 893 nec
2153 856 2248 893 inte-

1200 924 1304 962 gram
1329 911 1497 960 patellam
1514 938 1524 954 ‚
1554 909 1592 947 &
1615 916 1723 957 rupto
1742 908 1853 946 latere
1877 915 2033 956 guttum.
2071 907 2250 944 NEAror.

1201 968 1317 1001 Curta
1340 962 1422 1011 testa
1445 962 1564 1010 Naug.
1583 960 1622 997 &
1645 958 1796 1008 quidam
1828 958 1900 995 alii.
1936 963 2045 994 Curio
2065 958 2142 1003 testo
2174 957 2249 995 Ur-

1199 1013 1263 1051 fin.
1308 1014 1347 1050 &
1380 1014 1520 1050 Mazar.
1565 1019 1660 1047 curto
1689 1019 1782 1046 texto
1817 1008 1942 1046 Petav.
1972 1007 2113 1046 Zulich.
2142 1010 2249 1053 tecto,

1199 1077 1266 1114 pro
1296 1063 1385 1109 testo.
1441 1062 1584 1101 Omnia
1616 1061 1723 1098 bene.
1757 1071 1844 1097 nam
1882 1058 2003 1100 tesiam
2030 1058 2127 1095 idem
2161 1070 2248 1096 cum

1199 1115 1294 1164 testa.
1333 1114 1466 1153 Similis
1508 1111 1692 1152 diverfitas
1726 1111 1932 1175 lectionum
1957 1109 2038 1174 lib.
2077 1122 2111 1146 v.
2159 1108 2250 1148 Fast.

1231 1179 1286 1206 10.

1201 1181 1219 1217 ς
1243 1232 1300 1266 ‘Et
1311 1230 1464 1276 fhmant
1477 1226 1564 1283 testu
1577 1225 1700 1277 pressus
1717 1234 1858 1275 uterque
1868 1223 1942 1272 fito.

1201 1293 1350 1334 Nonius
1373 1295 1538 1334 Marcell.
1567 1295 1661 1338 Tella
1687 1307 1805 1343 genere
1827 1289 2020 1338 foeminino
2033 1288 2130 1338 saepe
2151 1287 2250 1324 inve-

1200 1344 1321 1384 nitur.-
1350 1357 1471 1384 neutro
1488 1345 1581 1395 apud
1600 1345 1757 1392 obfisurae
1774 1341 1993 1379 auetoritatis
2014 1340 2077 1389 sed
2097 1340 2249 1383 summos

1192 1395 1370 1446 firiptores
1389 1398 1544 1446 legimus.
1586 1395 1648 1433 ubi
1669 1395 1715 1433 de
1733 1393 1817 1439 testu
1837 1392 1938 1431 nihil.
1965 1401 2002 1429 at
2027 1389 2181 1428 Carisius
2208 1390 2251 1428 li-

1199 1444 1265 1486 bro
1285 1450 1406 1497 primo
1422 1461 1431 1486 :
1459 1446 1685 1497 Appellamus
1704 1444 1912 1482 Heteroclita
1924 1471 1935 1488 ‚
1955 1455 1995 1479 ut
2009 1442 2086 1490 gelu
2102 1469 2110 1485 ‚
2135 1454 2224 1489 genu
2236 1468 2248 1486 ,

1198 1499 1307 1545 testu,
1334 1499 1496 1544 ’ός-ροικον.
1524 1498 1588 1546 sed
1617 1496 1755 1546 Virgilio
1786 1495 1869 1532 haec
1899 1493 1980 1540 testa
2009 1494 2047 1529 in
2067 1492 2247 1540 Georgicis.

1199 1548 1328 1589 Idem:
1347 1550 1466 1598 Teflu,
1493 1560 1534 1586 ut
1560 1561 1651 1598 genu
1668 1576 1680 1593 ‚
1707 1547 1761 1585 fl.
1778 1552 1887 1595 Caper
1907 1555 2037 1581 veteres
2064 1544 2116 1579 ait
2142 1543 2252 1579 dicere

1189 1600 1321 1648 solitos.
1347 1601 1548 1639 Mummius
1566 1600 1606 1637 in
1617 1597 1808 1637 Attellana
1823 1625 1833 1641 ,
1853 1597 1991 1642 Junins
2001 1593 2049 1630 ad
2052 1593 2248 1643 spet‘lacula

1200 1651 1243 1698 est
1263 1652 1380 1690 videre
1398 1652 1438 1689 in
1457 1651 1541 1699 testu
1565 1660 1741 1699 quantum
1768 1647 1812 1697 fit
1834 1657 1933 1696 caput
1955 1644 2166 1693 Astranias,
2192 1645 2250 1680 in-

1200 1702 1344 1750 dignum
1366 1703 1465 1740 velut
1490 1701 1559 1738 dici
1576 1700 1661 1749 solet
1690 1700 1783 1746 testu.
1815 1709 1854 1735 at
1876 1704 1979 1734 Maro
1999 1696 2119 1742 testam
2142 1696 2249 1732 dixit.

1199 1754 1392 1792 Petronius
1403 1763 1651 1802 cap.cxxxvr.
1666 1750 1826 1787 Necdum
1838 1749 2086 1797 superaveram
2108 1745 2250 1782 cellulae

1200 1804 1308 1841 limen
1323 1834 1331 1849 ‚
1344 1817 1422 1842 cum
1434 1803 1683 1841 animadverto
1693 1799 1884 1837 Enotheam
1897 1811 1975 1835 cum
1987 1796 2063 1842 testo
2074 1796 2161 1844 ignis
2176 1796 2249 1844 ple-

1201 1868 1244 1892 no
1269 1857 1477 1893 venientem.
1505 1855 1604 1892 Nam
1625 1852 1712 1890 testa
1734 1853 1857 1899 ignem
1882 1849 2065 1898 petebant.
2103 1847 2249 1884 Audim-

1203 1906 1427 1945 Rhetoricae
1463 1905 1509 1943 ad
1533 1903 1768 1941 Herennium
1794 1915 1803 1939 ε
1833 1906 1887 1937 De
1914 1910 2016 1936 tanto
2040 1898 2249 1942 patrimonio

1205 1957 1326 2004 testam
1342 1987 1351 2003 ,
1379 1970 1449 2006 qna
1463 1955 1531 2006 fibi
1548 1964 1648 2004 petat
1668 1955 1779 2002 ignem
1794 1980 1804 1997 ,
1832 1964 1901 1989 non
1921 1949 2072 1999 reliquit.
2118 1949 2187 1986 Sed
2211 1951 2250 1986 δε

1201 2008 1287 2056 testu
1307 2018 1449 2047 veteres
1472 2006 1663 2048 dicebant,
1691 2004 1815 2052 utjam
1830 2002 2002 2040 vidimus.
2029 1998 2140 2036 Unde
2155 1999 2249 2036 Var-

1202 2071 1244 2097 ro
1266 2060 1326 2097 lib.
1350 2071 1402 2097 1V.
1430 2059 1475 2096 de
1496 2058 1540 2094 L.
1556 2058 1601 2094 L.
1629 2054 1841 2103 Testuatium
1865 2052 1954 2103 quod
1975 2053 2011 2087 in
2033 2049 2116 2096 testu
2136 2050 2248 2086 calido

1201 2111 1417 2159 coquebatur.
1450 2110 1644 2156 Perperam
1674 2117 1765 2142 vero
1792 2103 1937 2152 plurimi
1968 2109 2108 2138 veteres
2137 2113 2247 2136 curva

1201 2160 1283 2205 testa
1302 2173 1367 2209 pro
1385 2170 1485 2197 curta
1512 2160 1549 2196 in
1580 2156 1740 2195 Nasone.
1770 2155 1871 2203 supra
1899 2153 2017 2190 media
2046 2150 2166 2198 testam
2195 2166 2248 2187 re-

1199 2211 1322 2249 liliam
1343 2210 1410 2249 vid
1426 2211 1632 2249 habuimus.
1658 2205 1888 2244 Marti-atlib.
1901 2217 1965 2243 111.
1993 2203 2223 2250 Ep.1.xxx11.

1251 2276 1434 2327 Curtaque
1454 2275 1562 2312 Ledae
1572 2273 1707 2323 sobrius
1725 2271 1822 2309 hibat
1841 2269 1938 2319 testa.

1199 2340 1248 2378 fic
1269 2341 1307 2378 ὃ(
1328 2350 1466 2376 curtam
1491 2337 1645 2375 antliam
1668 2335 1777 2374 habes
1808 2336 1904 2384 apud
1926 2333 2087 2372 eundem
2108 2333 2169 2372 lib.
2192 2344 2244 2371 xx,

1198 2391 1266 2440 Ep.
1289 2404 1368 2428 xtx.
1395 2390 1455 2428 ubi
1477 2401 1587 2425 curva
1608 2398 1798 2436 perperam
1818 2397 1918 2423 nunc
1938 2386 2089 2432 legitur:

1251 2456 1315 2492 Sed
1334 2456 1374 2491 de
1393 2454 1489 2490 valle
1507 2453 1627 2495 brevi,
1655 2464 1740 2499 quas
1760 2451 1817 2486 det
1828 2449 2024 2498 sitientibus
2043 2448 2174 2493 hortis,

1304 2513 1420 2540 Curta
1437 2503 1612 2539 laboratas
1631 2501 1746 2537 antlia
1768 2501 1864 2536 ducit
1881 2513 2003 2548 aquas.

1201 2563 1256 2600 Ita
1276 2565 1418 2612 optime
1439 2564 1516 2600 libri
1541 2570 1691 2600 veteres.
1728 2561 1823 2598 ducit
1857 2572 1923 2609 pro
1950 2560 2080 2598 haurit.
2110 2558 2157 2596 sic
2176 2558 2243 2595 du-

1201 2627 1269 2649 cere
1284 2614 1463 2661 poculum,
1485 2614 1603 2650 ducere
1615 2613 1720 2649 ubera
1737 2640 1747 2656 ,
1765 2613 1897 2661 dequo
1909 2611 2022 2658 supra.
2050 2609 2242 2657 vulgatum

1197 2664 1285 2700 illud
1299 2665 1391 2700 tollit
1411 2678 1520 2713 aquas
1540 2663 1828 2711 frigidiusculum
1850 2661 1909 2699 est.
1933 2673 2008 2698 non
2029 2659 2243 2698 dissimiliter

1199 2714 1319 2752 Divus
1341 2714 1511 2752 Paulinus
1533 2714 1694 2752 carmine
1714 2714 1756 2751 ad
1776 2713 1992 2762 Cytherium
2009 2740 2019 2756 ,

1250 2781 1344 2826 Jam
1368 2780 1490 2829 cymba
1509 2781 1662 2818 multam
1685 2780 1837 2816 duxerat
1859 2778 1964 2815 nimis
1983 2790 2128 2826 aquam.

1200 2843 1337 2881 calicem
1370 2856 1507 2882 curtum
1538 2845 1636 2882 idem
1661 2843 1834 2880 Martialis
1861 2842 1950 2880 dixit
1980 2842 2039 2879 lib.
2069 2853 2098 2877 Ι.
2133 2838 2241 2888 Epist.

1200 2906 1296 2931 xcix,

1253 2966 1322 2996 Nec
1341 2967 1459 2993 curtus
1481 2955 1627 2993 Chiones
1656 2957 1865 3006 Antiopesve
1886 2955 1990 2994 calix.

1200 3026 1237 3063 &
1257 3023 1317 3061 lib.
1337 3033 1482 3070 x11.32..

1251 3089 1403 3127 Matclla
1422 3099 1517 3125 curto
1535 3098 1635 3139 rupta
1658 3088 1762 3126 latere
1783 3087 1939 3137 mejebat.

1201 3155 1384 3204 Juvenalis
1406 3155 1528 3203 Satyra
1550 3167 1612 3191 111.

1378 3219 1505 3268 quoties
1524 3218 1650 3268 rimosa
1674 3229 1717 3258 <y
1735 3227 1835 3255 curta
1848 3217 2007 3266 fenestris

1254 3270 1339 3319 l'afia
1361 3270 1503 3307 cadunt.

2167 3336 2244 3360 cus·
