2495 3675
447 183 1098 245 TRISTIUM
1171 180 1539 239 L1n.1v.
1626 145 1975 250 Emavm.

382 288 578 355 Miles,
611 303 670 346 ut
696 289 930 345 emeritis
955 302 1064 344 non
1092 285 1166 342 est
1189 285 1306 341 satis
1330 284 1472 341 utilis
1501 286 1677 351 annis,

455 364 616 418 Ponit
643 362 711 418 ad
737 364 1012 436 antiqUOS‚
1049 378 1185 435 quae
1212 359 1332 415 tulit
1362 376 1536 421 arma,
1575 358 1759 417 Lares,

380 435 468 491 Sic
493 437 687 508 igitur,
730 436 880 491 tarda
904 436 1041 490 vires
1066 435 1343 488 minuente
1368 430 1574 488 senecta
1592 472 1607 497 ,

456 509 555 563 Me
581 526 800 583 quoque
826 508 1013 563 donari
1034 508 1140 578 jam
1168 507 1333 570 rude,
1371 519 1580 577 tempus
1608 520 1736 562 erat.

163 610 172 621 τ
234 598 301 650 25
377 581 621 654 Tempus
653 595 791 644 erat,
830 597 930 634 nec
958 598 1042 634 me
1071 580 1414 650 peregrinum
1440 579 1640 634 ducere
1666 581 1908 646 coelum,

452 657 569 711 Nec
598 654 787 708 siccam
814 652 1017 707 Getico
1040 651 1193 706 fonte
1218 652 1391 705 levare
1416 651 1582 705 sitim:

379 727 485 783 Sed
510 726 708 789 mod0‚
741 742 878 798 quos
902 725 1094 786 habui,
1135 741 1366 777 vacuum
1392 723 1643 779 secedere
1670 727 1725 782 in
1749 727 1961 782 hortos³

447 801 605 855 Nunc
633 800 912 853 hominurn
942 798 1053 852 visu
1077 796 1249 850 rursus
1275 796 1330 849 &
1358 795 1505 851 Urbe
1530 797 1648 853 frui.

385 873 472 929 Sic
501 873 679 927 animo
714 871 990 944 quondam
1018 887 1127 925 non
1154 869 1426 924 divinante
1455 870 1634 924 futura

236 962 303 1010 30

451 945 716 1016 Optabam
742 943 950 1015 placide
974 944 1154 997 vivere
1181 941 1325 1014 pofl'e
1351 943 1529 997 senex.

383 1018 423 1074 F
432 1031 514 1072 ata
539 1021 933 1089 repugnarunt:
974 1033 1110 1089 quae
1134 1053 1150 1078 ,
1180 1032 1304 1068 cum
1330 1017 1460 1070 mihi
1484 1029 1726 1088 tempora
1752 1018 1920 1090 prima

452 1090 643 1146 Mollia
668 1089 1038 1163 praebuerint,
1076 1087 1368 1162 posteriora
1392 1103 1630 1161 gravant.
1820 1105 1822 1107 ’

137 1303 233 1341 Sicut
247 1301 353 1349 fortis
368 1314 498 1352 equus,
517 1302 629 1352 spatio
651 1304 712 1355 qui
723 1302 822 1354 saepe
837 1304 994 1355 supremo

138 1355 227 1392 Vicit
250 1354 411 1403 Olympia
426 1382 436 1399 ,
465 1367 557 1391 nunc
572 1355 666 1401 senio
689 1356 849 1403 confeblu’
876 1355 1029 1407 quiescit.

85 1405 258 1444 Croni«.
323 1405 449 1443 Locus
479 1414 683 1454 corruptus.
718 1406 871 1444 ademtos
899 1408 1005 1454 prim.
1026 1403 1133 1442 Polit.

90 1458 129 1496 ὅ(
168 1456 445 1505 Rottendorph.
490 1455 670 1506 ademptus
714 1457 803 1496 alter
833 1456 1016 1495 Politiani.
1052 1455 1134 1492 ade-

80 1507 152 1558 ptis
179 1508 286 1555 prim.
309 1507 479 1545 Vatican.
510 1507 598 1546 alius
620 1536 631 1553 ,
668 1507 823 1559 adeptus.
868 1507 1013 1551 Scribe,
1042 1505 1136 1543 mul-

87 1558 133 1597 tis
160 1557 291 1607 adeptis
312 1585 323 1601 ‚
374 1558 551 1596 nimirum
582 1559 723 1607 palmis.
777 1557 849 1597 Sed
875 1570 961 1596 cum
994 1557 1136 1595 inhone-

81 1609 201 1658 standi
227 1608 379 1647 verbum
410 1610 472 1646 vix
504 1608 587 1647 alibi
617 1617 785 1649 occurrat
813 1609 910 1658 apud
934 1608 1134 1652 Nostrum

87 1668 180 1709 puto
201 1662 310 1697 etiam
331 1661 405 1697 hoc
433 1658 612 1697 distichon
631 1658 703 1699 esse
739 1672 785 1699 ex
806 1660 872 1706 iis,
900 1671 996 1710 quae
1017 1659 1136 1698 incul-

85 1718 215 1749 carunt
236 1710 406 1748 homines
424 1710 521 1748 male
543 1711 672 1750 feriati.
701 1711 847 1750 Hunis.
902 1710 1031 1749 Solum
1054 1721 1136 1748 ver-

85 1760 177 1802 bum
199 1759 438 1808 inhonestandi
465 1773 527 1799 me
554 1773 633 1799 non
655 1770 850 1806 moveret,
877 1769 918 1799 ut
945 1772 1137 1810 expunge-

86 1822 192 1856 rem,
220 1823 305 1850 cum
332 1811 441 1850 sciam
463 1811 652 1851 Nasonem
685 1812 786 1861 plura
812 1813 862 1850 ita
894 1812 1006 1850 verba
1036 1811 1136 1849 usur-

87 1861 209 1912 passe,
236 1864 274 1900 &
297 1862 512 1912 quibusdam
532 1863 643 1902 etiam
674 1862 787 1901 semel
807 1861 926 1901 modo
953 1861 1072 1900 usum.
1095 1863 1135 1900 δε

88 1913 213 1962 Scipio
234 1913 370 1952 Gentil.
388 1912 433 1952 ad
455 1913 603 1963 Apulej.
639 1914 753 1964 Apol.
780 1925 817 1952 n.
842 1922 903 1963 33.
940 1911 1136 1958 inhonesta-

90 1974 249 2003 mentum
277 1975 354 2002 non
373 1963 416 2002 ab
440 1964 601 2014 Apulejo
622 1965 740 2004 solum
755 1992 765 2010 ,
784 1963 844 2003 sed
863 1966 933 2002 &a
954 1963 1002 2002 C.
1019 1963 1134 2001 Grac-

88 2015 161 2054 cho
191 2016 281 2054 olim
314 2015 514 2054 adhibitum
546 2015 671 2055 refert.
715 2015 776 2053 sed
808 2014 966 2053 offendit
1001 2013 1135 2052 multas

85 2066 222 2115 palmas
243 2066 397 2116 adeptas.
425 2067 464 2105 &
486 2066 620 2105 vitium
645 2064 715 2105 effe
737 2066 774 2104 in
802 2066 852 2113 τῷ
874 2064 1006 2103 multas
1025 2073 1134 2114 puto,

45 2151 48 2153 Α
87 2117 194 2165 quod
213 2125 338 2155 tamen
358 2129 458 2155 nunc
488 2118 686 2167 quomodo
718 2116 942 2162 emendem,
971 2127 1049 2154 non
1070 2127 1135 2153 oc-

89 2168 211 2205 currit.
237 2179 282 2205 an
303 2168 441 2218 turpis?
467 2180 513 2207 an
537 2167 680 2207 lentus?
710 2175 809 2206 certe
828 2167 944 2206 fimile
963 2165 1054 2217 quid
1073 2165 1138 2215 dee

88 2216 221 2256 fidero.
248 2218 379 2256 ssuizm.

141 2279 218 2326 202
232 2274 273 2306 In
289 2268 444 2320 pratis.}
494 2275 536 2307 In
565 2268 693 2320 campis
721 2268 793 2308 Ed.
811 2280 866 2319 pr.
887 2267 926 2307 &
946 2268 1019 2307 MS.
1039 2267 1140 2308 Bers-

91 2329 232 2358 manni.

141 2380 203 2409 21.
231 2370 334 2408 Miles
352 2380 392 2408 ut
422 2371 573 2410 emeritis
603 2385 670 2410 non
703 2371 746 2420 est
765 2370 858 2420 satis
887 2370 986 2408 utilis
1003 2370 1138 2416 armis,

91 2422 193 2459 Ponit
209 2421 257 2457 ad
276 2422 437 2471 antiquos
448 2436 534 2471 quae
552 2423 638 2461 tulit
654 2434 758 2460 arma
781 2421 911 2472 lares.]i
923 2422 1078 2460 Pessime
1094 2422 1134 2460 δί

89 2471 297 2510 foediffime
327 2473 376 2509 ita
404 2472 535 2520 legitur
567 2475 603 2511 in
635 2473 808 2511 omnibus
846 2473 998 2522 vulgatis
1026 2473 1136 2511 libris.

90 2521 134 2559 In
157 2521 298 2560 duobus
328 2522 514 2560 Vaticanis
547 2523 595 2561 est
620 2551 631 2568 ,
667 2523 772 2560 Miles
794 2522 853 2560 ubi
880 2523 1042 2561 emeritus
1060 2525 1134 2562 ὅτε.

91 2583 171 2609 non
192 2572 270 2610 satis
290 2572 499 2611 emendate.
550 2573 592 2612 In
614 2573 724 2612 tribus
754 2574 829 2612 aliis
849 2585 896 2611 ex
929 2574 1060 2612 eadem
1081 2574 1136 2612 bi-

91 2622 276 2660 bliotheca
306 2624 344 2661 δε
376 2623 580 2662 Maffeiano
603 2623 790 2673 perspicue
817 2624 949 2674 legitur
972 2653 981 2669 ‚
1009 2625 1135 2670 annis,

90 2683 170 2711 non
199 2673 320 2712 armis.
364 2673 519 2721 Legitur
541 2703 550 2719 ,
588 2675 691 2713 Miles
719 2674 778 2713 ubi
800 2703 812 2720 ‚
856 2675 915 2714 vel
933 2687 974 2714 ut
995 2704 1006 2721 ‚
1043 2689 1134 2714 eme-

94 2724 183 2761 ritus
203 2738 270 2761 non
289 2724 332 2772 est
353 2725 437 2772 satis
458 2725 555 2762 utilis
578 2726 684 2763 annis
712 2726 836 2771 Ponit,
864 2737 937 2766 σε.
990 2727 1134 2767 Dicitur

94 2776 195 2813 enim
224 2777 369 2824 proprie
396 2775 493 2812 miles
519 2776 679 2813 emeritus
703 2804 714 2819 ,
748 2778 811 2824 qui
833 2777 961 2815 militia
985 2778 1135 2826 perfun-

96 2825 173 2863 ‹stus
193 2854 204 2871 ‚
242 2826 320 2875 poll
339 2838 454 2864 annos
483 2840 542 2864 xx.
573 2836 612 2865 ut
635 2826 883 2875 jurisconsulti
904 2828 1042 2866 docent
1063 2829 1087 2867 1.
1108 2843 1136 2868 1.

94 2876 192 2915 Cod.
212 2877 257 2915 de
283 2878 517 2915 excusatione
551 2887 812 2916 veteranorum
835 2906 846 2922 ,
894 2878 918 2916 1.
946 2889 982 2916 2.
1014 2879 1058 2916 C.
1088 2880 1135 2918 de

94 2938 134 2964 re
163 2928 268 2965 milit.
305 2929 325 2965 1.
360 2929 423 2966 ult.
446 2928 540 2967 Cod.
571 2929 617 2967 de
638 2930 692 2968 his
715 2957 725 2973 ,
771 2930 834 2979 qui
861 2941 939 2967 non
978 2930 1135 2978 impletis

93 2977 276 3027 stipendiis
306 2979 534 3017 sacramento
559 2979 668 3018 soluti
692 2980 771 3018 sunt
792 3008 802 3024 ‚
837 2980 874 3017 &
896 2980 918 3017 l.
957 2983 1136 3020 veteranis

95 3027 192 3066 Cod.
211 3030 361 3078 quando
380 3041 585 3079 provocare
606 3042 683 3068 non
715 3032 761 3068 est
789 3029 952 3076 necesse,
982 3031 1137 3070 dimitti·

95 3084 176 3124 tur,
204 3081 247 3117 ab
275 3093 391 3130 eaque
415 3085 649 3119 vacationem
671 3082 794 3121 habet.
833 3082 879 3119 Et
900 3082 1054 3120 Tacitus
1076 3083 1136 3121 sub

95 3127 209 3167 finem
231 3131 288 3168 lib.
301 3143 328 3169 1.
360 3131 591 3182 Centefimam
624 3146 739 3169 rerum
761 3131 943 3170 venalium
959 3133 1028 3183 poll
1049 3133 1137 3170 bella

95 3180 219 3216 civilia
239 3182 436 3224 institutam
466 3184 665 3233 deprecante
690 3183 826 3232 populo,
855 3184 964 3220 edixit
985 3183 1136 3221 Tiberius

97 3230 251 3267 militare
279 3234 452 3270 aerarium
482 3248 515 3270 eo
536 3232 682 3283 subfidio
712 3233 780 3271 niti
804 3262 812 3277 ,
846 3233 952 3279 fimul
972 3235 1137 3283 imparnm

75 3283 82 3289 ‘
97 3280 191 3316 oneri
206 3283 470 3337 ‘Rernpublicam
493 3311 503 3328 ,
538 3285 603 3333 nisi
621 3284 776 3332 vicesimo
799 3284 948 3322 militiae
967 3299 1058 3321 anno
1077 3300 1135 3322 ve-

94 3339 212 3370 terani
234 3332 506 3385 dimitterentur,
528 3335 678 3376 Miseret
699 3347 760 3375 me
781 3337 947 3376 Merulae
973 3348 1056 3377 cum
1069 3337 1137 3377 suis

2094 1166 2237 1236 Jam-

1189 1301 1342 1340 emeritis
1359 1300 1492 1346 armis,
1520 1311 1614 1351 quae
1634 1302 1694 1340 hic
1715 1300 1813 1340 nulla
1835 1299 1927 1340 sunt.
1957 1302 2130 1342 Lucanus
2141 1303 2199 1342 lib.
2212 1308 2241 1345 ri

1241 1355 1344 1401 Qae
1358 1352 1453 1401 sedes
1470 1352 1536 1389 erit
1558 1353 1733 1391 emeritis?

1187 1402 1237 1441 Et
1258 1404 1360 1442 idem
1379 1404 1534 1441 Tacitus
1553 1404 1639 1440 loco
1664 1405 1833 1452 proxime
1855 1404 1987 1442 citato:
2031 1406 2238 1444 Percennius

1189 1465 1233 1494 (9¹
1271 1454 1456 1492 Vibulenus
1492 1453 1664 1491 militibus
1710 1468 1805 1504 agros
1840 1456 1987 1492 emeritis
2024 1454 2238 1504 largiemur?

1191 1505 1335 1550 Annis,
1361 1505 1399 1543 id
1418 1504 1467 1543 est
1481 1533 1492 1549 ‚
1522 1514 1669 1553 propter
1688 1505 1838 1555 longam
1860 1515 2018 1544 aetatem
2032 1535 2041 1550 ,
2071 1507 2238 1546 senectu-

1191 1563 1283 1594 tem.
1309 1556 1435 1594 Habes
1456 1557 1579 1605 itaque
1600 1557 1723 1594 locum
1748 1557 1919 1595 omnium
1945 1558 2086 1606 optime
2099 1558 2240 1596 restitu-

1193 1614 1274 1645 tum
1289 1635 1300 1652 ,
1327 1607 1605 1656 feliciffimeque
1625 1616 1841 1645 enarratum.
1891 1608 1966 1646 Hic
1987 1616 2110 1645 autem
2134 1609 2238 1647 locus

1191 1659 1328 1696 merito
1360 1658 1501 1707 semper
1529 1657 1709 1706 suspestus
1738 1660 1807 1696 fuit
1834 1660 1983 1707 optimo
2019 1659 2116 1696 fratri
2134 1671 2237 1704 meo,

1191 1709 1326 1747 Marco
1348 1708 1709 1747 Antonio.CxorAN.
1739 1710 1875 1747 Melius
1897 1709 2126 1747 Palatinus&
2149 1710 2209 1747 alii
2225 1736 2236 1754 ,

1191 1759 1308 1798 annis.
1336 1759 1387 1797 D.
1416 1760 1562 1797 Hiems.
1616 1759 1721 1796 Miles
1753 1770 1792 1796 ut
1824 1760 1987 1809 plerique
2009 1768 2162 1797 vetereS.
2199 1760 2239 1798 &

1191 1810 1295 1846 annis
1324 1821 1392 1858 pro
1420 1811 1542 1848 armis.
1585 1810 1698 1848 recte.
1741 1821 1829 1848 nam
1858 1809 1901 1847 τὸ
1934 1822 2038 1847 arma
2066 1809 2239 1859 sequitur,

1190 1861 1304 1898 Mart.
1326 1871 1401 1898 vu.
1428 1860 1552 1909 Epigr.
1569 1861 1629 1899 62.

1244 1911 1414 1949 Emeritos
1433 1910 1543 1960 Musis
1562 1923 1605 1951 eo·
1628 1909 1758 1948 Phoebo
1777 1910 1928 1949 tradidit
1948 1923 2068 1950 annos.

1190 1961 1333 2001 Herus.
1361 1961 1462 2000 Vide
1478 1961 1524 2000 ad
1545 1963 1654 2011 Epist.
1673 1975 1699 2001 1.
1722 1971 1806 2011 105.
1833 1962 1995 2000 emeritus
2006 1960 2157 2013 quidam
2172 1967 2237 2009 co=2

1189 2012 1287 2052 dices
1298 2028 1310 2058 ;
1339 2025 1454 2057 mox,
1471 2026 1573 2051 arma
1594 2013 1668 2051 deos
1686 2013 1843 2062 plurimi.

1242 2073 1308 2113 23,
1337 2064 1390 2101 Sic
1408 2063 1514 2112 igitur
1536 2064 1641 2101 tarda
1661 2065 1753 2101 vires
1773 2065 1948 2101 minuente
1962 2063 2129 2114 seneffia]
2158 2063 2238 2102 Va-'

1190 2115 1252 2153 tic.
1270 2115 1330 2153 lib.
1342 2115 1436 2152 hanc
1447 2114 1582 2152 habent
1601 2114 1814 2153 lectionem.
1828 2115 1940 2153 C10F.
1953 2116 2044 2152 Vires
2061 2116 2237 2152 adimente

1195 2165 1379 2204 editiones
1398 2172 1551 2203 veteres.
1578 2165 1701 2202 tardas
1720 2166 1806 2212 Jun.
1828 2165 1938 2205 Leid.
1959 2167 1996 2204 δε
2020 2166 2154 2205 Bersm.

1247 2226 1309 2267 24.
1336 2215 1546 2265 Necsiccam
1567 2216 1681 2253 Getico
1701 2217 1801 2263 fonte
1831 2216 1948 2253 levare
1962 2215 2102 2266 sitim]
2161 2216 2238 2255 Cur

1194 2271 1328 2318 aquam
1344 2267 1497 2306 Geticae
1518 2268 1678 2316 regionis
1690 2267 1723 2304 se
1735 2267 1858 2305 bibere
1869 2295 1879 2312 ,
1892 2279 2007 2317 eaque
2024 2267 2119 2312 ,fitim
2135 2267 2235 2304 suam

1195 2321 1410 2368 extinguere
1422 2346 1433 2363 ,
1446 2318 1641 2368 indignum
1656 2316 1769 2356 dicit?
1785 2318 1943 2357 Ovidius
1957 2317 2028 2367 ipse
2042 2316 2238 2367 responde:

1195 2369 1247 2408 bit
1265 2370 1326 2408 lib.
1350 2382 1396 2407 11.
1423 2368 1468 2407 de
1491 2370 1612 2407 Ponto
1635 2369 1738 2416 Eleg.
1756 2381 1830 2407 vn.

1242 2426 1412 2469 AEquoreo
1428 2419 1560 2457 bibitur
1579 2432 1656 2457 cum
1668 2419 1743 2469 sale
1762 2419 1862 2467 mista
1878 2419 1990 2469 palus.

1189 2471 1238 2510 Et
1252 2472 1312 2510 lib.
1333 2483 1394 2509 111.
1417 2471 1540 2520 Elegia
1561 2483 1587 2508 1.

1240 2529 1322 2561 Non
1343 2522 1406 2559 tibi
1418 2521 1506 2571 sint
1519 2523 1657 2568 fontes,
1685 2520 1800 2557 latices
1816 2520 1877 2569 sed
1889 2529 1992 2569 paene
2010 2520 2166 2559 marini:

1296 2573 1372 2622 Qi
1386 2582 1485 2622 potus
1499 2600 1508 2616 ,
1531 2571 1674 2610 dubium
1693 2571 1735 2620 est
1749 2598 1760 2617 ,
1786 2571 1897 2618 (istm,
1927 2571 2046 2609 alatne
2059 2570 2175 2622 fitim.

1192 2625 1239 2663 Et
1259 2623 1320 2662 lib.
1342 2636 1396 2661 1v.
1415 2623 1558 2672 Elegx.

1240 2681 1391 2712 Innatat
1406 2675 1503 2712 unda
1512 2675 1605 2720 freto
1627 2672 1734 2709 dulcis
1748 2701 1757 2717 ,
1785 2672 1957 2724 leviorque
1979 2673 2122 2711 marina
2141 2671 2210 2721 est,

1297 2728 1399 2774 §Quae
1412 2726 1587 2775 proprium
1608 2724 1703 2771 misto
1722 2724 1761 2760 de
1774 2723 1845 2773 sale
1862 2724 1993 2773 pondus
2014 2724 2128 2762 habet.

1190 2778 1275 2816 Hac
1297 2778 1406 2813 etiam
1420 2777 1465 2814 de
1477 2787 1514 2813 re
1528 2776 1765 2825 conqueritur
1785 2775 1846 2813 lib.
1865 2777 1903 2813 &
1923 2775 2101 2825 Elegiir.
2128 2786 2238 2827 aeger¹

1191 2829 1236 2867 ad
1258 2838 1436 2866 uxorem:

1243 2885 1314 2915 Nec
1333 2877 1460 2914 coelum
1477 2877 1615 2927 patior,
1645 2889 1703 2914 nec
1730 2877 1832 2926 aquis
1849 2876 2059 2926 assuevimus
2077 2877 2177 2928 ipfis,

1294 2934 1464 2977 Terraque
1485 2929 1588 2976 nescio
1607 2941 1671 2977 qno
1694 2941 1761 2963 non
1777 2929 1887 2977 placet
1909 2929 1978 2977 ipsa
1999 2929 2111 2969 modo.

1194 2981 1363 3017 Cxofix.
1400 2978 1518 3015 Gelido
1541 2981 1676 3028 Regius
1708 2979 1745 3016 &
1770 2981 1857 3017 duo.
1884 2978 2038 3028 Scythico
2060 2992 2165 3019 unus.
2184 2979 2239 3027 lai

1193 3044 1280 3067 vare
1297 3030 1381 3077 Jun.
1403 3031 1440 3067 &
1454 3029 1562 3066 Leid.

1244 3093 1302 3127 27.
1333 3086 1456 3128 Vacuos
1478 3079 1624 3127 secedere
1652 3081 1692 3117 in
1722 3078 1872 3129 horton]
1903 3079 2027 3130 Lege,
2057 3088 2235 3127 vacuum,

1193 3133 1267 3170 hoc
1296 3131 1344 3168 est
1373 3131 1547 3168 otiosum.
1601 3131 1698 3168 Vide
1731 3131 1833 3179 supra
1871 3131 1973 3180 Eleg.
2001 3145 2063 3171 111.
2093 3135 2140 3171 vs.
2170 3143 2236 3179 77.

1194 3184 1334 3220 Hiems,
1360 3182 1407 3220 Et
1427 3183 1487 3220 lib.
1505 3194 1550 3219 Π.
1572 3192 1660 3232 239.
1697 3182 1759 3218 Sed
1788 3195 1919 3233 quoque
1939 3196 2019 3232 quos
2039 3184 2145 3220 habui
2165 3196 2236 3218 va-

1193 3247 1269 3271 cuos
1306 3232 1413 3270 Bern.

1246 3283 1307 3324 28.
1335 3289 1381 3321 Et
1401 3283 1521 3334 urbe.]
1577 3288 1620 3322 In
1639 3283 1721 3324 urbe
1748 3284 1894 3334 Junian.
1915 3285 2049 3332 Regius
2071 3285 2106 3319 ὃ(
2131 3282 2237 3329 prim.

1193 3335 1291 3377 Edit.
1887 3335 1891 3337 ’

1372 3387 1568 3427 Mmmm
1597 3400 1621 3437 2.
2044 3393 2103 3431 30·
2131 3383 2247 3432 Opta-⁴„

2135 191 2256 266 -639
2332 207 2339 211 .
