2495 3675
229 153 332 223 ,μ
726 141 1277 201 P.0V1D11

1351 140 1881 205 NASONIS

391 259 488 311 105
527 241 580 299 Si
609 241 708 298 fuit
734 244 820 299 hic
848 244 1061 299 animus
1083 244 1269 305 nobis;
1311 242 1379 295 ita
1409 241 1639 312 parcite,
1676 242 1820 298 Divi.

606 317 694 370 Sin
729 319 932 379 minus;
974 319 1072 370 alta
1100 317 1290 370 cadens
1320 314 1510 368 obruat
1536 315 1679 368 unda
1704 330 1879 388 caput.

536 388 746 444 Fallor?
786 410 850 445 an
877 390 1138 459 incipiunt
1165 387 1415 459 gravidae
1442 387 1724 442 vanescere
1752 389 1946 454 nube8‚

602 461 866 536 Vistaque
892 461 1080 516 mutati
1109 459 1371 531 frangitur
1397 461 1472 515 ira
1498 461 1685 515 maris?

535 534 663 590 Non
689 536 863 597 casm,
901 534 990 588 sed
1018 551 1112 586 vos
1138 533 1230 587 sub
1257 533 1573 588 conditione
1595 534 1771 589 vocati
1789 574 1805 599 ,

610 607 813 662 Fallere
843 623 977 679 quos
1003 623 1113 660 non
1140 605 1244 669 est,
1282 606 1415 661 hanc
1442 607 1572 661 mihi
1597 607 1747 664 fertis
1776 624 1953 680 opem.

244 821 357 862 buifle
371 850 380 868 ‚
409 820 509 870 quasi
529 817 759 869 potuiffet,s1
781 816 976 864 voluisset,
990 829 1047 856 eas
1061 830 1288 868 oppugnare,

242 877 282 912 ὃ(
307 873 460 922 Augusti
492 872 692 919 Imperium
722 869 878 908 turbare.
917 871 1033 914 haec,
1064 869 1087 907 s1
1119 870 1290 919 Pompeji

243 924 308 963 filii
327 933 387 962 aur
404 924 592 961 Antonius
614 922 854 969 loquerentur
868 948 877 963 ‚
890 919 1032 969 possent
1050 921 1217 966 tolerari,
1232 922 1292 959 sed

244 976 385 1014 Nasoni
401 974 479 1012 satis
496 982 571 1011 erat
591 973 759 1021 probare,
773 980 938 1009 mentem
958 971 1057 1009 suam
1073 972 1197 1009 faviffe
1211 973 1291 1010 Au—

244 1026 348 1075 gusto
374 1053 384 1069 ,
421 1025 455 1062 se
489 1033 578 1062 vota
608 1025 645 1060 &
676 1034 799 1072 preces
833 1022 899 1061 diis
921 1034 988 1070 pro
1015 1022 1127 1060 salute
1155 1024 1232 1071 ejus
1253 1026 1292 1061 &

246 1077 378 1114 Gentis
396 1075 513 1123 Juliae
534 1073 654 1113 fecisse
675 1089 685 1117 ;
720 1084 808 1111 nam
830 1073 889 1111 ille
908 1073 932 1111 si
953 1082 1043 1111 ratas
1063 1074 1160 1122 leges
1179 1073 1292 1112 habe-

245 1139 284 1166 re
313 1128 346 1165 se
369 1127 530 1172 diceret,
548 1125 783 1174 exprobraret
803 1124 995 1173 Augusto,
1030 1124 1168 1173 aliquid
1192 1125 1228 1162 in
1250 1125 1291 1163 iis

247 1177 352 1217 fuiffe
370 1206 381 1223 ,
420 1189 499 1216 non
529 1176 761 1214 tolerandum
800 1176 1021 1224 Quiritibus.
1049 1175 1087 1212 &
1121 1175 1193 1223 ipsa
1214 1188 1290 1213 vox

246 1241 329 1268 rata
351 1240 429 1267 non
449 1228 624 1266 convenit
645 1227 842 1265 humilitati
861 1225 1028 1264 Nasonis.
1054 1226 1181 1274 Major
1191 1227 1292 1265 enim

246 1290 324 1318 rata
343 1280 453 1318 habet
471 1278 491 1316 a
515 1279 662 1316 minore
684 1277 779 1315 faeta
800 1277 860 1315 vel
881 1286 1019 1325 optata.
1047 1286 1086 1315 ut
1107 1278 1144 1315 in
1165 1288 1294 1315 exem-

249 1331 313 1380 plo
335 1330 355 1368 a
386 1330 466 1368 viro
486 1329 601 1368 douo
628 1329 749 1367 adlato
779 1341 823 1366 ex
854 1328 956 1377 Eleg.
977 1341 1013 1366 x.
1034 1339 1093 1377 33.
1130 1330 1298 1378 §Quaeque

249 1381 344 1420 volet
365 1391 445 1418 rata
459 1379 533 1429 sint
547 1408 558 1425 ,
576 1379 613 1418 id
631 1380 693 1423 est,
709 1380 771 1418 Dii
791 1391 832 1416 ea
852 1379 1022 1424 firment,
1035 1390 1129 1429 quae
1148 1379 1208 1416 ille
1230 1391 1298 1416 vo-

248 1442 313 1470 vet
342 1433 380 1470 &
409 1441 525 1481 optat.
545 1430 620 1481 fint
641 1431 734 1480 satis
761 1430 875 1469 edidit
897 1431 1042 1480 Gryph.
1063 1431 1101 1468 &
1121 1430 1299 1470 Vincent.

250 1483 387 1522 Euan.

307 1546 391 1584 103.
420 1540 489 1572 Hoc
509 1534 593 1571 duce
602 1531 638 1582 fi
657 1532 733 1569 dixi
749 1531 866 1577 felicia
876 1530 1057 1581 ᾔτει-πίω]
1086 1531 1199 1571 Forte
1211 1531 1297 1571 fim-

250 1587 378 1636 plicius
399 1585 470 1630 est',
494 1585 592 1621 duxi.
620 1595 660 1621 ut
678 1583 720 1622 sit
736 1583 906 1628 ἡγεῖσθαι.
932 1585 1158 1631 Quanquam
1186 1596 1234 1622 ne
1257 1584 1299 1622 il-

250 1638 314 1676 lud
337 1638 489 1686 quidem
511 1634 685 1684 displicet.
731 1635 785 1671 Ut
805 1633 847 1672 sit
876 1634 1016 1677 sensus,
1046 1635 1080 1671 Si
1101 1636 1176 1673 hoc
1194 1635 1296 1673 Prin-

253 1690 335 1737 cipe
354 1688 471 1725 felicia
498 1687 590 1724 haec
619 1685 758 1723 saecula
785 1684 888 1733 saepe
908 1685 1139 1733 praedicavi,
1168 1697 1210 1723 ac
1230 1698 1297 1734 pro

249 1739 508 1778 incolumitate
539 1737 616 1785 ejus
650 1747 728 1773 rem
756 1735 890 1773 sacram
914 1737 996 1773 feci.
1025 1736 1298 1774 DAN.HF.1Ns.

252 1790 355 1827 Duxi
389 1789 508 1837 major
539 1796 708 1825 veterum
740 1797 830 1835 pars.
859 1786 910 1824 nil
941 1786 1177 1826 mutandum.
1204 1789 1299 1826 Met.

251 1853 293 1880 xr
308 1853 338 1880 r.

476 1887 613 1936 felicem
635 1886 792 1925 diximus
812 1887 880 1926 illd

306 1941 458 1991 Conjuge
476 1939 686 1978 Pirithoum.

255 2007 405 2046 Herus.
452 2002 540 2041 Vid.
558 2001 603 2039 ad
621 2001 824 2039 v111.Mer.
848 2012 931 2051 5¹9·
958 2000 1104 2040 Merula
1132 2002 1301 2051 intelligit

256 2058 401 2100 Fastos,
426 2055 462 2092 &
493 2053 656 2102 inprimis
682 2052 888 2101 Augustum
922 2053 1100 2090 mensem.
1135 2053 1194 2091 sed
1224 2055 1300 2090 Mi-

256 2109 371 2158 cyllus
404 2105 612 2153 simpliciter
643 2103 730 2140 felix
773 2103 835 2140 sub
862 2104 1028 2153 Augusto
1057 2104 1231 2142 seculum.
1261 2106 1301 2142 ὅ(

256 2159 367 2200 ῐεᾶε.
406 2158 481 2194 vid.
539 2155 733 2203 spanhem.
773 2153 819 2191 de
851 2155 928 2192 Usu
955 2157 992 2193 ὃς
1025 2154 1152 2193 Praest.
1184 2156 1301 2193 Num.

257 2209 349 2250 Diff.
373 2220 457 2246 xrr.
480 2206 678 2244 Tom.11.
698 2216 778 2252 pag.
798 2217 880 2250 442.
907 2206 1039 2243 BuaM.

315 2272 395 2308 103.
426 2264 556 2304 Proque
587 2255 731 2302 Caesare
761 2265 843 2291 tura
868 2256 926 2304 pia
956 2255 1226 2306 Caesaribusque
1247 2256 1306 2292 de-

259 2311 338 2363 di.]
366 2311 471 2348 Unus
492 2304 829 2351 Vatrc.&Maffei,
858 2306 1003 2355 Caesare
1023 2317 1129 2352 tura,
1152 2307 1221 2356 piis
1232 2318 1305 2348 <9¹0-

1343 818 1432 856 alter
1447 846 1458 864 ,
1485 818 1630 864 Caesare
1650 828 1732 857 tura
1753 820 1831 858 dedi
1849 848 1859 865 ,
1887 820 2158 872 Caesaribusque
2172 824 2251 872 piis.
2277 824 2316 862 In
2332 830 2395 864 cu-‘

1339 871 1398 920 jus
1418 881 1482 908 ora
1502 870 1718 918 adscriptum
1749 872 1820 916 est;
1849 871 1957 918 alias,
1979 874 2047 922 pia.
2083 875 2178 912 Mihi
2197 876 2395 923 legendum

1346 922 1515 964 videtur,
1546 931 1585 958 ut
1607 921 1656 959 est
1677 923 1714 960 in
1738 922 1880 961 duobus
1915 925 2051 963 excufis
2072 952 2082 968 ,
2122 938 2282 974 quorum
2308 927 2397 966 alter

1347 973 1450 1009 annis
1467 971 1598 1009 abhinc
1621 984 1706 1011 Lxx.
1734 973 1922 1021 impressus
1944 975 2015 1020 est,
2042 980 2189 1025 Caesare
2208 987 2290 1013 tura
2307 978 2398 1027 pius,

1349 1022 1625 1073 Caesaribusque
1653 1023 1743 1061 dedi.
1781 1025 1948 1063 ΕΙΟῈΑΝ.
2004 1027 2086 1064 Pius
2109 1029 2292 1066 meliores.
2318 1029 2402 1078 qui·

1349 1073 1434 1110 dam
1452 1101 1461 1117 ,
1485 1073 1581 1122 prius
1598 1101 1608 1117 ,
1634 1075 1694 1112 vel
1720 1076 1802 1113 Deis
1824 1104 1835 1121 ‚
1872 1077 1932 1114 vel
1949 1076 2021 1126 pia.
2049 1079 2197 1118 Herus.
2224 1078 2403 1118 Behotius

1345 1123 1407 1162 lib.
1428 1136 1475 1162 rr.
1503 1123 1654 1172 Apoph.
1672 1137 1707 1170 4.
1733 1137 1778 1164 ex
1796 1127 1940 1165 vetusto
1959 1128 2112 1167 codice:

1398 1174 1544 1223 Caesare
1565 1185 1646 1211 tura
1670 1176 1749 1213 dtdi
1771 1178 2042 1230 Caesaribusque
2057 1180 2149 1230 pius.

1349 1225 1494 1273 Caesare
1513 1236 1595 1261 tura
1615 1225 1681 1275 piis
1700 1227 1869 1266 Bernens.

1404 1288 1749 1345 1065Altaeadens
1769 1290 1894 1329 obruat
1912 1295 2008 1331 unda
2027 1295 2169 1346 caput.]
2207 1296 2298 1335 Duo
2311 1324 2321 1341 ,
2349 1297 2404 1334 al-

1353 1348 1391 1375 ra
1410 1352 1531 1377 maru.
1558 1339 1740 1386 totidem,
1766 1341 1843 1378 alta
1863 1357 1977 1383 ruens.
2004 1358 2098 1384 unus
2119 1374 2129 1390 ,
2167 1347 2245 1383 alta
2275 1361 2404 1386 meum.

1353 1389 1528 1428 Putabam
1551 1390 1749 1439 aliquando
1763 1421 1773 1437 ,
1801 1393 1879 1430 alta
1891 1407 2009 1432 nocens
2026 1396 2150 1433 obruat
2169 1399 2267 1435 unda
2286 1408 2402 1448 caput.

1354 1439 1420 1478 nisi
1439 1441 1542 1490 quod
1561 1441 1598 1478 id
1620 1442 1729 1489 paulo
1751 1443 1896 1493 longius
1925 1446 1999 1485 abit
2020 1445 2041 1485 a
2063 1448 2209 1498 vulgata
2227 1449 2404 1489 leetione.

1356 1491 1504 1530 Herus.
1532 1491 1684 1529 subruat
1702 1493 1870 1532 Bernens.

1409 1553 1491 1586 107.
1518 1544 1770 1594 Evanescere.]
1802 1547 1979 1595 Vanescere
1997 1549 2182 1587 meliores.
2208 1550 2351 1590 Hiems.

1409 1594 1491 1632 108.
1522 1601 1578 1631 Ira
1598 1594 1745 1644 marin]
1777 1602 1834 1633 Ira
1857 1599 1925 1635 Dei
1945 1598 2114 1639 Beruens.
2136 1601 2235 1639 unda
2247 1602 2314 1640 Dei
2323 1603 2405 1652 plu·

1350 1645 1447 1683 rimi.
1469 1645 1542 1683 vid.
1564 1646 1606 1683 ad
1627 1645 1738 1694 Epist.
1763 1659 1830 1685 xvr
1848 1660 1901 1685 ιι.
1927 1661 1961 1686 2.

1406 1708 1489 1743 109.
1518 1703 1599 1733 Non
1620 1697 1698 1744 casu
1719 1711 1779 1734 vos
1803 1726 1813 1742 ,
1841 1699 1904 1748 sed
1927 1699 1993 1746 sub
2026 1701 2216 1739 conditione
2247 1703 2403 1756 vocati.]

1354 1747 1456 1785 Nihil
1471 1747 1644 1785 turbatius
1663 1749 1762 1786 hisce
1784 1751 1957 1788 numeris.
1986 1751 2112 1789 Primo
2135 1759 2229 1800 casus
2246 1754 2402 1794 scriben-

1356 1797 1445 1836 dum
1470 1810 1555 1836 cum
1576 1798 1723 1854 vetustis
1743 1801 1929 1850 quinque3
1944 1809 1983 1839 ut
1999 1803 2098 1842 Met.
2117 1816 2198 1844 ΧΠ.

1585 1862 1664 1899 ques
1683 1860 1715 1886 te
1735 1853 1874 1898 casusve
1896 1857 2036 1891 Deusve

1405 1905 1531 1937 Servat
1545 1928 1555 1945 ‚
1583 1900 1843 1938 Achaemenide
1852 1911 1867 1941 ἓ

1356 1949 1490 1989 deinde
1513 1951 1682 1999 plurimi,
1709 1952 1768 1999 sed
1794 1967 1856 1990 vos
1876 1953 1945 2002 sub
1977 1956 2180 1994 conditione.
2209 1956 2322 2006 longe
2348 1969 2406 1997 re-

1357 2001 1459 2040 &ius
1488 2002 1737 2050 fragmentum
1758 2014 1885 2043 meum
1899 2033 1910 2051 ,
1932 2006 1994 2056 sed
2015 2007 2031 2044 ὁ
2051 2022 2110 2045 vos
2120 2007 2186 2056 sub
2204 2009 2405 2048 conditione.

1360 2061 1401 2091 ut
1421 2053 1574 2092 Phaedr.
1595 2054 1657 2092 lib,
1680 2065 1725 2091 11.
2070 2094 2075 2096 ,

1407 2110 1548 2142 Harum
1572 2114 1692 2140 autem
1712 2110 1869 2144 Matrem
1883 2107 1969 2155 fecit
1987 2108 2166 2147 haeredem
2182 2109 2288 2157 senex

1409 2153 1476 2190 Sub
1497 2155 1696 2194 conditione.

1359 2204 1481 2242 Scribe
1497 2234 1507 2250 ,

1413 2261 1494 2292 Non
1517 2256 1611 2304 casus
1625 2285 1635 2301 ,
1657 2256 1719 2306 sed
1737 2269 1777 2293 ea
1799 2271 1861 2294 vos
1883 2258 2073 2296 conditione
2091 2260 2220 2299 vocati.

1360 2306 1511 2346 Hfims.
1540 2308 1603 2344 Sed
1621 2322 1682 2346 vos
1701 2307 1790 2346 mihi
1810 2309 1905 2348 cond.
1927 2311 2078 2350 Moreti.

950 2426 1729 2518 ELEGIAIH

681 2594 785 2649 Um
816 2594 951 2649 subit
977 2594 1110 2648 illius
1141 2592 1422 2649 tristissima
1448 2595 1617 2649 noetis
1645 2596 1852 2667 imagO,

752 2668 908 2739 Quae
934 2666 1064 2719 mihi
1087 2666 1391 2737 supremum
1418 2681 1626 2736 tempus
1655 2670 1711 2724 in
1734 2669 1882 2724 Urbe
1907 2669 2040 2731 fuit3

551 2741 696 2795 Cum
724 2755 912 2812 repeto
939 2737 1182 2801 nostem,
1219 2741 1324 2809 qua
1348 2751 1429 2792 tot
1457 2739 1586 2793 mihi
1612 2759 1730 2796 cara
1756 2742 1946 2814 reliqui

629 2813 851 2866 Labitur
880 2829 949 2865 ex
974 2809 1139 2863 oculis
1164 2827 1306 2865 nunc
1333 2828 1550 2883 quoque
1579 2828 1728 2882 gutta
1753 2815 1900 2868 meis,

414 2902 441 2950 ς
547 2883 661 2953 Jam
687 2901 855 2956 prope
880 2885 970 2937 lux
996 2881 1205 2947 aderat,
1242 2886 1347 2953 qua
1369 2902 1454 2938 me
1480 2885 1752 2940 discedere
1778 2885 1969 2939 Caesar

631 2956 846 3010 Finibus
882 2970 1152 3010 extremae
1172 2956 1384 3027 juflerat
1411 2957 1695 3011 Ausoniae.

317 3179 353 3204 2.
381 3166 480 3214 §Quae
501 3162 627 3213 mihi.]
671 3163 816 3202 Omnes
839 3164 913 3202 fere
934 3163 1075 3214 scripti,
1104 3179 1188 3218 qua.
1215 3179 1310 3207 unus

265 3219 376 3258 etiam
392 3244 401 3260 ‚
431 3215 530 3267 quod-

320 3295 353 3334 3.
379 3279 537 3333 Κεῖαι]
567 3279 680 3321 Recolo
699 3279 815 3319 Servii
835 3279 967 3319 codex.

2293 3035 2408 3090 Nec

1417 3177 1450 3215 3.
1479 3171 1540 3202 Tot
1569 3165 1659 3204 mihi
1692 3180 1772 3204 cara
1803 3165 1966 3216 reliqui]
2019 3167 2200 3216 Patriam,
2228 3177 2413 3221 uxorem‚'

1366 3218 1548 3260 domum,
1578 3220 1720 3256 amicos
1740 3218 1912 3266 denique.
1943 3219 2114 3258 CrofAN.

1415 3295 1451 3331 4.
1478 3281 1626 3320 Labitur
1644 3296 1685 3322 ex
1705 3283 1807 3321 oculis
1826 3293 1911 3322 tunc
1929 3298 2062 3336 quoque
2075 3297 2179 3337 gutta
2201 3287 2353 3376 meis.]M
2369 3287 2412 3376 Itu

2358 3348 2375 3375 a
2395 3355 2413 3365 .
