2495 3675
445 146 1009 210 EPISTOLARUM
1045 147 1154 206 EX
1193 146 1478 205 ΡΟΝΤΟ.
1519 149 1640 207 Lm.
1676 150 1772 212 IV.
1823 152 2002 216 Erusr.
2041 156 2154 219 VII.

2265 159 2335 219 86
2335 181 2370 243 3*

364 258 431 326 '25
512 256 760 312 Sithonio
785 253 926 325 Regi
956 253 1098 307 ferus
1125 253 1484 324 interceperat
1510 251 1651 306 illam

581 329 795 392 Hostis,
837 326 893 380 &
917 340 1125 397 ereptas
1152 325 1323 379 vistor
1346 325 1570 380 habebat
1597 342 1743 397 opeS.

495 403 694 458 Donec
718 401 975 456 fluminea
997 398 1219 453 devefia
1246 397 1493 453 Vitellius
1521 398 1665 453 unda

571 476 788 537 Intulit,
826 471 1069 544 exposito
1096 471 1291 529 milite.
1333 470 1472 541 figna
1498 470 1671 527 Getis,

496 548 574 602 At
602 549 724 611 tibi,
759 545 1043 618 progenies
1070 545 1156 597 alti
1184 542 1462 597 fortissima
1486 544 1692 608 Dauni,

344 637 418 687 30

566 621 734 679 Venit
758 622 812 674 in
836 617 1082 672 adversos
1117 619 1347 687 impetus
1372 616 1450 670 ire
1476 617 1631 670 viros.

485 693 603 748 Nec
630 711 808 755 mora;
851 691 1167 761 conspicuus
1193 690 1357 760 longe.
1379 688 1707 760 fulgentibus
1733 694 1888 749 armis
1906 733 1920 759 ,

520 800 523 802 -
558 765 741 821 Fortia
767 783 835 820 ne
863 763 1057 837 possint
1085 761 1219 816 fasta
1244 763 1435 825 latere,
1475 779 1655 816 caves:

477 837 794 911 Ingentique
820 837 989 908 gradu
1018 850 1205 890 contra
1229 834 1540 909 ferrumque
1564 836 1883 910 locumque,

552 912 793 983 Saxaque
816 908 1055 988 brumali·
1066 908 1326 979 grandine
1354 909 1527 980 plura,
1567 908 1718 965 subis,

333 1000 401 1052 35

474 984 592 1038 Nec
616 1000 670 1037 te
694 981 840 1037 miffa
864 982 1016 1053 super
1037 982 1335 1052 jaculorum
1365 981 1515 1036 turba
1539 998 1808 1048 moratur,

546 1057 664 1112 Nec
689 1074 827 1126 quae
851 1056 1070 1126 vipereo
1096 1054 1198 1108 tela
1223 1070 1416 1108 cruore
1441 1055 1674 1110 madent.

470 1128 682 1202 Spicula
707 1147 832 1183 cum
856 1128 1005 1200 pictis
1029 1127 1250 1181 horrent
1275 1126 1330 1180 in
1356 1126 1551 1182 casside
1577 1129 1792 1199 pennis:

550 1201 784 1273 Parsque
810 1202 924 1255 fere
949 1201 1083 1254 scuti
1112 1201 1333 1254 vulnere
1361 1201 1497 1254 nulla
1524 1214 1694 1257 vacat.

473 1275 593 1331 Nec
617 1292 811 1345 corpus
835 1272 1055 1327 cunfios
1079 1272 1306 1327 feliciter
1335 1271 1526 1344 effugit
1561 1273 1725 1337 icium

326 1363 399 1415 40

178 1607 695 1656 hicsctibendum'videatur3
725 1609 770 1648 ‘ro
795 1609 924 1647 ἔθνικὸν
945 1608 1128 1656 Ἀγέσσιος
1144 1609 1218 1668 ,ιδε

178 1660 273 1698 urbis
305 1674 446 1700 nomen
479 1659 660 1709 Ἀ’γεσσὸς.
695 1661 797 1712 quod
829 1663 941 1700 etiam
970 1662 1217 1711 Alphabetico

177 1711 329 1758 ordini,
365 1726 443 1763 quo
473 1715 698 1763 epitomator
730 1715 842 1751 utitur
863 1740 874 1756 ‚
920 1724 999 1751 non
1029 1720 1219 1762 repugnat.

175 1762 354 1803 Aucrou
378 1766 524 1804 Ειεετ.
546 1765 676 1804 Erote.
703 1764 763 1801 hoc
782 1765 895 1813 Gipfhs
920 1764 1020 1803 Edit.
1031 1766 1218 1813 prim.AE-

173 1824 423 1916 gairgtrgjbfit
443 1868 482 1905 in
503 1867 635 1918 ingenio
657 1867 709 1904 nil
727 1876 804 1916 opus
827 1866 884 1916 effi:
907 1864 1008 1914 loci.]
1047 1866 1112 1903 Nil
1130 1877 1217 1913 pro-

124 1924 127 1925 ’
172 1912 270 1952 deffe
288 1916 370 1955 loca
393 1920 534 1957 munita
556 1919 614 1957 vel
635 1927 786 1962 natura,
804 1918 862 1954 vel
885 1915 1062 1965 praesidio
1085 1917 1217 1953 huma-

170 1974 236 2003 no.
267 1967 326 2005 ubi
356 1970 564 2007 notandum
585 1969 690 2017 quod
702 1968 858 2005 dicimus
886 1970 996 2022 etiam
1013 1994 1023 2010 ‚
1052 1966 1096 2012 est
1123 1965 1214 2001 mzht

171 2024 250 2064 opus
272 2017 374 2065 hujus
394 2020 453 2058 rei.
480 2031 552 2068 qua
579 2019 773 2056 locutione
804 2018 1027 2065 frequentius
1059 2024 1212 2072 utuntur

170 2066 322 2105 Poetae.
351 2070 434 2113 vel,
456 2068 560 2117 senfit
581 2080 658 2116 opus
681 2068 764 2111 loci,
793 2067 898 2105 sensit
918 2067 1058 2124 molem
1081 2068 1119 2103 &
1140 2066 1212 2122 dif-

172 2115 373 2157 ficultatem
399 2121 517 2165 urbis,
546 2121 582 2158 &
602 2120 774 2157 locorum
797 2118 886 2155 nihil
900 2115 1019 2174 effeiri
1041 2128 1207 2173 ingenio,

168 2165 244 2205 hoc
265 2169 312 2206 est
333 2173 368 2207 in
388 2172 668 2220 comparatione
687 2170 847 2218 ingenii,
872 2171 906 2205 ὃ(
927 2168 987 2204 ubi
1011 2168 1208 2205 intenderis

165 2216 371 2265 ingenium.
397 2222 478 2259 sunt
504 2224 567 2270 qui
594 2221 716 2269 legant
736 2248 746 2264 ,
784 2220 824 2256 in
840 2218 974 2266 ingenio
995 2217 1048 2253 nil
1066 2219 1131 2265 opis
1153 2217 1224 2274 ‘ffb'

167 2265 241 2306 loci.
269 2278 308 2307 ut
329 2270 370 2308 fit
398 2272 518 2314 ordo,
546 2270 650 2307 senfit
681 2270 732 2307 nil
758 2271 862 2317 opis,
890 2270 964 2305 lioc
995 2269 1041 2304 est
1065 2268 1206 2325 nullutn

166 2319 345 2357 auxilium
378 2321 449 2358 effe
484 2323 521 2358 in
552 2321 705 2369 ingenio
743 2319 851 2364 loci,
897 2322 934 2355 in
963 2328 1092 2374 natura·
1119 2319 1207 2357 loci.

167 2367 360 2407 MERULA.
390 2374 515 2419 anue
536 2383 660 2408 verior
672 2369 865 2417 expositio.
894 2370 1015 2406 innuit
1036 2382 1135 2406 enim
1150 2371 1203 2408 al·-

167 2419 364 2458 titudinem
397 2423 434 2458 &
462 2421 687 2469 asperitatem
715 2422 788 2458 loci
817 2419 907 2457 nihil
937 2419 1109 2467 profuiil‘e
1129 2422 1201 2467 illi,

166 2480 245 2517 quo
267 2473 386 2508 minus
407 2481 606 2519 caperetur.
634 2472 810 2509 Micrir..
837 2470 936 2508 Vide
959 2483 1053 2519 quae
1073 2472 1203 2521 collegi

164 2518 226 2557 lib.
249 2533 283 2558 v.
305 2522 415 2560 Trist.
436 2524 603 2561 Ciorm.
655 2523 714 2560 Ab
744 2522 878 2571 ingenio
896 2521 1043 2569 Junian.
1070 2523 1127 2571 effe
1149 2524 1202 2560 tui

168 2571 241 2608 Ms.
260 2571 391 2610 Bersm.

215 2631 279 2669 23.
308 2629 405 2660 Nam
427 2622 573 2660 dubium
589 2623 671 2673 est.]
726 2624 782 2671 Est
810 2623 908 2661 deest
932 2623 1105 2679 omnibus
1127 2625 1203 2663 fere

161 2670 360 2720 scriptis.&
388 2675 543 2711 Aldinae
566 2676 661 2712 Edit.
683 2680 744 2711 An
757 2674 925 2719 dubium,
944 2674 1202 2721 posttuJunian.

216 2733 278 2769 25¹.
305 2725 458 2762 Sithonio
479 2724 586 2773 regi.]
618 2726 704 2762 Hoc
722 2725 768 2761 est
784 2753 793 2769 ,
823 2726 1007 2762 Thraciae
1029 2727 1114 2774 regi.
1144 2727 1203 2765 Est

163 2772 265 2808 enim
289 2774 456 2814 Sithonia
475 2804 485 2819 ,
514 2787 590 2823 pars
621 2776 805 2813 Thraciae
827 2775 1007 2824 quaedam
1023 2803 1034 2820 ‚
1063 2786 1102 2813 ut
1124 2776 1202 2814 Ste—

166 2823 306 2869 phanus
325 2827 374 2863 ait
389 2855 399 2870 ‚
427 2826 447 2864 a
469 2837 540 2874 qua
558 2827 594 2863 &
620 2827 790 2863 Sithones
811 2827 847 2862 ὃς
871 2826 1053 2870 Sithonii,
1082 2839 1201 2876 popu-

163 2872 240 2917 lus,
269 2887 312 2912 ex
337 2889 413 2925 quo
433 2885 598 2923 parentes
629 2877 771 2925 Orphei
797 2877 977 2924 procreati
997 2877 1131 2922 suere,
1161 2888 1200 2916 ut

162 2922 256 2962 Plin.
274 2936 380 2965 autor
398 2928 455 2964 est-
497 2927 690 2965 Vitellium
717 2936 842 2965 autem
868 2956 878 2971 ‚
915 2927 960 2964 de
981 2939 1057 2975 quo
1076 2928 1199 2976 postea

163 2972 326 3024 sequitur
347 3006 356 3021 ‚
398 2991 475 3016 non
496 2978 607 3016 Ponti
627 3007 637 3021 ,
674 2979 734 3016 sed
760 2978 913 3016 Moesici
935 2980 1114 3017 exercitus
1132 2980 1198 3018 du·

167 3035 248 3062 cem
267 3054 278 3070 ‚
303 3039 365 3066 aut
389 3029 549 3078 legatum
571 3029 728 3079 aliquem
753 3028 856 3067 fuisse
874 3029 1061 3077 intellige,
1089 3041 1199 3080 atque

167 3075 253 3112 inde
282 3077 367 3118 Istro
388 3080 600 3118 devetstum.
649 3082 780 3130 Neque
801 3081 899 3118 enim
924 3093 968 3118 ex
992 3081 1113 3119 Ponto
1138 3094 1200 3130 per

169 3126 296 3164 Istrum
328 3129 464 3178 licebat¹
484 3132 618 3169 devehi
643 3161 651 3173 ,
689 3132 745 3170 sed
781 3132 941 3171 subvehi.
994 3131 1040 3169 Et
1065 3133 1200 3171 Pontus

168 3179 361 3225 provincia
389 3177 424 3217 in
448 3182 599 3220 adverso
627 3184 749 3221 littore
775 3212 784 3229 ‚
823 3185 897 3220 hoc
917 3183 965 3220 est
989 3211 999 3227 ‚
1038 3183 1199 3222 Asiatico

165 3239 252 3267 erat.
283 3229 341 3266 De
367 3231 506 3269 Moesia
527 3243 672 3279 autem,
704 3237 741 3272 ὃς
760 3234 975 3273 exercitibus
991 3262 1001 3278 ,
1027 3236 1090 3284 qui
1111 3237 1146 3272 in
1159 3247 1200 3273 ea

166 3289 295 3320 contra
316 3281 540 3322 incursiones
556 3285 747 3326 Dacorum
760 3314 772 3334 ‚
800 3288 838 3325 ὃς
851 3286 1028 3326 Getarum
1044 3313 1055 3332 ,
1068 3287 1104 3326 ὃς
1117 3298 1199 3325 cae-

548 1347 655 1403 Sed
680 1348 858 1404 minor
887 1345 963 1402 est
990 1345 1099 1401 acri
1122 1345 1288 1402 laudis
1313 1363 1496 1403 amore
1524 1346 1699 1403 dolor.

2214 1476 2324 1536 T'a-

1274 1616 1435 1649 terarum
1467 1612 1634 1660 gentium
1671 1611 1890 1657 tenebantur
1912 1642 1923 1660 ,
1960 1616 2085 1664 passim
2120 1617 2215 1666 apud
2238 1619 2323 1657 scri-2·

1275 1662 1570 1711 ptoreslegitur‚
1600 1665 1810 1712 praesertim
1840 1667 1902 1714 qui
1929 1666 2124 1707 Caesarum
2155 1669 2320 1709 historias

1276 1713 1530 1760 composuere.
1582 1715 1680 1753 Mox
1708 1715 1810 1764 quod
1840 1717 2023 1765 sequitur,
2054 1721 2227 1769 Progenies
2249 1720 2318 1758 alte·

1265 1762 1440 1811 fomffimi
1470 1766 1632 1811 Domni,
1672 1765 1745 1804 five
1778 1767 1843 1814 (ut
1873 1769 1958 1816 alii)
1988 1772 2107 1807 Donni
2131 1798 2141 1815 ,
2170 1783 2247 1809 non
2267 1769 2314 1809 ad

1275 1813 1468 1852 Vitellium
1493 1842 1503 1859 ,
1529 1816 1588 1853 sed
1616 1817 1662 1853 ad
1693 1817 1877 1855 Vestalem
1910 1820 2174 1859 referendum:
2213 1823 2317 1870 cujus

1272 1874 1388 1911 genus
1408 1864 1509 1912 supra
1529 1891 1540 1908 ,
1570 1877 1615 1903 ex
1648 1866 1789 1914 Alpinis
1816 1868 1947 1916 regulis
1976 1870 2176 1910 deductum
2200 1872 2314 1917 dixit,

1272 1925 1435 1960 quorum
1469 1927 1584 1953 unum
1617 1916 1655 1954 δί
1689 1922 1869 1955 Domnum
1896 1920 1995 1957 hunc
2030 1920 2133 1959 fuisse
2156 1924 2317 1971 accipio.

1272 1974 1358 2000 nam
1384 1965 1671 2004 Vitellianorum
1693 1979 1808 2015 genus
1833 1972 1955 2014 unde,
1986 1971 2023 2008 ὅ(
2052 1971 2072 2008 ὲ
2095 1974 2224 2021 quibus
2245 1985 2316 2022 po·

1268 2012 1403 2052 tiffime
1435 2016 1600 2063 coeperit
1621 2044 1631 2059 ,
1666 2028 1709 2054 ac
1729 2019 1964 2057 nobilitatum
1999 2022 2131 2067 fuerit,
2161 2023 2314 2062 Sueton.

1267 2064 1304 2100 in
1329 2066 1402 2102 vita
1425 2065 1514 2102 Auli
1535 2066 1633 2103 Caes.
1656 2066 1778 2105 docet.
1806 2069 1985 2108 Micrir..
2047 2072 2175 2122 Cotyn
2203 2073 2313 2121 intelg

1264 2113 1343 2162 ligit
1370 2115 1595 2154 dofflffimus
1615 2117 1758 2155 Auctor
1780 2119 1895 2158 Eieet.
1917 2122 2028 2160 Eton.

1315 2188 1364 2227 27
1407 2180 1604 2231 Vitellius]
1633 2180 1745 2219 Forte
1767 2183 1812 2220 A.
1834 2184 2028 2229 Vitellius,
2056 2196 2201 2234 patruus
2214 2189 2311 2226 Cae*

1264 2227 1344 2267 saris
1367 2230 1534 2276 Vitellii,
1572 2233 1636 2280 qui
1661 2232 1900 2272 Consulatum
1929 2236 2031 2285 geffit
2058 2237 2118 2275 sub
2150 2240 2305 2277 Tiberio

1263 2281 1310 2316 A.
1331 2282 1380 2318 V.
1401 2282 1445 2320 C.
1469 2293 1687 2320 nccxxciv.
1715 2283 1781 2321 nisi
1811 2285 1856 2323 ad
1880 2287 1928 2324 L.
1948 2286 2141 2327 Vitellium
2163 2300 2304 2338 patrem

1262 2332 1397 2370 referre
1419 2334 1547 2370 mavis.
1577 2334 1721 2371 Hiems.

1308 2395 1369 2434 28.
1398 2396 1564 2447 Intulit.]
1597 2397 1738 2447 Impulit
1757 2399 1901 2446 Junian.
1919 2402 2068 2452 impofito
2078 2406 2227 2456 Regius.

1311 2475 1373 2509 29.
1407 2464 1579 2512 Progenies
1605 2464 1671 2500 alti
1694 2462 1879 2512 fortzffima
1912 2469 2071 2518 Donni.]
2122 2471 2298 2519 Ignotum

1257 2512 1331 2550 hoc
1351 2527 1505 2552 nomen.
1530 2515 1660 2551 Domni
1683 2516 1788 2552 Polit.
1812 2516 1848 2551 &
1870 2517 1958 2555 osto
1978 2519 2049 2556 alii.
2076 2521 2134 2558 sex
2150 2550 2160 2566 ,
2194 2525 2296 2563 Doni.

1258 2572 1350 2607 tres,
1378 2566 1546 2612 Dampni.
1573 2565 1728 2603 totidem
1757 2593 1766 2609 ‚
1804 2568 1939 2604 Dauni.
1977 2568 2097 2608 Scribe
2121 2601 2131 2616 ‚
2171 2576 2295 2612 Dauni

1259 2626 1343 2653 cum
1367 2628 1443 2654 uno
1466 2617 1657 2654 Voffiano.
1684 2624 1722 2653 ut
1745 2616 1787 2653 ad
1808 2617 1930 2655 Tui-ni
1955 2629 2092 2667 pati-em
2109 2651 2118 2665 ,
2139 2624 2298 2663 Rutulo-

1258 2677 1339 2703 rum
1363 2678 1511 2715 regem,
1536 2667 1710 2714 respiciat.
1741 2667 1881 2704 Hfixr..
1908 2670 1968 2706 An
2003 2673 2115 2709 Fauni
2142 2674 2293 2714 scrib2re

1259 2716 1447 2755 voluerit?
1467 2718 1487 2755 a
1509 2718 1635 2756 Fauno
1655 2719 1754 2754 enim
1772 2746 1782 2762 ,
1796 2719 2038 2768 Aboriginum
2055 2735 2137 2772 rege
2153 2726 2209 2768 ,&
2226 2727 2295 2764 Vi-

1256 2767 1376 2809 tellia,
1403 2781 1498 2816 quae
1527 2769 1649 2806 multis
1677 2768 1767 2805 locis
1797 2781 1862 2816 pro
1892 2774 2045 2809 numine
2077 2775 2291 2821 colebatur,

1257 2818 1427 2856 Vitellios
1450 2829 1551 2857 ortos
1572 2818 1680 2856 tradit
1701 2819 1908 2857 Sti-‘tonius
1939 2821 2088 2860 Baasm.
2139 2827 2189 2863 At
2210 2827 2295 2865 lon·

1255 2879 1300 2916 ge
1327 2870 1371 2906 ab
1392 2871 1530 2919 alpibus
1551 2869 1691 2908 Rutuli.
1709 2869 1782 2907 illic
1807 2870 1948 2908 Idconm'
1970 2885 2122 2921 regnum
2152 2876 2296 2917 invenit

1257 2920 1450 2958 Cluverius
1470 2922 1563 2969 apud
1582 2920 1747 2959 Strabon.
1766 2921 1822 2958 lib.
1846 2934 1898 2960 iv.
1918 2924 2033 2961 Cottii
2048 2937 2160 2973 regno
2174 2929 2298 2975 proxi-

1257 2981 1384 3008 mum:
1415 2972 1576 3022 ideoque
1608 2973 1643 3008 in
1674 2973 1746 3008 hoc
1766 2972 1852 3009 loco
1872 2973 2038 3022 legebat,
2070 2978 2126 3014 vel
2149 2982 2291 3024 Donni,

1255 3021 1311 3067 (ut
1331 3023 1485 3060 &antea
1508 3023 1716 3072 legebatur)
1745 3023 1800 3059 vel
1824 3023 1973 3062 Idconni.
1993 3025 2123 3064 Aucr.
2145 3028 2293 3069 Effer.

1256 3072 1385 3111 ΕτοΝ.
1399 3074 1599 3112 Verniunus
1616 3102 1625 3117 ,
1644 3074 1834 3121 DompniP.
1848 3075 2028 3126 Damjusti
2042 3079 2289 3125 fort.Piite.in.

1312 3147 1370 3184 3o.
1397 3135 1528 3186 Virmn]
1566 3143 1668 3185 Rogos
1690 3136 1797 3175 Polit.
1824 3136 2063 3186 suspicabatur
2095 3139 2289 3185 Heiniius,

1268 3184 1375 3224 Jobos.

1252 3199 1274 3235 g
1314 3250 1366 3285 31.
1394 3243 1502 3285 Longe
1520 3237 1770 3289 fulgentibus]
1825 3239 1955 3277 Malim
1989 3251 2069 3276 curn
2106 3238 2288 3277 Fariiesia-

1258 3300 1334 3336 no,
1360 3290 1440 3327 late.
1466 3289 1558 3337 longe
1569 3289 1774 3339 fortiffimus
1793 3291 2008 3331 Mennim.

1431 3339 1567 3379 Rrrrt
1593 3352 1617 3381 2
2088 3349 2148 3388 34.
2175 3345 2289 3385 Saxa÷
