2495 3675
216 159 318 228 870
727 155 786 211 P.
862 147 1271 213 oV1D11

1342 142 1884 208 NASONIS·

505 254 623 310 Nec
651 256 935 329 querulus,
973 253 1125 309 turba
1154 247 1395 322 quamvis
1423 248 1682 315 eliderer‚
1717 250 1910 307 effem:

584 331 690 384 Sed
717 329 858 384 foret
885 331 911 384 a
940 326 1139 400 populo
1165 338 1295 377 tune
1323 321 1454 377 mihi
1479 322 1638 377 dulce
1667 325 1854 395 premi.

502 403 871 475 Prospicerem
896 400 1163 470 gaudens,
1203 405 1431 468 quantus
1454 395 1596 450 foret
1620 399 1843 479 agminis
1869 399 2044 465 orde,

586 476 873 542 Densaque
900 471 1312 543 quam-longum
1341 468 1493 523 turba
1520 483 1728 524 teneret
1754 487 1872 527 iter.

370 565 440 619 25
517 550 755 623 Quoque
783 547 947 616 magis
972 544 1118 598 noris
1145 560 1306 616 quam
1334 559 1420 595 me
1449 543 1685 614 vulgaria
1712 555 1956 616 tangant,

590 620 921 691 Spesiarem,
961 617 1131 689 qualis
1159 633 1392 688 purpura
1417 628 1470 669 te
1497 628 1722 687 tegeret.
1812 691 1822 701 ·

521 696 678 765 Signa
703 708 924 765 quoque
950 693 1005 746 in
1033 691 1152 744 sella
1175 687 1377 745 nofl'em
1404 687 1632 742 formata
1655 691 1860 758 curuli;

595 766 666 822 Et
694 778 873 819 totum
899 763 1170 819 Numidae
1194 762 1434 834 sculptile
1458 761 1634 816 dentis
1660 780 1811 834 opus·

517 838 593 895 At
623 856 745 894 cum
773 837 1032 909 Tarpejas
1059 836 1184 891 effes
1209 835 1473 891 deducitis
1502 835 1556 889 in
1583 852 1730 891 arces
1745 873 1762 900 ,

380 935 445 981 30

593 912 742 969 Dum
769 911 987 967 caderet
1021 908 1391 982 jussuvifflma
1416 907 1557 963 sacra
1583 923 1712 973 tuo;

519 985 619 1042 Me
647 1003 868 1059 quoque
892 985 1099 1040 secreto
1126 997 1300 1055 grates
1324 981 1416 1036 fibi
1443 998 1664 1053 magnus
1691 997 1941 1055 agentem

594 1058 872 1121 Andiss'et,
911 1057 1094 1113 media
1118 1058 1210 1130 qui
1233 1056 1380 1111 sedet
1404 1054 1564 1119 aede,
1606 1053 1770 1112 DeuS.
1960 1133 1969 1144 .

527 1136 790 1203 Turaque
817 1145 998 1187 mente
1021 1131 1189 1203 magis
1216 1130 1401 1203 plena,
1441 1144 1603 1201 quam
1629 1129 1808 1212 lance,
1846 1131 2134 1202 dedissem,

599 1206 718 1261 Ter
743 1220 934 1278 quater
958 1205 1168 1277 imperii
1196 1205 1366 1258 laetus
1393 1201 1602 1257 honore
1630 1215 1724 1258 tu1.

378 1302 443 1354 35
520 1280 636 1338 Hie
661 1295 764 1350 ego
793 1277 1091 1346 praesentes
1112 1278 1253 1333 inter
1278 1292 1589 1332 numerarer
1614 1277 1846 1344 amicos;

606 1352 766 1410 Mitia
787 1351 870 1422 jus
897 1351 1055 1407 Urbis
1083 1351 1123 1406 fi
1146 1350 1316 1407 modo
1341 1348 1447 1405 fata
1471 1347 1679 1406 darent.

293 1639 356 1679 23.
390 1617 658 1673 prospicerem]
688 1618 907 1670 Adspicerem
926 1618 1080 1659 P‚Dan2

291 1699 352 1740 25.
381 1691 526 1740 Quoque
546 1686 657 1735 magis
672 1684 810 1742 padda]
856 1685 1053 1724 Distichon
1077 1682 1298 1742 suspeciumss

242 1743 390 1781 Herus.
451 1745 560 1788 thue
586 1749 696 1784 magn
722 1737 796 1773 Ms.
821 1736 960 1774 Bersm.
993 1735 1115 1785 noscas·
1147 1734 1293 1784 Micyll.

244 1794 403 1843 Gryphii
423 1791 461 1829 &
484 1789 617 1827 Bersm.
640 1788 738 1826 Edit.
759 1797 913 1837 tangunt
934 1788 1020 1833 Jun,
1035 1786 1143 1826 Lem,
1166 1787 1205 1826 ὃς
1225 1788 1315 1825 Pu„

246 1853 345 1884 tean.
359 1841 578 1895 prospicerem
593 1867 602 1885 ,
621 1838 736 1890 qualis
755 1839 830 1876 Ms.
853 1838 990 1876 Bersm.

295 1907 360 1949 28.
387 1907 515 1946 Dentis
535 1904 654 1956 opita]
686 1904 783 1942 Ebur
804 1915 898 1943 unus
919 1904 1109 1943 Medonii‚
1134 1903 1195 1959 sed
1216 1915 1296 1942 ma-

242 1960 291 2000 le.
318 1959 449 1998 eadem
473 1958 625 1997 varietas
647 1956 746 2006 apud
767 1955 961 1995 Claudian.
987 1956 1144 2005 praefat,
1170 1955 1232 1994 lib.
1249 1967 1298 1994 11.

246 2011 294 2050 de
316 2012 425 2060 Rapt.

294 2074 421 2113 Pollice
432 2073 555 2122 festino
572 2071 681 2111 nobile
703 2071 808 2110 duxit
828 2072 924 2110 ebur.

245 2141 311 2181 ubi
329 2143 389 2181 alii
411 2141 580 2185 codices,
597 2149 691 2190 opus.
720 2139 874 2177 Numidi
894 2140 968 2179 Ms.
989 2139 1125 2178 Bersm.
1147 2139 1299 2188 Junian.

249 2194 290 2283 {c
313 2193 351 2231 P.
373 2194 470 2231 Dan.
490 2192 595 2230 nitidi
615 2192 775 2230 Polit.&
791 2200 951 2241 quatuor
974 2191 1299 2231 alii.munda·oeto.

286 2256 386 2282 uam.

241 2303 250 2317 '
303 2325 366 2360 29.
399 2317 455 2351 At
477 2311 594 2363 cum.]
625 2316 672 2350 Et
691 2325 769 2351 cum
791 2312 876 2360 Jun.
899 2312 938 2351 &
958 2311 1034 2352 duo
1046 2312 1120 2352 alii.
1147 2315 1297 2354 autMs.

253 2365 390 2406 Bersm.

306 2437 368 2475 30.
398 2424 547 2462 ViHima
567 2423 703 2474 sacra]
759 2423 889 2462 Hostia
917 2422 983 2462 diis
1016 2423 1133 2463 dicata
1157 2425 1196 2463 δε
1225 2426 1304 2465 exi-

255 2479 353 2516 mia:
382 2475 428 2514 de
441 2488 512 2523 qua
533 2475 636 2523 supra
659 2474 800 2513 diffitum
825 2475 873 2512 est
895 2475 1051 2513 abunde.
1080 2477 1219 2515 Modus
1241 2489 1305 2515 au-

259 2539 333 2567 tem
356 2525 580 2566 sacrificandi
611 2526 707 2574 apud
736 2526 868 2574 priscos
893 2554 903 2570 ,
938 2529 1118 2576 quoniam
1143 2539 1198 2565 res
1217 2528 1308 2566 scitu

260 2579 466 2629 dignissima
495 2577 543 2615 est
564 2605 574 2622 ,
624 2578 684 2614 hic
714 2577 819 2614 nobis
852 2579 1113 2626 exprimendus
1152 2579 1308 2618 videtur.

262 2631 509 2670 immolabant
532 2628 697 2666 consules
711 2655 721 2672 ‚
751 2630 788 2666 ὅ(
802 2641 847 2665 ex
869 2629 1115 2668 sacerdotibus
1136 2630 1194 2672 hi.
1223 2631 1308 2680 qui-

261 2682 326 2720 bus
347 2682 498 2725 licebat,
528 2680 566 2718 &
593 2692 638 2717 ex
659 2679 916 2729 haruspicibus.
946 2681 1050 2718 Lotis
1064 2682 1165 2719 enim
1180 2682 1308 2737 ⁴mani-

261 2733 327 2772 bus
342 2762 352 2778 ,
382 2734 417 2770 ἃ
438 2733 532 2770 sacra
550 2743 638 2780 pura
667 2732 1004 2779 circuinpurgantes
1024 2743 1116 2781 aqua
1131 2760 1141 2777 ,
1172 2737 1309 2790 iruges-

263 2797 337 2834 que
360 2783 499 2821 Cereris
529 2782 704 2831 capitibus
732 2782 977 2831 inspergentes
1002 2795 1009 2820 :
1050 2784 1172 2832 postea
1194 2796 1310 2841 preci-

263 2837 361 2880 bus,
400 2834 571 2882 votisque
599 2836 818 2879 nuncupatis
841 2861 851 2877 ‚
890 2834 1087 2872 immolare
1119 2846 1160 2872 ea
1200 2836 1310 2872 mini-

267 2886 354 2923 stros
374 2895 462 2923 tunc
479 2883 671 2932 jubebant.
711 2884 854 2922 Eorum
887 2896 977 2922 vero
995 2886 1056 2923 alii
1079 2885 1232 2934 quidem
1254 2886 1310 2924 su-

267 2948 328 2983 pra
350 2937 502 2974 hostiam
521 2934 673 2978 stantes,
701 2935 808 2973 vdie
839 2943 1009 2983 tempora
1029 2937 1221 2975 feriebant.
1257 2938 1310 2975 A-

267 2987 306 3023 lii
331 2998 417 3023 vero
437 2986 646 3024 cadentibus
664 2985 918 3035 supponebant
935 2987 1119 3036 sphagidas
1134 3001 1142 3026 ε
1158 2988 1313 3038 postque

269 3037 361 3075 haec
385 3039 611 3075 excoriantes
632 3065 642 3081 ,
671 3038 709 3075 &
729 3037 961 3075 membratim
984 3038 1213 3083 dividentes,
1241 3041 1314 3088 pri-

273 3088 394 3126 mitias
416 3099 460 3123 ex
483 3090 587 3125 omni
607 3087 742 3126 viscere
764 3090 801 3125 &
833 3089 940 3126 omni
962 3089 1033 3126 alio
1053 3091 1225 3128 membro
1249 3103 1312 3128 ex-

274 3138 483 3186 cipiebant:
524 3149 610 3185 quas
642 3140 754 3177 farina
777 3140 876 3177 farris
899 3141 1156 3185 involventes,
1184 3141 1314 3180 affere-

273 3190 360 3229 bant
382 3187 658 3227 sacrificantibus
681 3190 715 3225 in
745 3191 900 3228 canistris
924 3203 933 3228 z
971 3191 1084 3240 hique
1105 3194 1171 3230 aris
1192 3194 1316 3241 impo-

280 3251 407 3279 nentes
431 3268 441 3284 ‚
477 3238 742 3276 succendebant
771 3242 808 3277 &
837 3242 1079 3280 infundebant
1103 3244 1230 3281 vinum
1253 3244 1318 3282 ad-

278 3291 422 3329 versum
446 3287 642 3338 purificata.
684 3289 993 3340 Unumquodque
1013 3303 1136 3331 autem
1158 3295 1291 3344 horum
1307 3323 1319 3339 ,

277 3342 384 3398 quod
405 3341 541 3390 legibus
560 3339 687 3386 fieret,
716 3341 917 3380 constitutis
932 3342 951 3380 a
969 3343 1120 3383 Graecis
1142 3346 1321 3395 einaim:

2216 1482 2397 1557 Quae-*4

1354 1611 1604 1654 molationem
1625 1619 1637 1662 3
1673 1627 1720 1655 ex
1741 1617 1845 1666 poe'fi
1876 1618 2040 1659 Homeri
2067 1621 2172 1660 facile
2192 1622 2242 1661 est
2259 1630 2404 1674 cogno*

1350 1665 1462 1705 scere.
1515 1668 1667 1706 Etenim
1690 1668 1855 1709 lavantes
1884 1682 2014 1711 manus
2043 1673 2186 1712 inducit
2203 1686 2372 1724 proceres
2392 1705 2406 1723 ,

1353 1716 1394 1755 &
1415 1725 1561 1757 utentes
1579 1719 1724 1765 ordeis‚
1752 1721 1813 1760 ubi
1835 1721 1947 1762 dicit:
1979 1724 2165 1763 Lavantes
2185 1734 2310 1777 autem
2323 1739 2405 1767 ma-

1353 1779 1446 1813 nuS,
1475 1769 1677 1821 posteaque
1709 1772 1790 1811 ollis
1821 1773 1926 1812 ordei
1949 1775 2159 1814 immittunt
2180 1804 2192 1823 ,
2229 1778 2406 1818 deciden-

1346 1826 1483 1868 rtesque
1504 1821 1620 1860 crines
1637 1819 1659 1858 a
1681 1824 1801 1872 capite
1823 1852 1834 1869 ,
1871 1825 1911 1863 ὅ(
1932 1825 2037 1875 super
2054 1827 2180 1875 ignem
2198 1839 2406 1879 ponentes,

1353 1868 1404 1907 fic
1421 1870 1596 1910 scribens:
1626 1872 1697 1911 Sed
1722 1875 1900 1923 incipiens
1928 1878 2044 1916 crines
2065 1879 2191 1928 capitis
2218 1882 2256 1919 in
2275 1882 2403 1930 ignem

1347 1919 1454 1969 jecit.
1507 1923 1628 1969 Mox,
1658 1924 1822 1963 veOEtibus
1857 1926 2032 1967 ferientes
2061 1929 2201 1969 frontes
2231 1932 2404 1972 vistima-

1352 1981 1435 2008 rum
1449 1999 1461 2017 ‚
1489 1973 1528 2010 δε
1548 1974 1720 2013 cadentes
1743 1988 1801 2014 eas
1819 1977 2082 2025 immolantes,
2110 1989 2151 2019 ut
2171 1983 2208 2020 in
2228 1983 2404 2024 sacrificio

1354 2020 1514 2062 Eumaei
1537 2024 1638 2063 facit.
1672 2025 1807 2065 Incidit
1827 2036 1952 2067 autern
1976 2030 2155 2080 incipiens
2176 2041 2276 2072 torre
2296 2047 2406 2085 quer-

1356 2083 1420 2112 cus
1440 2103 1452 2119 ‚
1479 2074 1624 2125 reliquo
1656 2088 1834 2127 coquens.
1860 2079 1962 2118 hunc
1991 2089 2116 2121 autem
2150 2084 2298 2134 reliquit
2326 2088 2406 2126 ani·

1355 2134 1440 2163 ma:
1469 2126 1507 2164 hi
1539 2138 1631 2165 vero
1656 2128 1860 2168 mactantes
1881 2130 2050 2171 assabant.
2103 2134 2250 2174 Deinde
2271 2137 2310 2175 &
2332 2139 2409 2186 pri-

1354 2176 1477 2215 mitias
1499 2188 1545 2215 ex
1569 2178 1762 2218 visceribus
1794 2182 1981 2230 capientes
1998 2211 2010 2229 ,
2052 2185 2091 2223 &
2119 2196 2164 2223 ex
2186 2186 2261 2225 aliis
2283 2199 2405 2226 mem-

1352 2225 1444 2266 bris:
1475 2228 1515 2265 &
1535 2229 1597 2266 has
1613 2230 1731 2267 farina
1754 2231 1982 2280 aspergentes
1996 2260 2007 2277 ‚
2035 2236 2074 2272 ἃ
2097 2237 2327 2283 purificantes
2347 2239 2406 2278 su-

1353 2288 1418 2325 per
1436 2288 1536 2323 aras,
1565 2286 1605 2317 ut
1626 2279 1664 2316 in
1687 2280 1824 2318 eodem
1847 2283 1935 2320 facit
1954 2283 2141 2322 sacrificio.
2169 2287 2406 2337 Superpone-

1354 2328 1415 2366 bat
1436 2336 1562 2368 autem
1587 2329 1796 2368 semicoecis
1821 2343 1945 2370 carnes
1978 2335 2106 2373 crudas
2128 2336 2308 2386 Sybotes,
2335 2352 2405 2380 un-

1357 2379 1470 2429 dique
1489 2381 1667 2429 incipiens
1686 2381 1733 2419 de
1756 2382 1930 2420 membris
1949 2384 1987 2422 in
2017 2386 2194 2435 pinguem
2218 2388 2396 2432 hostiam:

1360 2430 1399 2468 &
1419 2431 1510 2469 haec
1539 2431 1692 2480 quidem
1725 2433 1761 2469 in
1797 2434 1922 2481 ignem
1949 2435 2042 2484 jecit
2071 2438 2240 2478 dealbans
2266 2441 2405 2484 farinae

1360 2480 1467 2522 flore.
1494 2490 1603 2520 autor
1625 2482 1827 2533 Dionysius
1855 2485 2148 2528 Halicarnasseus
2176 2490 2269 2529 libro
2297 2492 2408 2542 septi-

1362 2544 1442 2570 mo.
1470 2534 1662 2572 Menum..
1699 2535 1792 2573 Sunt
1818 2536 1909 2573 haec
1930 2538 2083 2585 quidem
2107 2540 2217 2579 verba
2237 2543 2406 2585 Halicar-

1361 2582 1496 2629 nasici,
1525 2593 1565 2622 ut
1587 2586 1625 2623 in
1657 2586 1802 2635 vulgata
1822 2586 2058 2628 translatione
2077 2591 2270 2633 habentur.
2312 2596 2408 2637 Cae·

1363 2642 1484 2673 terum
1508 2647 1587 2673 non
1616 2637 1762 2675 videtur
1782 2639 1959 2687 interpres
1987 2639 2068 2679 satis
2089 2644 2409 2696 animadvertisse,

1364 2698 1549 2735 quaenam
1572 2687 1707 2726 horum
1731 2688 1905 2739 Dionysii
1918 2717 1928 2734 ,
1941 2694 2088 2741 propria
2102 2722 2113 2739 ,
2127 2695 2164 2732 ὅ(
2179 2707 2274 2744 quae
2292 2698 2411 2738 aliun-

1365 2739 1411 2774 de
1430 2738 1539 2775 citata
1563 2738 1676 2777 essent
1697 2752 1705 2777 ε
1751 2752 1875 2789 eoque
1907 2743 2017 2780 etiam
2050 2752 2171 2784 toturn
2195 2747 2323 2787 locum
2344 2752 2414 2789 ob-

1365 2788 1563 2826 scuriorem
1584 2788 1776 2828 tradidiffe.
1806 2792 1905 2829 Nam
1927 2793 2130 2844 Dionysius
2151 2798 2313 2838 Homeri
2330 2813 2414 2841 ver-

1366 2839 1423 2877 sus
1443 2840 1568 2888 paffim
1600 2841 1712 2879 citans
1735 2869 1745 2886 ‚
1782 2854 1846 2881 eos
1876 2844 1993 2883 verbis
2020 2846 2087 2884 suis
2104 2848 2342 2898 interposuit,
2369 2861 2410 2891 ut

1368 2890 1496 2929 iisdem
1513 2919 1523 2937 ,
1552 2904 1646 2941 quae
1666 2893 1738 2941 ipse
1757 2892 1918 2940 diceret,
1952 2897 2070 2944 palam
2091 2899 2248 2947 faceret,
2278 2903 2413 2951 &pro-

1369 2941 1481 2980 baret.
1523 2952 1564 2980 ut
1601 2955 1685 2981 cum
1716 2943 1837 2990 dicit,
1883 2948 2073 2987 Lavantes'
2096 2960 2219 2989 autem
2255 2963 2410 2999 manus,

1369 2993 1493 3041 postea
1520 2994 1639 3032 molas
1665 2995 1796 3034 hordei
1828 2998 2050 3039 immittunt.
2103 3001 2234 3039 Versus
2263 3002 2312 3040 est
2330 3004 2414 3052 iliae

1368 3044 1437 3082 dos
1458 3057 1486 3082 1.

1420 3093 1639 3140 Χερνίφειντο
1658 3097 1689 3134 δ’
1708 3097 1864 3146 ἔπειτα,
1891 3101 1955 3139 καὶ
1979 3100 2182 3147 obiexis-oce
2201 3101 2387 3148 ἀνέλοντο,

1371 3145 1419 3183 Et
1439 3146 1577 3184 rursum
1598 3148 1648 3186 ibi
1669 3148 1852 3200 subjungit
1873 3180 1885 3197 ‚
1923 3152 1988 3189 Sed
2013 3151 2198 3200 incipiens,
2228 3156 2335 3195 crines
2354 3174 2411 3198 ca-

1368 3196 1450 3245 pitis
1473 3197 1642 3247 inignem
1668 3201 1775 3249 jecit.-
1805 3202 1925 3240 versus
1945 3200 1992 3238 est
2008 3229 2018 3246 ,
2049 3213 2094 3240 ex
2116 3203 2417 3258 decimoquarto

1375 3248 1562 3298 Odylieae
1582 3250 1766 3300 summm,
1795 3251 1988 3289 videlicet:

1427 3296 1537 3337 Ἀλλ’
1555 3297 1614 3395 [337⁷
1635 3300 1888 3348 ἀπαρχόμενος
1915 3303 2083 3352 κεφκλῆς
2116 3306 2250 3357 τρίχας
2272 3307 2308 3349 ἐν
2328 3315 2421 3360 πυρὶ

1584 3352 1712 3390 dalreu-

2317 3414 2421 3461 Mox
