<?xml version="1.0" encoding="UTF-8"?>
<!DOCTYPE html PUBLIC "-//W3C//DTD XHTML 1.0 Transitional//EN"
    "http://www.w3.org/TR/xhtml1/DTD/xhtml1-transitional.dtd">
<html xmlns="http://www.w3.org/1999/xhtml" xml:lang="en" lang="en">
 <head>
  <title>
</title>
<meta http-equiv="Content-Type" content="text/html;charset=utf-8" />
  <meta name='ocr-system' content='tesseract 3.04.00' />
  <meta name='ocr-capabilities' content='ocr_page ocr_carea ocr_par ocr_line ocrx_word'/>
</head>
<body>
  <div class='ocr_page' id='page_1' title='image "./publiiovidiinaso03ovid_0085.png"; bbox 0 0 2495 3675; ppageno 0'>
   <div class='ocr_carea' id='block_1_1' title="bbox 493 185 910 248">
    <p class='ocr_par' dir='ltr' id='par_1_1' title="bbox 493 185 910 248">
     <span class='ocr_line' id='line_1_1' title="bbox 493 185 910 248; baseline -0.01 0"><span class='ocrx_word' id='word_1_1' title='bbox 493 185 910 248; x_wconf 82' lang='lat' dir='ltr'>FAST</span> 
     </span>
    </p>
   </div>
   <div class='ocr_carea' id='block_1_2' title="bbox 977 171 1843 240">
    <p class='ocr_par' dir='ltr' id='par_1_2' title="bbox 977 171 1843 240">
     <span class='ocr_line' id='line_1_2' title="bbox 977 171 1843 240; baseline -0.003 -3"><span class='ocrx_word' id='word_1_2' title='bbox 977 171 1431 237; x_wconf 87' lang='lat' dir='ltr'>ORUM</span> <span class='ocrx_word' id='word_1_3' title='bbox 1540 177 1843 240; x_wconf 72' lang='lat' dir='ltr'>L1n.1.</span> 
     </span>
    </p>
   </div>
   <div class='ocr_carea' id='block_1_3' title="bbox 390 290 1738 436">
    <p class='ocr_par' dir='ltr' id='par_1_3' title="bbox 390 290 1738 436">
     <span class='ocr_line' id='line_1_3' title="bbox 390 290 1738 380; baseline -0.011 -17"><span class='ocrx_word' id='word_1_4' title='bbox 390 306 498 363; x_wconf 89' lang='lat' dir='ltr'><strong>Sub</strong></span> <span class='ocrx_word' id='word_1_5' title='bbox 521 306 645 380; x_wconf 86' lang='lat' dir='ltr'><strong>juga</strong></span> <span class='ocrx_word' id='word_1_6' title='bbox 670 307 766 361; x_wconf 84' lang='lat' dir='ltr'><strong>bos</strong></span> <span class='ocrx_word' id='word_1_7' title='bbox 794 301 1001 360; x_wconf 61' lang='lat' dir='ltr'><strong>venian</strong></span> <span class='ocrx_word' id='word_1_8' title='bbox 1041 292 1133 347; x_wconf 91' lang='lat' dir='ltr'><strong>sub</strong></span> <span class='ocrx_word' id='word_1_9' title='bbox 1160 302 1324 372; x_wconf 79' lang='lat' dir='ltr'><strong>terras</strong></span> <span class='ocrx_word' id='word_1_10' title='bbox 1350 290 1528 346; x_wconf 86' lang='lat' dir='ltr'><strong>semen</strong></span> <span class='ocrx_word' id='word_1_11' title='bbox 1559 306 1738 348; x_wconf 89' lang='lat' dir='ltr'><strong>aratas.</strong></span> 
     </span>
     <span class='ocr_line' id='line_1_4' title="bbox 464 364 1704 436; baseline -0.012 -1"><span class='ocrx_word' id='word_1_12' title='bbox 464 380 574 435; x_wconf 81' lang='lat' dir='ltr'><strong>Pax</strong></span> <span class='ocrx_word' id='word_1_13' title='bbox 599 383 855 435; x_wconf 85' lang='lat' dir='ltr'><strong>Cererem</strong></span> <span class='ocrx_word' id='word_1_14' title='bbox 878 367 1044 425; x_wconf 86' lang='lat' dir='ltr'><strong>nutrit</strong></span> <span class='ocrx_word' id='word_1_15' title='bbox 1066 383 1078 419; x_wconf 72' lang='grc' dir='ltr'><strong><em>ε</em></strong></span> <span class='ocrx_word' id='word_1_16' title='bbox 1118 380 1259 436; x_wconf 86' lang='lat' dir='ltr'><strong>paels</strong></span> <span class='ocrx_word' id='word_1_17' title='bbox 1285 365 1494 418; x_wconf 88' lang='lat' dir='ltr'><strong>alumna</strong></span> <span class='ocrx_word' id='word_1_18' title='bbox 1519 364 1704 420; x_wconf 78' lang='lat' dir='ltr'><strong>Ceres,</strong></span> 
     </span>
    </p>
   </div>
   <div class='ocr_carea' id='block_1_4' title="bbox 245 437 1790 793">
    <p class='ocr_par' dir='ltr' id='par_1_4' title="bbox 245 437 1790 793">
     <span class='ocr_line' id='line_1_5' title="bbox 245 437 1790 524; baseline -0.009 -16"><span class='ocrx_word' id='word_1_19' title='bbox 245 469 345 522; x_wconf 82' lang='lat'><strong>705</strong></span> <span class='ocrx_word' id='word_1_20' title='bbox 511 454 570 507; x_wconf 92' lang='lat' dir='ltr'><strong>T</strong></span> <span class='ocrx_word' id='word_1_21' title='bbox 591 468 724 524; x_wconf 89' lang='lat' dir='ltr'><strong>quae</strong></span> <span class='ocrx_word' id='word_1_22' title='bbox 749 458 993 500; x_wconf 84' lang='lat' dir='ltr'><strong>venturas</strong></span> <span class='ocrx_word' id='word_1_23' title='bbox 1016 437 1306 512; x_wconf 86' lang='lat' dir='ltr'><strong>praecedet</strong></span> <span class='ocrx_word' id='word_1_24' title='bbox 1330 437 1476 492; x_wconf 82' lang='lat' dir='ltr'><strong>sexta</strong></span> <span class='ocrx_word' id='word_1_25' title='bbox 1501 437 1790 506; x_wconf 75' lang='lat' dir='ltr'><strong>Kalenda8‚</strong></span> 
     </span>
     <span class='ocr_line' id='line_1_6' title="bbox 388 457 1696 588; baseline -0.011 -8"><span class='ocrx_word' id='word_1_26' title='bbox 388 457 505 588; x_wconf 80' lang='lat' dir='ltr'><strong>A</strong></span> <span class='ocrx_word' id='word_1_27' title='bbox 584 525 707 577; x_wconf 83' lang='lat' dir='ltr'><strong>Hac</strong></span> <span class='ocrx_word' id='word_1_28' title='bbox 730 519 847 574; x_wconf 89' lang='lat' dir='ltr'><strong>sunt</strong></span> <span class='ocrx_word' id='word_1_29' title='bbox 873 512 1102 571; x_wconf 87' lang='lat' dir='ltr'><strong>Ledaeis</strong></span> <span class='ocrx_word' id='word_1_30' title='bbox 1129 510 1327 580; x_wconf 83' lang='lat' dir='ltr'><strong>templa</strong></span> <span class='ocrx_word' id='word_1_31' title='bbox 1352 510 1524 564; x_wconf 87' lang='lat' dir='ltr'><strong>dicata</strong></span> <span class='ocrx_word' id='word_1_32' title='bbox 1551 510 1696 566; x_wconf 76' lang='lat' dir='ltr'><strong>Deis,</strong></span> 
     </span>
     <span class='ocr_line' id='line_1_7' title="bbox 384 581 1684 654; baseline -0.011 -1"><span class='ocrx_word' id='word_1_33' title='bbox 384 596 650 654; x_wconf 83' lang='lat' dir='ltr'><strong>Fratribus</strong></span> <span class='ocrx_word' id='word_1_34' title='bbox 675 593 758 647; x_wconf 87' lang='lat' dir='ltr'><strong>illa</strong></span> <span class='ocrx_word' id='word_1_35' title='bbox 788 591 915 644; x_wconf 88' lang='lat' dir='ltr'><strong>Deis</strong></span> <span class='ocrx_word' id='word_1_36' title='bbox 942 586 1128 641; x_wconf 90' lang='lat' dir='ltr'><strong>fratres</strong></span> <span class='ocrx_word' id='word_1_37' title='bbox 1154 582 1224 636; x_wconf 91' lang='lat' dir='ltr'><strong>de</strong></span> <span class='ocrx_word' id='word_1_38' title='bbox 1248 594 1410 653; x_wconf 86' lang='lat' dir='ltr'><strong>gente</strong></span> <span class='ocrx_word' id='word_1_39' title='bbox 1437 581 1684 639; x_wconf 87' lang='lat' dir='ltr'><strong>Deorum</strong></span> 
     </span>
     <span class='ocr_line' id='line_1_8' title="bbox 452 655 1454 736; baseline -0.014 -14"><span class='ocrx_word' id='word_1_40' title='bbox 452 667 611 721; x_wconf 90' lang='lat' dir='ltr'><strong>Circa</strong></span> <span class='ocrx_word' id='word_1_41' title='bbox 632 662 892 736; x_wconf 67' lang='lat' dir='ltr'><strong>J&#39;uturnae</strong></span> <span class='ocrx_word' id='word_1_42' title='bbox 918 655 1268 728; x_wconf 88' lang='lat' dir='ltr'><strong>composuere</strong></span> <span class='ocrx_word' id='word_1_43' title='bbox 1298 655 1454 735; x_wconf 77' lang='lat' dir='ltr'><strong>lacus,</strong></span> 
     </span>
     <span class='ocr_line' id='line_1_9' title="bbox 439 725 1675 793; baseline -0.007 0"><span class='ocrx_word' id='word_1_44' title='bbox 439 738 596 793; x_wconf 87' lang='lat' dir='ltr'><strong>Psum</strong></span> <span class='ocrx_word' id='word_1_45' title='bbox 624 755 722 793; x_wconf 88' lang='lat' dir='ltr'><strong>nos</strong></span> <span class='ocrx_word' id='word_1_46' title='bbox 746 730 959 790; x_wconf 86' lang='lat' dir='ltr'><strong>carmen</strong></span> <span class='ocrx_word' id='word_1_47' title='bbox 993 728 1215 785; x_wconf 84' lang='lat' dir='ltr'><strong>deducit</strong></span> <span class='ocrx_word' id='word_1_48' title='bbox 1251 725 1401 781; x_wconf 87' lang='lat' dir='ltr'><strong>Pacis</strong></span> <span class='ocrx_word' id='word_1_49' title='bbox 1425 726 1491 781; x_wconf 88' lang='lat' dir='ltr'><strong>ad</strong></span> <span class='ocrx_word' id='word_1_50' title='bbox 1518 745 1675 784; x_wconf 90' lang='lat' dir='ltr'><strong>aram.</strong></span> 
     </span>
    </p>
   </div>
   <div class='ocr_carea' id='block_1_5' title="bbox 243 830 302 882">
    <p class='ocr_par' dir='ltr' id='par_1_5' title="bbox 243 830 302 882">
     <span class='ocr_line' id='line_1_10' title="bbox 243 830 302 882; baseline 0 -16"><span class='ocrx_word' id='word_1_51' title='bbox 243 830 302 882; x_wconf 86' lang='lat'><strong>71</strong></span> 
     </span>
    </p>
   </div>
   <div class='ocr_carea' id='block_1_6' title="bbox 374 798 1723 943">
    <p class='ocr_par' dir='ltr' id='par_1_6' title="bbox 374 798 1723 943">
     <span class='ocr_line' id='line_1_11' title="bbox 515 798 1603 867; baseline -0.014 0"><span class='ocrx_word' id='word_1_52' title='bbox 515 811 670 867; x_wconf 86' lang='lat' dir='ltr'><strong>Haec</strong></span> <span class='ocrx_word' id='word_1_53' title='bbox 697 809 796 863; x_wconf 91' lang='lat' dir='ltr'><strong>erit</strong></span> <span class='ocrx_word' id='word_1_54' title='bbox 822 810 850 861; x_wconf 73' lang='lat' dir='ltr'><strong>a</strong></span> <span class='ocrx_word' id='word_1_55' title='bbox 877 804 1064 859; x_wconf 87' lang='lat' dir='ltr'><strong>menfis</strong></span> <span class='ocrx_word' id='word_1_56' title='bbox 1086 801 1192 856; x_wconf 84' lang='lat' dir='ltr'><strong>fine</strong></span> <span class='ocrx_word' id='word_1_57' title='bbox 1216 798 1448 854; x_wconf 83' lang='lat' dir='ltr'><strong>secunda</strong></span> <span class='ocrx_word' id='word_1_58' title='bbox 1473 799 1603 854; x_wconf 87' lang='lat' dir='ltr'><strong>dies.</strong></span> 
     </span>
     <span class='ocr_line' id='line_1_12' title="bbox 374 872 1723 943; baseline -0.01 -2"><span class='ocrx_word' id='word_1_59' title='bbox 374 884 676 942; x_wconf 79' lang='lat' dir='ltr'><strong>Frondibus</strong></span> <span class='ocrx_word' id='word_1_60' title='bbox 701 879 931 940; x_wconf 70' lang='lat' dir='ltr'><strong>Affiacis</strong></span> <span class='ocrx_word' id='word_1_61' title='bbox 957 888 1167 931; x_wconf 87' lang='lat' dir='ltr'><strong>comtos</strong></span> <span class='ocrx_word' id='word_1_62' title='bbox 1195 872 1443 926; x_wconf 88' lang='lat' dir='ltr'><strong>redimita</strong></span> <span class='ocrx_word' id='word_1_63' title='bbox 1477 873 1723 943; x_wconf 88' lang='lat' dir='ltr'><strong>capillos,</strong></span> 
     </span>
    </p>
   </div>
   <div class='ocr_carea' id='block_1_7' title="bbox 378 944 1865 1092">
    <p class='ocr_par' dir='ltr' id='par_1_7' title="bbox 378 944 1865 1092">
     <span class='ocr_line' id='line_1_13' title="bbox 450 944 1581 1016; baseline -0.011 -4"><span class='ocrx_word' id='word_1_64' title='bbox 450 958 562 1012; x_wconf 83' lang='lat' dir='ltr'><strong>Pax</strong></span> <span class='ocrx_word' id='word_1_65' title='bbox 584 956 734 1016; x_wconf 89' lang='lat' dir='ltr'><strong>ades;</strong></span> <span class='ocrx_word' id='word_1_66' title='bbox 782 953 836 1006; x_wconf 89' lang='lat'>&amp;</span> <span class='ocrx_word' id='word_1_67' title='bbox 862 963 983 1005; x_wconf 91' lang='lat' dir='ltr'><strong>toto</strong></span> <span class='ocrx_word' id='word_1_68' title='bbox 1009 946 1149 1002; x_wconf 91' lang='lat' dir='ltr'><strong>mitis</strong></span> <span class='ocrx_word' id='word_1_69' title='bbox 1173 944 1227 998; x_wconf 89' lang='lat' dir='ltr'><strong>in</strong></span> <span class='ocrx_word' id='word_1_70' title='bbox 1254 944 1385 999; x_wconf 91' lang='lat' dir='ltr'><strong>orbe</strong></span> <span class='ocrx_word' id='word_1_71' title='bbox 1410 962 1581 1000; x_wconf 88' lang='lat' dir='ltr'><strong>mane.</strong></span> 
     </span>
     <span class='ocr_line' id='line_1_14' title="bbox 378 1017 1865 1092; baseline -0.008 -6"><span class='ocrx_word' id='word_1_72' title='bbox 378 1031 528 1087; x_wconf 91' lang='lat' dir='ltr'><strong>Dum</strong></span> <span class='ocrx_word' id='word_1_73' title='bbox 554 1029 740 1082; x_wconf 85' lang='lat' dir='ltr'><strong>desunt</strong></span> <span class='ocrx_word' id='word_1_74' title='bbox 763 1024 936 1079; x_wconf 87' lang='lat' dir='ltr'><strong>hostes</strong></span> <span class='ocrx_word' id='word_1_75' title='bbox 953 1063 967 1085; x_wconf 91' lang='lat'>‚</span> <span class='ocrx_word' id='word_1_76' title='bbox 992 1019 1124 1074; x_wconf 91' lang='lat' dir='ltr'><strong>desit</strong></span> <span class='ocrx_word' id='word_1_77' title='bbox 1153 1033 1373 1089; x_wconf 87' lang='lat' dir='ltr'><strong>quoque</strong></span> <span class='ocrx_word' id='word_1_78' title='bbox 1396 1017 1569 1072; x_wconf 87' lang='lat' dir='ltr'><strong>caussa</strong></span> <span class='ocrx_word' id='word_1_79' title='bbox 1593 1018 1865 1092; x_wconf 85' lang='lat' dir='ltr'><strong>triumphi.</strong></span> 
     </span>
    </p>
   </div>
   <div class='ocr_carea' id='block_1_8' title="bbox 451 1088 1486 1166">
    <p class='ocr_par' dir='ltr' id='par_1_8' title="bbox 451 1088 1486 1166">
     <span class='ocr_line' id='line_1_15' title="bbox 451 1088 1486 1166; baseline -0.012 -8"><span class='ocrx_word' id='word_1_80' title='bbox 451 1102 544 1158; x_wconf 91' lang='lat' dir='ltr'><strong>Tu</strong></span> <span class='ocrx_word' id='word_1_81' title='bbox 571 1099 792 1156; x_wconf 90' lang='lat' dir='ltr'><strong>ducibus</strong></span> <span class='ocrx_word' id='word_1_82' title='bbox 815 1095 955 1152; x_wconf 92' lang='lat' dir='ltr'><strong>bello</strong></span> <span class='ocrx_word' id='word_1_83' title='bbox 980 1092 1147 1166; x_wconf 87' lang='lat' dir='ltr'><strong>gloria</strong></span> <span class='ocrx_word' id='word_1_84' title='bbox 1171 1088 1338 1160; x_wconf 85' lang='lat' dir='ltr'><strong>major</strong></span> <span class='ocrx_word' id='word_1_85' title='bbox 1363 1091 1486 1147; x_wconf 88' lang='lat' dir='ltr'><strong>eris.</strong></span> 
     </span>
    </p>
   </div>
   <div class='ocr_carea' id='block_1_9' title="bbox 86 1307 1128 1404">
    <p class='ocr_par' dir='ltr' id='par_1_9' title="bbox 86 1307 1128 1404">
     <span class='ocr_line' id='line_1_16' title="bbox 86 1307 1128 1364; baseline -0.013 -10"><span class='ocrx_word' id='word_1_86' title='bbox 86 1314 218 1354; x_wconf 81' lang='lat' dir='ltr'><strong>Douza</strong></span> <span class='ocrx_word' id='word_1_87' title='bbox 232 1326 299 1359; x_wconf 90' lang='lat' dir='ltr'><strong>,ne</strong></span> <span class='ocrx_word' id='word_1_88' title='bbox 312 1313 477 1364; x_wconf 83' lang='lat' dir='ltr'><strong>rhytmus</strong></span> <span class='ocrx_word' id='word_1_89' title='bbox 498 1311 595 1351; x_wconf 86' lang='lat' dir='ltr'><strong>esset.</strong></span> <span class='ocrx_word' id='word_1_90' title='bbox 610 1310 782 1351; x_wconf 85' lang='lat' dir='ltr'><strong>Francius</strong></span> <span class='ocrx_word' id='word_1_91' title='bbox 798 1307 971 1352; x_wconf 85' lang='lat' dir='ltr'><strong>volebat,</strong></span> <span class='ocrx_word' id='word_1_92' title='bbox 1000 1311 1075 1343; x_wconf 82' lang='lat' dir='ltr'><strong>Hac</strong></span> <span class='ocrx_word' id='word_1_93' title='bbox 1096 1309 1128 1341; x_wconf 83' lang='lat' dir='ltr'><strong>S.</strong></span> 
     </span>
     <span class='ocr_line' id='line_1_17' title="bbox 88 1365 571 1404; baseline -0.006 0"><span class='ocrx_word' id='word_1_94' title='bbox 88 1367 228 1404; x_wconf 80' lang='lat' dir='ltr'><strong>Ledaeis</strong></span> <span class='ocrx_word' id='word_1_95' title='bbox 246 1377 272 1403; x_wconf 86' lang='lat' dir='ltr'><strong>t.</strong></span> <span class='ocrx_word' id='word_1_96' title='bbox 293 1367 328 1403; x_wconf 88' lang='lat' dir='ltr'><strong>d.</strong></span> <span class='ocrx_word' id='word_1_97' title='bbox 347 1365 412 1403; x_wconf 85' lang='lat' dir='ltr'><strong>die.</strong></span> <span class='ocrx_word' id='word_1_98' title='bbox 438 1366 521 1403; x_wconf 63' lang='lat' dir='ltr'><strong>Bm&lt;</strong></span> <span class='ocrx_word' id='word_1_99' title='bbox 531 1378 571 1402; x_wconf 83' lang='grc' dir='ltr'><strong>Μ.</strong></span> 
     </span>
    </p>
   </div>
   <div class='ocr_carea' id='block_1_10' title="bbox 83 1423 1124 1726">
    <p class='ocr_par' dir='ltr' id='par_1_10' title="bbox 83 1423 1124 1726">
     <span class='ocr_line' id='line_1_18' title="bbox 138 1423 668 1475; baseline -0.013 -8"><span class='ocrx_word' id='word_1_100' title='bbox 138 1440 221 1475; x_wconf 88' lang='lat'><em>707.</em></span> <span class='ocrx_word' id='word_1_101' title='bbox 252 1429 432 1466; x_wconf 78' lang='lat' dir='ltr'><strong>Fratribus</strong></span> <span class='ocrx_word' id='word_1_102' title='bbox 460 1427 524 1464; x_wconf 81' lang='lat' dir='ltr'><strong>illa</strong></span> <span class='ocrx_word' id='word_1_103' title='bbox 558 1423 668 1473; x_wconf 55' lang='lat' dir='ltr'><strong>dien]</strong></span> 
     </span>
     <span class='ocr_line' id='line_1_19' title="bbox 84 1473 1121 1527; baseline -0.013 -10"><span class='ocrx_word' id='word_1_104' title='bbox 84 1479 148 1517; x_wconf 76' lang='lat' dir='ltr'><strong>vix</strong></span> <span class='ocrx_word' id='word_1_105' title='bbox 170 1482 205 1516; x_wconf 92' lang='lat' dir='ltr'><strong>in</strong></span> <span class='ocrx_word' id='word_1_106' title='bbox 234 1479 303 1516; x_wconf 84' lang='lat' dir='ltr'><strong>liac</strong></span> <span class='ocrx_word' id='word_1_107' title='bbox 335 1479 398 1515; x_wconf 79' lang='lat' dir='ltr'><strong>stili</strong></span> <span class='ocrx_word' id='word_1_108' title='bbox 433 1479 586 1525; x_wconf 84' lang='lat' dir='ltr'><strong>puritate</strong></span> <span class='ocrx_word' id='word_1_109' title='bbox 617 1473 718 1523; x_wconf 87' lang='lat' dir='ltr'><strong>quod</strong></span> <span class='ocrx_word' id='word_1_110' title='bbox 749 1481 912 1527; x_wconf 37' lang='lat' dir='ltr'><strong>moret-ur</strong></span> <span class='ocrx_word' id='word_1_111' title='bbox 941 1479 1121 1524; x_wconf 83' lang='lat' dir='ltr'><strong>puerum;</strong></span> 
     </span>
     <span class='ocr_line' id='line_1_20' title="bbox 83 1518 1124 1578; baseline -0.012 -12"><span class='ocrx_word' id='word_1_112' title='bbox 83 1529 211 1578; x_wconf 84' lang='lat' dir='ltr'><strong>legunt</strong></span> <span class='ocrx_word' id='word_1_113' title='bbox 238 1538 362 1565; x_wconf 86' lang='lat' dir='ltr'><strong>tamen</strong></span> <span class='ocrx_word' id='word_1_114' title='bbox 390 1529 450 1566; x_wconf 89' lang='lat' dir='ltr'><strong>alii</strong></span> <span class='ocrx_word' id='word_1_115' title='bbox 472 1555 481 1571; x_wconf 82' lang='lat'><strong>‚</strong></span> <span class='ocrx_word' id='word_1_116' title='bbox 521 1524 701 1563; x_wconf 81' lang='lat' dir='ltr'><strong>Fratribus</strong></span> <span class='ocrx_word' id='word_1_117' title='bbox 718 1523 781 1560; x_wconf 86' lang='lat' dir='ltr'><strong>illa</strong></span> <span class='ocrx_word' id='word_1_118' title='bbox 807 1528 903 1559; x_wconf 73' lang='lat' dir='ltr'><strong>Deis.</strong></span> <span class='ocrx_word' id='word_1_119' title='bbox 936 1518 1124 1557; x_wconf 76' lang='lat' dir='ltr'><strong>Pulchrior</strong></span> 
     </span>
     <span class='ocr_line' id='line_1_21' title="bbox 87 1568 1122 1627; baseline -0.01 -11"><span class='ocrx_word' id='word_1_120' title='bbox 87 1580 180 1616; x_wconf 86' lang='lat' dir='ltr'><strong>mihi</strong></span> <span class='ocrx_word' id='word_1_121' title='bbox 202 1579 346 1627; x_wconf 80' lang='lat' dir='ltr'><strong>vulgata</strong></span> <span class='ocrx_word' id='word_1_122' title='bbox 368 1579 427 1615; x_wconf 90' lang='lat' dir='ltr'><strong>est.</strong></span> <span class='ocrx_word' id='word_1_123' title='bbox 452 1578 572 1615; x_wconf 77' lang='lat' dir='ltr'><strong>NEAP.</strong></span> <span class='ocrx_word' id='word_1_124' title='bbox 617 1574 698 1610; x_wconf 86' lang='lat' dir='ltr'><strong>Dies</strong></span> <span class='ocrx_word' id='word_1_125' title='bbox 725 1573 841 1622; x_wconf 86' lang='lat' dir='ltr'><strong>scripti</strong></span> <span class='ocrx_word' id='word_1_126' title='bbox 861 1571 1045 1626; x_wconf 50' lang='lat' dir='ltr'><strong>plerique</strong></span> <span class='ocrx_word' id='word_1_127' title='bbox 1062 1568 1122 1607; x_wconf 90' lang='lat' dir='ltr'><strong>sed</strong></span> 
     </span>
     <span class='ocr_line' id='line_1_22' title="bbox 87 1621 1121 1677; baseline -0.01 -11"><span class='ocrx_word' id='word_1_128' title='bbox 87 1628 194 1665; x_wconf 88' lang='lat' dir='ltr'><strong>male.</strong></span> <span class='ocrx_word' id='word_1_129' title='bbox 230 1628 331 1677; x_wconf 87' lang='lat' dir='ltr'><strong>quod</strong></span> <span class='ocrx_word' id='word_1_130' title='bbox 370 1626 512 1666; x_wconf 73' lang='lat' dir='ltr'><strong>arrisisse</strong></span> <span class='ocrx_word' id='word_1_131' title='bbox 543 1624 766 1663; x_wconf 82' lang='lat' dir='ltr'><strong>nobilissimo</strong></span> <span class='ocrx_word' id='word_1_132' title='bbox 810 1621 968 1669; x_wconf 79' lang='lat' dir='ltr'><strong>Neapoli</strong></span> <span class='ocrx_word' id='word_1_133' title='bbox 997 1631 1121 1657; x_wconf 73' lang='lat' dir='ltr'><strong>miror,</strong></span> 
     </span>
     <span class='ocr_line' id='line_1_23' title="bbox 86 1670 1123 1726; baseline -0.009 -10"><span class='ocrx_word' id='word_1_134' title='bbox 86 1678 172 1716; x_wconf 81' lang='lat' dir='ltr'><strong>vide</strong></span> <span class='ocrx_word' id='word_1_135' title='bbox 191 1690 284 1726; x_wconf 86' lang='lat' dir='ltr'><strong>quae</strong></span> <span class='ocrx_word' id='word_1_136' title='bbox 313 1687 406 1716; x_wconf 91' lang='lat' dir='ltr'><strong>noto</strong></span> <span class='ocrx_word' id='word_1_137' title='bbox 435 1678 480 1716; x_wconf 86' lang='lat' dir='ltr'><strong>ad</strong></span> <span class='ocrx_word' id='word_1_138' title='bbox 500 1677 665 1726; x_wconf 85' lang='lat' dir='ltr'><strong>Elegiain</strong></span> <span class='ocrx_word' id='word_1_139' title='bbox 699 1676 737 1713; x_wconf 89' lang='lat' dir='ltr'><strong>in</strong></span> <span class='ocrx_word' id='word_1_140' title='bbox 756 1681 917 1713; x_wconf 84' lang='lat' dir='ltr'><strong>mortem</strong></span> <span class='ocrx_word' id='word_1_141' title='bbox 942 1670 1050 1709; x_wconf 82' lang='lat' dir='ltr'><strong>Drusi</strong></span> <span class='ocrx_word' id='word_1_142' title='bbox 1067 1670 1123 1714; x_wconf 77' lang='lat' dir='ltr'><strong>&gt;⁷ls.</strong></span> 
     </span>
    </p>
   </div>
   <div class='ocr_carea' id='block_1_11' title="bbox 87 1729 343 1777">
    <p class='ocr_par' dir='ltr' id='par_1_11' title="bbox 87 1729 343 1777">
     <span class='ocr_line' id='line_1_24' title="bbox 87 1729 343 1777; baseline -0.008 -10"><span class='ocrx_word' id='word_1_143' title='bbox 87 1741 172 1777; x_wconf 92' lang='lat'>290.</span> <span class='ocrx_word' id='word_1_144' title='bbox 200 1729 343 1766; x_wconf 69' lang='lat' dir='ltr'><strong>Heius.</strong></span> 
     </span>
    </p>
   </div>
   <div class='ocr_carea' id='block_1_12' title="bbox 75 1791 1122 2187">
    <p class='ocr_par' dir='ltr' id='par_1_12' title="bbox 75 1791 1122 2187">
     <span class='ocr_line' id='line_1_25' title="bbox 139 1791 1117 1844; baseline -0.002 -14"><span class='ocrx_word' id='word_1_145' title='bbox 139 1803 221 1838; x_wconf 92' lang='lat'><em>707.</em></span> <span class='ocrx_word' id='word_1_146' title='bbox 250 1801 383 1832; x_wconf 82' lang='lat' dir='ltr'><strong>Fratres</strong></span> <span class='ocrx_word' id='word_1_147' title='bbox 403 1794 443 1832; x_wconf 85' lang='lat' dir='ltr'><strong>de</strong></span> <span class='ocrx_word' id='word_1_148' title='bbox 459 1804 558 1844; x_wconf 85' lang='lat' dir='ltr'><strong>genre</strong></span> <span class='ocrx_word' id='word_1_149' title='bbox 576 1793 765 1843; x_wconf 69' lang='lat' dir='ltr'><strong>Deorum]</strong></span> <span class='ocrx_word' id='word_1_150' title='bbox 796 1791 978 1831; x_wconf 89' lang='lat' dir='ltr'><strong>Obscurus</strong></span> <span class='ocrx_word' id='word_1_151' title='bbox 991 1791 1117 1829; x_wconf 87' lang='lat' dir='ltr'><strong>&amp;am-</strong></span> 
     </span>
     <span class='ocr_line' id='line_1_26' title="bbox 85 1840 1119 1893; baseline -0.001 -14"><span class='ocrx_word' id='word_1_152' title='bbox 85 1840 212 1891; x_wconf 88' lang='lat' dir='ltr'><strong>biguus</strong></span> <span class='ocrx_word' id='word_1_153' title='bbox 232 1843 316 1883; x_wconf 88' lang='lat' dir='ltr'><strong>esset</strong></span> <span class='ocrx_word' id='word_1_154' title='bbox 333 1845 459 1884; x_wconf 74' lang='lat' dir='ltr'><strong>au&lt;stor</strong></span> <span class='ocrx_word' id='word_1_155' title='bbox 479 1846 598 1888; x_wconf 83' lang='lat' dir='ltr'><strong>aedis,</strong></span> <span class='ocrx_word' id='word_1_156' title='bbox 626 1846 765 1883; x_wconf 78' lang='lat' dir='ltr'><strong>nihaec</strong></span> <span class='ocrx_word' id='word_1_157' title='bbox 784 1841 1036 1893; x_wconf 69' lang='lat' dir='ltr'><strong>subjunxisset:</strong></span> <span class='ocrx_word' id='word_1_158' title='bbox 1064 1843 1119 1879; x_wconf 87' lang='lat' dir='ltr'><strong>in-</strong></span> 
     </span>
     <span class='ocr_line' id='line_1_27' title="bbox 88 1893 1120 1941; baseline 0.001 -13"><span class='ocrx_word' id='word_1_159' title='bbox 88 1894 294 1941; x_wconf 88' lang='lat' dir='ltr'><strong>telliguntur</strong></span> <span class='ocrx_word' id='word_1_160' title='bbox 316 1896 487 1934; x_wconf 89' lang='lat' dir='ltr'><strong>Tiberius</strong></span> <span class='ocrx_word' id='word_1_161' title='bbox 510 1898 547 1934; x_wconf 88' lang='lat'>&amp;</span> <span class='ocrx_word' id='word_1_162' title='bbox 569 1896 718 1934; x_wconf 88' lang='lat' dir='ltr'><strong>Drusus.</strong></span> <span class='ocrx_word' id='word_1_163' title='bbox 749 1895 847 1932; x_wconf 86' lang='lat' dir='ltr'><strong>Vide</strong></span> <span class='ocrx_word' id='word_1_164' title='bbox 870 1895 1036 1931; x_wconf 84' lang='lat' dir='ltr'><strong>Dionem</strong></span> <span class='ocrx_word' id='word_1_165' title='bbox 1059 1893 1120 1930; x_wconf 88' lang='lat' dir='ltr'><strong>lib.</strong></span> 
     </span>
     <span class='ocr_line' id='line_1_28' title="bbox 84 1944 1119 1985; baseline 0 -6"><span class='ocrx_word' id='word_1_166' title='bbox 84 1953 138 1980; x_wconf 78' lang='lat' dir='ltr'><strong>lv.</strong></span> <span class='ocrx_word' id='word_1_167' title='bbox 165 1944 224 1982; x_wconf 91' lang='lat' dir='ltr'><strong>sub</strong></span> <span class='ocrx_word' id='word_1_168' title='bbox 245 1957 381 1984; x_wconf 87' lang='lat' dir='ltr'><strong>annum</strong></span> <span class='ocrx_word' id='word_1_169' title='bbox 404 1959 567 1985; x_wconf 75' lang='lat' dir='ltr'><strong>necuit.</strong></span> <span class='ocrx_word' id='word_1_170' title='bbox 613 1947 809 1984; x_wconf 87' lang='lat' dir='ltr'><strong>Suetonius</strong></span> <span class='ocrx_word' id='word_1_171' title='bbox 835 1945 896 1983; x_wconf 90' lang='lat' dir='ltr'><strong>lib.</strong></span> <span class='ocrx_word' id='word_1_172' title='bbox 918 1956 981 1981; x_wconf 85' lang='lat'>111.</span> <span class='ocrx_word' id='word_1_173' title='bbox 1011 1944 1119 1980; x_wconf 84' lang='lat' dir='ltr'><strong>Dedi-</strong></span> 
     </span>
     <span class='ocr_line' id='line_1_29' title="bbox 84 1994 1120 2045; baseline 0.003 -17"><span class='ocrx_word' id='word_1_174' title='bbox 84 1994 183 2031; x_wconf 86' lang='lat' dir='ltr'><strong>cavit</strong></span> <span class='ocrx_word' id='word_1_175' title='bbox 210 1998 413 2034; x_wconf 82' lang='lat' dir='ltr'><strong>Concordiae</strong></span> <span class='ocrx_word' id='word_1_176' title='bbox 440 1999 559 2034; x_wconf 84' lang='lat' dir='ltr'><strong>aedem</strong></span> <span class='ocrx_word' id='word_1_177' title='bbox 583 2026 594 2042; x_wconf 95' lang='lat'><strong>‚</strong></span> <span class='ocrx_word' id='word_1_178' title='bbox 631 1998 713 2034; x_wconf 85' lang='lat' dir='ltr'><strong>item</strong></span> <span class='ocrx_word' id='word_1_179' title='bbox 744 1996 889 2034; x_wconf 83' lang='lat' dir='ltr'><strong>Pollucis</strong></span> <span class='ocrx_word' id='word_1_180' title='bbox 908 2006 952 2034; x_wconf 66' lang='grc' dir='ltr'><strong>(φ’</strong></span> <span class='ocrx_word' id='word_1_181' title='bbox 971 1994 1120 2045; x_wconf 78' lang='lat' dir='ltr'><strong>Castoris</strong></span> 
     </span>
     <span class='ocr_line' id='line_1_30' title="bbox 75 2043 1121 2096; baseline 0.004 -17"><span class='ocrx_word' id='word_1_182' title='bbox 75 2043 142 2090; x_wconf 85' lang='lat' dir='ltr'><strong>suo</strong></span> <span class='ocrx_word' id='word_1_183' title='bbox 161 2046 356 2096; x_wconf 81' lang='lat' dir='ltr'><strong>fratrisque</strong></span> <span class='ocrx_word' id='word_1_184' title='bbox 380 2049 526 2086; x_wconf 84' lang='lat' dir='ltr'><strong>nomine.</strong></span> <span class='ocrx_word' id='word_1_185' title='bbox 567 2047 666 2096; x_wconf 80' lang='lat' dir='ltr'><strong>quasi</strong></span> <span class='ocrx_word' id='word_1_186' title='bbox 694 2048 790 2095; x_wconf 83' lang='lat' dir='ltr'><strong>prior</strong></span> <span class='ocrx_word' id='word_1_187' title='bbox 809 2047 917 2084; x_wconf 87' lang='lat' dir='ltr'><strong>fuerit</strong></span> <span class='ocrx_word' id='word_1_188' title='bbox 938 2045 1121 2083; x_wconf 77' lang='lat' dir='ltr'><strong>dedicatio</strong></span> 
     </span>
     <span class='ocr_line' id='line_1_31' title="bbox 84 2093 1122 2149; baseline 0.002 -18"><span class='ocrx_word' id='word_1_189' title='bbox 84 2093 336 2149; x_wconf 69' lang='lat' dir='ltr'><strong>Concordiae:</strong></span> <span class='ocrx_word' id='word_1_190' title='bbox 364 2099 523 2143; x_wconf 86' lang='lat' dir='ltr'><strong>haereo,</strong></span> <span class='ocrx_word' id='word_1_191' title='bbox 550 2111 634 2137; x_wconf 90' lang='lat' dir='ltr'><strong>cum</strong></span> <span class='ocrx_word' id='word_1_192' title='bbox 661 2099 755 2135; x_wconf 88' lang='lat' dir='ltr'><strong>hanc</strong></span> <span class='ocrx_word' id='word_1_193' title='bbox 776 2097 855 2135; x_wconf 91' lang='lat' dir='ltr'><strong>Dio</strong></span> <span class='ocrx_word' id='word_1_194' title='bbox 878 2095 1014 2135; x_wconf 84' lang='lat' dir='ltr'><strong>Caffius</strong></span> <span class='ocrx_word' id='word_1_195' title='bbox 1039 2096 1122 2145; x_wconf 82' lang='lat' dir='ltr'><strong>reji-</strong></span> 
     </span>
     <span class='ocr_line' id='line_1_32' title="bbox 84 2146 745 2187; baseline 0.011 -7"><span class='ocrx_word' id='word_1_196' title='bbox 84 2153 155 2182; x_wconf 89' lang='lat' dir='ltr'><strong>ciat</strong></span> <span class='ocrx_word' id='word_1_197' title='bbox 180 2146 224 2184; x_wconf 92' lang='lat' dir='ltr'><strong>ad</strong></span> <span class='ocrx_word' id='word_1_198' title='bbox 244 2159 380 2187; x_wconf 89' lang='lat' dir='ltr'><strong>annum</strong></span> <span class='ocrx_word' id='word_1_199' title='bbox 404 2161 591 2187; x_wconf 75' lang='lat' dir='ltr'><strong>nect-xxv.</strong></span> <span class='ocrx_word' id='word_1_200' title='bbox 621 2150 745 2187; x_wconf 73' lang='lat' dir='ltr'><strong>NEAP.</strong></span> 
     </span>
    </p>
   </div>
   <div class='ocr_carea' id='block_1_13' title="bbox 81 2206 1123 3354">
    <p class='ocr_par' dir='ltr' id='par_1_13' title="bbox 81 2206 1117 2352">
     <span class='ocr_line' id='line_1_33' title="bbox 137 2206 1117 2260; baseline 0.001 -15"><span class='ocrx_word' id='word_1_201' title='bbox 137 2206 225 2252; x_wconf 78' lang='lat'>708.</span> <span class='ocrx_word' id='word_1_202' title='bbox 248 2209 351 2246; x_wconf 89' lang='lat' dir='ltr'><strong>Circa</strong></span> <span class='ocrx_word' id='word_1_203' title='bbox 370 2210 580 2260; x_wconf 48' lang='lat' dir='ltr'><strong>gamma]</strong></span> <span class='ocrx_word' id='word_1_204' title='bbox 618 2210 660 2248; x_wconf 91' lang='lat' dir='ltr'><strong>ln</strong></span> <span class='ocrx_word' id='word_1_205' title='bbox 684 2210 834 2259; x_wconf 85' lang='lat' dir='ltr'><strong>regione</strong></span> <span class='ocrx_word' id='word_1_206' title='bbox 856 2221 946 2246; x_wconf 87' lang='lat' dir='ltr'>v111.</span> <span class='ocrx_word' id='word_1_207' title='bbox 972 2207 1117 2246; x_wconf 89' lang='lat' dir='ltr'><strong>Publius</strong></span> 
     </span>
     <span class='ocr_line' id='line_1_34' title="bbox 81 2254 1117 2312; baseline 0.001 -18"><span class='ocrx_word' id='word_1_208' title='bbox 81 2254 216 2297; x_wconf 51' lang='lat' dir='ltr'><strong>Vmor</strong></span> <span class='ocrx_word' id='word_1_209' title='bbox 242 2260 278 2297; x_wconf 92' lang='lat' dir='ltr'><strong>in</strong></span> <span class='ocrx_word' id='word_1_210' title='bbox 309 2259 468 2299; x_wconf 68' lang='lat' dir='ltr'><strong>eadem:</strong></span> <span class='ocrx_word' id='word_1_211' title='bbox 507 2261 684 2312; x_wconf 78' lang='lat' dir='ltr'><strong>Templum</strong></span> <span class='ocrx_word' id='word_1_212' title='bbox 715 2260 896 2309; x_wconf 82' lang='lat' dir='ltr'><strong>Castorum</strong></span> <span class='ocrx_word' id='word_1_213' title='bbox 922 2259 970 2296; x_wconf 86' lang='lat' dir='ltr'><strong>ad</strong></span> <span class='ocrx_word' id='word_1_214' title='bbox 1001 2259 1117 2296; x_wconf 77' lang='lat' dir='ltr'><strong>lacum</strong></span> 
     </span>
     <span class='ocr_line' id='line_1_35' title="bbox 83 2307 437 2352; baseline 0.017 -8"><span class='ocrx_word' id='word_1_215' title='bbox 83 2307 276 2352; x_wconf 76' lang='lat' dir='ltr'><strong>Juturnae.</strong></span> <span class='ocrx_word' id='word_1_216' title='bbox 315 2312 437 2349; x_wconf 61' lang='lat' dir='ltr'><strong>Nem.</strong></span> 
     </span>
    </p>

    <p class='ocr_par' dir='ltr' id='par_1_14' title="bbox 82 2359 1123 3354">
     <span class='ocr_line' id='line_1_36' title="bbox 119 2359 1115 2414; baseline 0.001 -18"><span class='ocrx_word' id='word_1_217' title='bbox 119 2369 219 2414; x_wconf 28' lang='lat'><strong>⁶709.</strong></span> <span class='ocrx_word' id='word_1_218' title='bbox 246 2362 402 2399; x_wconf 82' lang='lat' dir='ltr'><strong>Deduxit</strong></span> <span class='ocrx_word' id='word_1_219' title='bbox 424 2362 523 2400; x_wconf 84' lang='lat' dir='ltr'><strong>Pacis</strong></span> <span class='ocrx_word' id='word_1_220' title='bbox 541 2362 589 2399; x_wconf 83' lang='lat' dir='ltr'><strong>ad</strong></span> <span class='ocrx_word' id='word_1_221' title='bbox 609 2362 726 2413; x_wconf 91' lang='lat' dir='ltr'><strong>aras.]</strong></span> <span class='ocrx_word' id='word_1_222' title='bbox 780 2361 918 2399; x_wconf 89' lang='lat' dir='ltr'><strong>Melior</strong></span> <span class='ocrx_word' id='word_1_223' title='bbox 943 2359 1055 2398; x_wconf 58' lang='lat' dir='ltr'><strong>leerio</strong></span> <span class='ocrx_word' id='word_1_224' title='bbox 1079 2361 1115 2398; x_wconf 90' lang='lat' dir='ltr'><strong>in</strong></span> 
     </span>
     <span class='ocr_line' id='line_1_37' title="bbox 83 2407 1118 2458; baseline 0.006 -15"><span class='ocrx_word' id='word_1_225' title='bbox 83 2407 193 2446; x_wconf 88' lang='lat' dir='ltr'><strong>tribus</strong></span> <span class='ocrx_word' id='word_1_226' title='bbox 215 2411 334 2450; x_wconf 88' lang='lat' dir='ltr'><strong>Vatic.</strong></span> <span class='ocrx_word' id='word_1_227' title='bbox 355 2414 549 2458; x_wconf 88' lang='lat' dir='ltr'><strong>&amp;Ursini‚</strong></span> <span class='ocrx_word' id='word_1_228' title='bbox 576 2414 749 2450; x_wconf 88' lang='lat' dir='ltr'><strong>adaram.</strong></span> <span class='ocrx_word' id='word_1_229' title='bbox 776 2414 942 2450; x_wconf 65' lang='lat' dir='ltr'><strong>Cioran.</strong></span> <span class='ocrx_word' id='word_1_230' title='bbox 972 2412 1059 2448; x_wconf 91' lang='lat' dir='ltr'><strong>Non</strong></span> <span class='ocrx_word' id='word_1_231' title='bbox 1073 2410 1118 2449; x_wconf 89' lang='lat' dir='ltr'><strong>ad</strong></span> 
     </span>
     <span class='ocr_line' id='line_1_38' title="bbox 88 2459 1122 2508; baseline 0.006 -16"><span class='ocrx_word' id='word_1_232' title='bbox 88 2459 264 2504; x_wconf 86' lang='lat' dir='ltr'><strong>templum</strong></span> <span class='ocrx_word' id='word_1_233' title='bbox 290 2487 302 2503; x_wconf 85' lang='lat'>,</span> <span class='ocrx_word' id='word_1_234' title='bbox 335 2470 375 2498; x_wconf 90' lang='lat' dir='ltr'><strong>ut</strong></span> <span class='ocrx_word' id='word_1_235' title='bbox 402 2463 521 2500; x_wconf 88' lang='lat' dir='ltr'><strong>voluit</strong></span> <span class='ocrx_word' id='word_1_236' title='bbox 552 2464 689 2500; x_wconf 86' lang='lat' dir='ltr'><strong>Marsus</strong></span> <span class='ocrx_word' id='word_1_237' title='bbox 717 2464 755 2499; x_wconf 90' lang='lat'>&amp;</span> <span class='ocrx_word' id='word_1_238' title='bbox 782 2463 834 2500; x_wconf 88' lang='lat' dir='ltr'><strong>sui</strong></span> <span class='ocrx_word' id='word_1_239' title='bbox 859 2462 991 2499; x_wconf 89' lang='lat' dir='ltr'><strong>oblitus</strong></span> <span class='ocrx_word' id='word_1_240' title='bbox 1020 2461 1122 2508; x_wconf 85' lang='lat' dir='ltr'><strong>Jose-</strong></span> 
     </span>
     <span class='ocr_line' id='line_1_39' title="bbox 83 2505 1122 2555; baseline 0.004 -13"><span class='ocrx_word' id='word_1_241' title='bbox 83 2505 175 2553; x_wconf 86' lang='lat' dir='ltr'><strong>plius</strong></span> <span class='ocrx_word' id='word_1_242' title='bbox 198 2507 351 2555; x_wconf 77' lang='lat' dir='ltr'><strong>Scaliger</strong></span> <span class='ocrx_word' id='word_1_243' title='bbox 364 2511 406 2545; x_wconf 70' lang='lat' dir='ltr'><strong>«in</strong></span> <span class='ocrx_word' id='word_1_244' title='bbox 427 2511 537 2547; x_wconf 90' lang='lat' dir='ltr'><strong>Notis</strong></span> <span class='ocrx_word' id='word_1_245' title='bbox 558 2512 603 2548; x_wconf 86' lang='lat' dir='ltr'><strong>ad</strong></span> <span class='ocrx_word' id='word_1_246' title='bbox 625 2513 845 2552; x_wconf 87' lang='lat' dir='ltr'><strong>Manilium;</strong></span> <span class='ocrx_word' id='word_1_247' title='bbox 874 2511 931 2547; x_wconf 90' lang='lat' dir='ltr'><strong>sed</strong></span> <span class='ocrx_word' id='word_1_248' title='bbox 944 2511 989 2546; x_wconf 92' lang='lat' dir='ltr'><strong>ad</strong></span> <span class='ocrx_word' id='word_1_249' title='bbox 1007 2522 1122 2554; x_wconf 85' lang='lat' dir='ltr'><strong>aram,</strong></span> 
     </span>
     <span class='ocr_line' id='line_1_40' title="bbox 83 2556 1123 2606; baseline 0.003 -14"><span class='ocrx_word' id='word_1_250' title='bbox 83 2566 178 2604; x_wconf 85' lang='lat' dir='ltr'><strong>quae</strong></span> <span class='ocrx_word' id='word_1_251' title='bbox 199 2556 260 2594; x_wconf 87' lang='lat' dir='ltr'><strong>sita</strong></span> <span class='ocrx_word' id='word_1_252' title='bbox 278 2558 314 2594; x_wconf 93' lang='lat' dir='ltr'><strong>in</strong></span> <span class='ocrx_word' id='word_1_253' title='bbox 336 2560 486 2605; x_wconf 85' lang='lat' dir='ltr'><strong>regione</strong></span> <span class='ocrx_word' id='word_1_254' title='bbox 505 2559 610 2595; x_wconf 88' lang='lat' dir='ltr'><strong>Urbis</strong></span> <span class='ocrx_word' id='word_1_255' title='bbox 630 2571 707 2596; x_wconf 83' lang='lat' dir='ltr'><strong>xiv.</strong></span> <span class='ocrx_word' id='word_1_256' title='bbox 744 2560 923 2606; x_wconf 86' lang='lat' dir='ltr'><strong>Magnum</strong></span> <span class='ocrx_word' id='word_1_257' title='bbox 952 2557 1034 2594; x_wconf 72' lang='lat' dir='ltr'><strong>sane</strong></span> <span class='ocrx_word' id='word_1_258' title='bbox 1057 2559 1123 2595; x_wconf 89' lang='lat' dir='ltr'><strong>dis-</strong></span> 
     </span>
     <span class='ocr_line' id='line_1_41' title="bbox 87 2606 1121 2657; baseline 0.005 -16"><span class='ocrx_word' id='word_1_259' title='bbox 87 2606 226 2644; x_wconf 83' lang='lat' dir='ltr'><strong>crimen</strong></span> <span class='ocrx_word' id='word_1_260' title='bbox 248 2609 341 2645; x_wconf 84' lang='lat' dir='ltr'><strong>inter</strong></span> <span class='ocrx_word' id='word_1_261' title='bbox 368 2620 465 2646; x_wconf 87' lang='lat' dir='ltr'><strong>aram</strong></span> <span class='ocrx_word' id='word_1_262' title='bbox 497 2610 533 2645; x_wconf 86' lang='lat'>&amp;</span> <span class='ocrx_word' id='word_1_263' title='bbox 565 2609 766 2657; x_wconf 88' lang='lat' dir='ltr'><strong>templum:</strong></span> <span class='ocrx_word' id='word_1_264' title='bbox 796 2620 864 2645; x_wconf 86' lang='lat' dir='ltr'><strong>nec</strong></span> <span class='ocrx_word' id='word_1_265' title='bbox 885 2607 999 2644; x_wconf 86' lang='lat' dir='ltr'><strong>ullum</strong></span> <span class='ocrx_word' id='word_1_266' title='bbox 1030 2609 1121 2646; x_wconf 90' lang='lat' dir='ltr'><strong>vidit</strong></span> 
     </span>
     <span class='ocr_line' id='line_1_42' title="bbox 84 2656 1120 2707; baseline 0.003 -15"><span class='ocrx_word' id='word_1_267' title='bbox 84 2656 238 2693; x_wconf 84' lang='lat' dir='ltr'><strong>Nasonis</strong></span> <span class='ocrx_word' id='word_1_268' title='bbox 258 2666 373 2701; x_wconf 84' lang='lat' dir='ltr'><strong>aetas;</strong></span> <span class='ocrx_word' id='word_1_269' title='bbox 402 2670 471 2696; x_wconf 91' lang='lat' dir='ltr'><strong>nec</strong></span> <span class='ocrx_word' id='word_1_270' title='bbox 497 2657 595 2696; x_wconf 79' lang='lat' dir='ltr'><strong>certe</strong></span> <span class='ocrx_word' id='word_1_271' title='bbox 623 2658 730 2707; x_wconf 81' lang='lat' dir='ltr'><strong>paulo</strong></span> <span class='ocrx_word' id='word_1_272' title='bbox 762 2659 840 2706; x_wconf 88' lang='lat' dir='ltr'><strong>post</strong></span> <span class='ocrx_word' id='word_1_273' title='bbox 866 2657 1028 2705; x_wconf 90' lang='lat' dir='ltr'><strong>ejusdem</strong></span> <span class='ocrx_word' id='word_1_274' title='bbox 1050 2659 1120 2695; x_wconf 84' lang='lat' dir='ltr'><strong>fata</strong></span> 
     </span>
     <span class='ocr_line' id='line_1_43' title="bbox 82 2704 1118 2756; baseline 0.002 -13"><span class='ocrx_word' id='word_1_275' title='bbox 82 2705 232 2755; x_wconf 83' lang='lat' dir='ltr'><strong>aliquod</strong></span> <span class='ocrx_word' id='word_1_276' title='bbox 243 2707 425 2745; x_wconf 63' lang='lat' dir='ltr'><strong>structum.</strong></span> <span class='ocrx_word' id='word_1_277' title='bbox 443 2709 504 2746; x_wconf 83' lang='lat' dir='ltr'><strong>Ait</strong></span> <span class='ocrx_word' id='word_1_278' title='bbox 517 2709 658 2756; x_wconf 88' lang='lat' dir='ltr'><strong>insuper</strong></span> <span class='ocrx_word' id='word_1_279' title='bbox 669 2709 807 2746; x_wconf 89' lang='lat' dir='ltr'><strong>Marsus</strong></span> <span class='ocrx_word' id='word_1_280' title='bbox 822 2704 934 2751; x_wconf 66' lang='lat' dir='ltr'><strong>,lianc</strong></span> <span class='ocrx_word' id='word_1_281' title='bbox 946 2707 1118 2745; x_wconf 85' lang='lat' dir='ltr'><strong>eamdem</strong></span> 
     </span>
     <span class='ocr_line' id='line_1_44' title="bbox 82 2756 1118 2807; baseline 0.003 -15"><span class='ocrx_word' id='word_1_282' title='bbox 82 2766 179 2794; x_wconf 84' lang='lat' dir='ltr'><strong>aram</strong></span> <span class='ocrx_word' id='word_1_283' title='bbox 196 2785 205 2800; x_wconf 91' lang='lat'>‚</span> <span class='ocrx_word' id='word_1_284' title='bbox 226 2769 336 2807; x_wconf 89' lang='lat' dir='ltr'><strong>quam</strong></span> <span class='ocrx_word' id='word_1_285' title='bbox 357 2768 466 2796; x_wconf 88' lang='lat' dir='ltr'><strong>vocat</strong></span> <span class='ocrx_word' id='word_1_286' title='bbox 483 2760 663 2807; x_wconf 88' lang='lat' dir='ltr'><strong>templum</strong></span> <span class='ocrx_word' id='word_1_287' title='bbox 675 2787 686 2803; x_wconf 88' lang='lat'>‚</span> <span class='ocrx_word' id='word_1_288' title='bbox 705 2759 848 2798; x_wconf 66' lang='lat' dir='ltr'><strong>audiam</strong></span> <span class='ocrx_word' id='word_1_289' title='bbox 863 2756 883 2795; x_wconf 70' lang='lat' dir='ltr'><strong>a</strong></span> <span class='ocrx_word' id='word_1_290' title='bbox 898 2758 1118 2806; x_wconf 78' lang='lat' dir='ltr'><strong>Vespasiano</strong></span> 
     </span>
     <span class='ocr_line' id='line_1_45' title="bbox 82 2806 1117 2858; baseline 0.004 -14"><span class='ocrx_word' id='word_1_291' title='bbox 82 2806 205 2854; x_wconf 74' lang='lat' dir='ltr'><strong>postea</strong></span> <span class='ocrx_word' id='word_1_292' title='bbox 227 2837 237 2852; x_wconf 98' lang='lat'>,</span> <span class='ocrx_word' id='word_1_293' title='bbox 275 2808 333 2846; x_wconf 88' lang='lat' dir='ltr'><strong>sed</strong></span> <span class='ocrx_word' id='word_1_294' title='bbox 362 2821 521 2847; x_wconf 89' lang='lat' dir='ltr'><strong>errorem</strong></span> <span class='ocrx_word' id='word_1_295' title='bbox 550 2819 703 2858; x_wconf 85' lang='lat' dir='ltr'><strong>arguunt</strong></span> <span class='ocrx_word' id='word_1_296' title='bbox 740 2809 866 2847; x_wconf 91' lang='lat' dir='ltr'><strong>multa.</strong></span> <span class='ocrx_word' id='word_1_297' title='bbox 919 2810 990 2846; x_wconf 78' lang='lat' dir='ltr'><strong>Ara</strong></span> <span class='ocrx_word' id='word_1_298' title='bbox 1022 2810 1117 2857; x_wconf 87' lang='lat' dir='ltr'><strong>apud</strong></span> 
     </span>
     <span class='ocr_line' id='line_1_46' title="bbox 84 2858 1115 2909; baseline 0.002 -15"><span class='ocrx_word' id='word_1_299' title='bbox 84 2868 213 2896; x_wconf 85' lang='lat' dir='ltr'><strong>omnes</strong></span> <span class='ocrx_word' id='word_1_300' title='bbox 245 2858 349 2897; x_wconf 84' lang='lat' dir='ltr'><strong>Urbis</strong></span> <span class='ocrx_word' id='word_1_301' title='bbox 377 2862 548 2909; x_wconf 86' lang='lat' dir='ltr'><strong>antiquos</strong></span> <span class='ocrx_word' id='word_1_302' title='bbox 579 2861 851 2909; x_wconf 84' lang='lat' dir='ltr'><strong>Topographos</strong></span> <span class='ocrx_word' id='word_1_303' title='bbox 871 2859 985 2907; x_wconf 82' lang='lat' dir='ltr'><strong>posita</strong></span> <span class='ocrx_word' id='word_1_304' title='bbox 1005 2860 1039 2896; x_wconf 86' lang='lat' dir='ltr'><strong>in</strong></span> <span class='ocrx_word' id='word_1_305' title='bbox 1062 2871 1115 2896; x_wconf 85' lang='lat' dir='ltr'><strong>re-</strong></span> 
     </span>
     <span class='ocr_line' id='line_1_47' title="bbox 84 2908 1113 2958; baseline 0.003 -14"><span class='ocrx_word' id='word_1_306' title='bbox 84 2908 195 2956; x_wconf 88' lang='lat' dir='ltr'><strong>gione</strong></span> <span class='ocrx_word' id='word_1_307' title='bbox 217 2921 294 2946; x_wconf 82' lang='lat' dir='ltr'><strong>xiv.</strong></span> <span class='ocrx_word' id='word_1_308' title='bbox 321 2911 500 2958; x_wconf 84' lang='lat' dir='ltr'><strong>templum</strong></span> <span class='ocrx_word' id='word_1_309' title='bbox 531 2911 739 2958; x_wconf 83' lang='lat' dir='ltr'><strong>Vespasiani</strong></span> <span class='ocrx_word' id='word_1_310' title='bbox 766 2914 801 2948; x_wconf 90' lang='lat' dir='ltr'><strong>in</strong></span> <span class='ocrx_word' id='word_1_311' title='bbox 834 2923 888 2947; x_wconf 86' lang='lat' dir='ltr'><strong>iv.</strong></span> <span class='ocrx_word' id='word_1_312' title='bbox 915 2910 1002 2948; x_wconf 82' lang='lat' dir='ltr'><strong>illud</strong></span> <span class='ocrx_word' id='word_1_313' title='bbox 1025 2911 1113 2947; x_wconf 81' lang='lat' dir='ltr'><strong>item</strong></span> 
     </span>
     <span class='ocr_line' id='line_1_48' title="bbox 83 2957 1116 3008; baseline 0.003 -14"><span class='ocrx_word' id='word_1_314' title='bbox 83 2957 182 2995; x_wconf 71' lang='lat' dir='ltr'><strong>nova</strong></span> <span class='ocrx_word' id='word_1_315' title='bbox 201 2961 311 3008; x_wconf 69' lang='lat' dir='ltr'><strong>oper-51</strong></span> <span class='ocrx_word' id='word_1_316' title='bbox 328 2960 521 3005; x_wconf 56' lang='lat' dir='ltr'><strong>struOEtum3</strong></span> <span class='ocrx_word' id='word_1_317' title='bbox 549 2973 618 2999; x_wconf 91' lang='lat' dir='ltr'><strong>nec</strong></span> <span class='ocrx_word' id='word_1_318' title='bbox 638 2960 706 2998; x_wconf 67' lang='lat' dir='ltr'><strong>alia</strong></span> <span class='ocrx_word' id='word_1_319' title='bbox 736 2959 867 2998; x_wconf 65' lang='lat' dir='ltr'><strong>vocula</strong></span> <span class='ocrx_word' id='word_1_320' title='bbox 886 2960 964 2998; x_wconf 89' lang='lat' dir='ltr'><strong>usus</strong></span> <span class='ocrx_word' id='word_1_321' title='bbox 985 2962 1116 2997; x_wconf 81' lang='lat' dir='ltr'><strong>Sueto-</strong></span> 
     </span>
     <span class='ocr_line' id='line_1_49' title="bbox 82 3009 1116 3060; baseline 0.003 -16"><span class='ocrx_word' id='word_1_322' title='bbox 82 3009 161 3045; x_wconf 86' lang='lat' dir='ltr'><strong>nius</strong></span> <span class='ocrx_word' id='word_1_323' title='bbox 181 3010 215 3046; x_wconf 92' lang='lat' dir='ltr'><strong>in</strong></span> <span class='ocrx_word' id='word_1_324' title='bbox 248 3011 404 3048; x_wconf 88' lang='lat' dir='ltr'><strong>eodem:</strong></span> <span class='ocrx_word' id='word_1_325' title='bbox 433 3011 535 3060; x_wconf 87' lang='lat' dir='ltr'><strong>quod</strong></span> <span class='ocrx_word' id='word_1_326' title='bbox 564 3013 601 3049; x_wconf 70' lang='grc' dir='ltr'><strong>ὅ(</strong></span> <span class='ocrx_word' id='word_1_327' title='bbox 632 3012 821 3049; x_wconf 84' lang='lat' dir='ltr'><strong>adnotavit</strong></span> <span class='ocrx_word' id='word_1_328' title='bbox 847 3011 990 3049; x_wconf 83' lang='lat' dir='ltr'><strong>Flavius</strong></span> <span class='ocrx_word' id='word_1_329' title='bbox 1016 3012 1116 3058; x_wconf 83' lang='lat' dir='ltr'><strong>Jose-</strong></span> 
     </span>
     <span class='ocr_line' id='line_1_50' title="bbox 82 3058 1114 3110; baseline 0.005 -16"><span class='ocrx_word' id='word_1_330' title='bbox 82 3058 172 3105; x_wconf 83' lang='lat' dir='ltr'><strong>plius</strong></span> <span class='ocrx_word' id='word_1_331' title='bbox 194 3059 251 3096; x_wconf 91' lang='lat' dir='ltr'><strong>lib.</strong></span> <span class='ocrx_word' id='word_1_332' title='bbox 273 3073 342 3098; x_wconf 72' lang='lat' dir='ltr'><strong>vii.</strong></span> <span class='ocrx_word' id='word_1_333' title='bbox 366 3061 410 3099; x_wconf 90' lang='lat' dir='ltr'><strong>de</strong></span> <span class='ocrx_word' id='word_1_334' title='bbox 430 3062 529 3099; x_wconf 87' lang='lat' dir='ltr'><strong>Bello</strong></span> <span class='ocrx_word' id='word_1_335' title='bbox 551 3062 703 3108; x_wconf 84' lang='lat' dir='ltr'><strong>Judaico</strong></span> <span class='ocrx_word' id='word_1_336' title='bbox 724 3074 801 3110; x_wconf 88' lang='lat' dir='ltr'><strong>cap.</strong></span> <span class='ocrx_word' id='word_1_337' title='bbox 819 3073 877 3107; x_wconf 74' lang='lat'><strong>24.</strong></span> <span class='ocrx_word' id='word_1_338' title='bbox 913 3062 982 3099; x_wconf 89' lang='lat' dir='ltr'><strong>Sed</strong></span> <span class='ocrx_word' id='word_1_339' title='bbox 1003 3073 1114 3109; x_wconf 85' lang='lat' dir='ltr'><strong>quare</strong></span> 
     </span>
     <span class='ocr_line' id='line_1_51' title="bbox 83 3109 1116 3164; baseline 0.005 -19"><span class='ocrx_word' id='word_1_340' title='bbox 83 3109 304 3164; x_wconf 74' lang='lat' dir='ltr'><strong>potissimum</strong></span> <span class='ocrx_word' id='word_1_341' title='bbox 329 3113 387 3148; x_wconf 83' lang='lat' dir='ltr'><strong>bic</strong></span> <span class='ocrx_word' id='word_1_342' title='bbox 409 3112 536 3149; x_wconf 82' lang='lat' dir='ltr'><strong>Caesar</strong></span> <span class='ocrx_word' id='word_1_343' title='bbox 558 3112 688 3150; x_wconf 82' lang='lat' dir='ltr'><strong>sacrani</strong></span> <span class='ocrx_word' id='word_1_344' title='bbox 711 3113 839 3150; x_wconf 82' lang='lat' dir='ltr'><strong>aedem</strong></span> <span class='ocrx_word' id='word_1_345' title='bbox 861 3112 949 3150; x_wconf 91' lang='lat' dir='ltr'><strong>huic</strong></span> <span class='ocrx_word' id='word_1_346' title='bbox 970 3113 1116 3150; x_wconf 88' lang='lat' dir='ltr'><strong>numini</strong></span> 
     </span>
     <span class='ocr_line' id='line_1_52' title="bbox 84 3161 1116 3214; baseline 0.003 -18"><span class='ocrx_word' id='word_1_347' title='bbox 84 3167 218 3214; x_wconf 71' lang='lat' dir='ltr'><strong>primus</strong></span> <span class='ocrx_word' id='word_1_348' title='bbox 241 3161 456 3206; x_wconf 80' lang='lat' dir='ltr'><strong>aedificarit,</strong></span> <span class='ocrx_word' id='word_1_349' title='bbox 485 3174 559 3200; x_wconf 90' lang='lat' dir='ltr'><strong>non</strong></span> <span class='ocrx_word' id='word_1_350' title='bbox 589 3163 648 3200; x_wconf 88' lang='lat' dir='ltr'><strong>alii</strong></span> <span class='ocrx_word' id='word_1_351' title='bbox 678 3170 784 3200; x_wconf 86' lang='lat' dir='ltr'><strong>antea</strong></span> <span class='ocrx_word' id='word_1_352' title='bbox 812 3163 848 3200; x_wconf 89' lang='lat' dir='ltr'><strong>in</strong></span> <span class='ocrx_word' id='word_1_353' title='bbox 876 3164 1017 3201; x_wconf 86' lang='lat' dir='ltr'><strong>summa</strong></span> <span class='ocrx_word' id='word_1_354' title='bbox 1043 3163 1116 3200; x_wconf 90' lang='lat' dir='ltr'><strong>lin-</strong></span> 
     </span>
     <span class='ocr_line' id='line_1_53' title="bbox 87 3210 1115 3262; baseline 0.008 -20"><span class='ocrx_word' id='word_1_355' title='bbox 87 3216 174 3260; x_wconf 81' lang='lat' dir='ltr'><strong>perii</strong></span> <span class='ocrx_word' id='word_1_356' title='bbox 198 3210 357 3249; x_wconf 78' lang='lat' dir='ltr'><strong>Romani</strong></span> <span class='ocrx_word' id='word_1_357' title='bbox 383 3213 553 3250; x_wconf 82' lang='lat' dir='ltr'><strong>felicitate</strong></span> <span class='ocrx_word' id='word_1_358' title='bbox 579 3240 588 3256; x_wconf 93' lang='lat'>,</span> <span class='ocrx_word' id='word_1_359' title='bbox 628 3213 711 3250; x_wconf 90' lang='lat' dir='ltr'><strong>vide</strong></span> <span class='ocrx_word' id='word_1_360' title='bbox 734 3212 864 3250; x_wconf 79' lang='lat' dir='ltr'><strong>caussas</strong></span> <span class='ocrx_word' id='word_1_361' title='bbox 887 3214 980 3262; x_wconf 85' lang='lat' dir='ltr'><strong>apud</strong></span> <span class='ocrx_word' id='word_1_362' title='bbox 1006 3213 1115 3250; x_wconf 79' lang='lat' dir='ltr'><strong>Baro-</strong></span> 
     </span>
     <span class='ocr_line' id='line_1_54' title="bbox 87 3259 1116 3310; baseline 0.012 -19"><span class='ocrx_word' id='word_1_363' title='bbox 87 3266 190 3293; x_wconf 87' lang='lat' dir='ltr'><strong>nium</strong></span> <span class='ocrx_word' id='word_1_364' title='bbox 211 3259 382 3305; x_wconf 71' lang='lat' dir='ltr'><strong>(oltaliae</strong></span> <span class='ocrx_word' id='word_1_365' title='bbox 395 3263 532 3300; x_wconf 83' lang='lat' dir='ltr'><strong>nostrae</strong></span> <span class='ocrx_word' id='word_1_366' title='bbox 547 3263 691 3310; x_wconf 82' lang='lat' dir='ltr'><strong>florem)</strong></span> <span class='ocrx_word' id='word_1_367' title='bbox 719 3275 816 3301; x_wconf 82' lang='lat' dir='ltr'><strong>anno</strong></span> <span class='ocrx_word' id='word_1_368' title='bbox 828 3264 955 3302; x_wconf 88' lang='lat' dir='ltr'><strong>Christi</strong></span> <span class='ocrx_word' id='word_1_369' title='bbox 972 3276 1116 3303; x_wconf 63' lang='lat' dir='ltr'><strong>cxxvii.</strong></span> 
     </span>
     <span class='ocr_line' id='line_1_55' title="bbox 86 3305 942 3354; baseline 0.014 -13"><span class='ocrx_word' id='word_1_370' title='bbox 86 3305 263 3348; x_wconf 62' lang='lat' dir='ltr'><strong>Neapor..</strong></span> <span class='ocrx_word' id='word_1_371' title='bbox 290 3313 455 3351; x_wconf 74' lang='lat' dir='ltr'><strong>produxit</strong></span> <span class='ocrx_word' id='word_1_372' title='bbox 475 3313 641 3353; x_wconf 84' lang='lat' dir='ltr'><strong>Beriiens.</strong></span> <span class='ocrx_word' id='word_1_373' title='bbox 663 3314 799 3353; x_wconf 79' lang='lat' dir='ltr'><strong>deducit</strong></span> <span class='ocrx_word' id='word_1_374' title='bbox 820 3316 942 3354; x_wconf 72' lang='lat' dir='ltr'><strong>inulti,</strong></span> 
     </span>
    </p>
   </div>
   <div class='ocr_carea' id='block_1_14' title="bbox 726 1416 1123 1463">
    <p class='ocr_par' dir='ltr' id='par_1_15' title="bbox 726 1416 1123 1463">
     <span class='ocr_line' id='line_1_56' title="bbox 726 1416 1123 1463; baseline -0.018 -2"><span class='ocrx_word' id='word_1_375' title='bbox 726 1423 785 1461; x_wconf 89' lang='lat' dir='ltr'><strong>Sic</strong></span> <span class='ocrx_word' id='word_1_376' title='bbox 813 1420 906 1463; x_wconf 87' lang='lat' dir='ltr'><strong>cufi,</strong></span> <span class='ocrx_word' id='word_1_377' title='bbox 944 1417 992 1456; x_wconf 88' lang='lat' dir='ltr'><strong>fic</strong></span> <span class='ocrx_word' id='word_1_378' title='bbox 1024 1416 1123 1454; x_wconf 87' lang='lat' dir='ltr'><strong>Mss.</strong></span> 
     </span>
    </p>
   </div>
   <div class='ocr_carea' id='block_1_15' title="bbox 1989 1167 2231 1234">
    <p class='ocr_par' dir='ltr' id='par_1_16' title="bbox 1989 1167 2231 1234">
     <span class='ocr_line' id='line_1_57' title="bbox 1989 1167 2231 1234; baseline 0 -11"><span class='ocrx_word' id='word_1_379' title='bbox 1989 1182 2084 1234; x_wconf 83' lang='lat'><strong>715</strong></span> <span class='ocrx_word' id='word_1_380' title='bbox 2110 1167 2231 1223; x_wconf 83' lang='lat' dir='ltr'><strong>Sola</strong></span> 
     </span>
    </p>
   </div>
   <div class='ocr_carea' id='block_1_16' title="bbox 1175 1300 2233 2161">
    <p class='ocr_par' dir='ltr' id='par_1_17' title="bbox 1179 1300 2233 1553">
     <span class='ocr_line' id='line_1_58' title="bbox 1236 1300 2227 1353; baseline 0.005 -16"><span class='ocrx_word' id='word_1_381' title='bbox 1236 1310 1320 1347; x_wconf 77' lang='lat'><strong>5¹0·</strong></span> <span class='ocrx_word' id='word_1_382' title='bbox 1348 1305 1389 1337; x_wconf 86' lang='lat' dir='ltr'><em>A</em></span> <span class='ocrx_word' id='word_1_383' title='bbox 1409 1300 1530 1350; x_wconf 76' lang='lat' dir='ltr'><strong>menfis</strong></span> <span class='ocrx_word' id='word_1_384' title='bbox 1550 1300 1618 1349; x_wconf 72' lang='lat' dir='ltr'><strong>fi‘ne</strong></span> <span class='ocrx_word' id='word_1_385' title='bbox 1629 1301 1782 1350; x_wconf 81' lang='lat' dir='ltr'><strong>secunda</strong></span> <span class='ocrx_word' id='word_1_386' title='bbox 1803 1301 1911 1353; x_wconf 86' lang='lat' dir='ltr'><strong>dies.]</strong></span> <span class='ocrx_word' id='word_1_387' title='bbox 1941 1301 2150 1352; x_wconf 84' lang='lat' dir='ltr'><strong>Trigefinia</strong></span> <span class='ocrx_word' id='word_1_388' title='bbox 2171 1315 2227 1342; x_wconf 80' lang='lat' dir='ltr'><strong>er-</strong></span> 
     </span>
     <span class='ocr_line' id='line_1_59' title="bbox 1181 1351 2227 1403; baseline 0.007 -16"><span class='ocrx_word' id='word_1_389' title='bbox 1181 1363 1232 1399; x_wconf 85' lang='lat' dir='ltr'><strong>go</strong></span> <span class='ocrx_word' id='word_1_390' title='bbox 1250 1351 1409 1396; x_wconf 87' lang='lat' dir='ltr'><strong>Januarii</strong></span> <span class='ocrx_word' id='word_1_391' title='bbox 1431 1352 1474 1389; x_wconf 85' lang='lat' dir='ltr'><strong>ad</strong></span> <span class='ocrx_word' id='word_1_392' title='bbox 1495 1364 1576 1390; x_wconf 88' lang='lat' dir='ltr'><strong>arae</strong></span> <span class='ocrx_word' id='word_1_393' title='bbox 1596 1354 1727 1401; x_wconf 80' lang='lat' dir='ltr'><strong>pacalis</strong></span> <span class='ocrx_word' id='word_1_394' title='bbox 1749 1353 1919 1392; x_wconf 87' lang='lat' dir='ltr'><strong>sacrificia</strong></span> <span class='ocrx_word' id='word_1_395' title='bbox 1942 1354 2136 1403; x_wconf 78' lang='lat' dir='ltr'><strong>assignata:</strong></span> <span class='ocrx_word' id='word_1_396' title='bbox 2163 1367 2227 1394; x_wconf 88' lang='lat' dir='ltr'><strong>cur</strong></span> 
     </span>
     <span class='ocr_line' id='line_1_60' title="bbox 1181 1401 2233 1458; baseline 0.004 -19"><span class='ocrx_word' id='word_1_397' title='bbox 1181 1402 1218 1458; x_wconf 77' lang='lat' dir='ltr'><strong>id</strong></span> <span class='ocrx_word' id='word_1_398' title='bbox 1237 1412 1300 1449; x_wconf 90' lang='lat' dir='ltr'><strong>per</strong></span> <span class='ocrx_word' id='word_1_399' title='bbox 1319 1401 1356 1439; x_wconf 93' lang='lat' dir='ltr'><strong>id</strong></span> <span class='ocrx_word' id='word_1_400' title='bbox 1375 1410 1521 1450; x_wconf 86' lang='lat' dir='ltr'><strong>tempus</strong></span> <span class='ocrx_word' id='word_1_401' title='bbox 1551 1404 1712 1442; x_wconf 88' lang='lat' dir='ltr'><strong>Romani</strong></span> <span class='ocrx_word' id='word_1_402' title='bbox 1733 1405 1886 1443; x_wconf 90' lang='lat' dir='ltr'><strong>fecerint</strong></span> <span class='ocrx_word' id='word_1_403' title='bbox 1907 1432 1918 1449; x_wconf 89' lang='lat'>,</span> <span class='ocrx_word' id='word_1_404' title='bbox 1946 1416 2073 1442; x_wconf 84' lang='lat' dir='ltr'><strong>verum</strong></span> <span class='ocrx_word' id='word_1_405' title='bbox 2102 1406 2233 1451; x_wconf 65' lang='lat' dir='ltr'><strong>fatear,</strong></span> 
     </span>
     <span class='ocr_line' id='line_1_61' title="bbox 1179 1452 2229 1501; baseline 0.006 -12"><span class='ocrx_word' id='word_1_406' title='bbox 1179 1464 1216 1490; x_wconf 89' lang='lat' dir='ltr'><strong>in</strong></span> <span class='ocrx_word' id='word_1_407' title='bbox 1240 1463 1277 1488; x_wconf 93' lang='lat' dir='ltr'><strong>re</strong></span> <span class='ocrx_word' id='word_1_408' title='bbox 1297 1452 1435 1490; x_wconf 74' lang='lat' dir='ltr'><strong>vetusta</strong></span> <span class='ocrx_word' id='word_1_409' title='bbox 1466 1454 1504 1490; x_wconf 65' lang='grc' dir='ltr'><strong>ὃς</strong></span> <span class='ocrx_word' id='word_1_410' title='bbox 1533 1453 1671 1492; x_wconf 65' lang='lat' dir='ltr'><strong>incerta</strong></span> <span class='ocrx_word' id='word_1_411' title='bbox 1691 1456 1779 1494; x_wconf 81' lang='lat' dir='ltr'><strong>nihil</strong></span> <span class='ocrx_word' id='word_1_412' title='bbox 1798 1455 1989 1494; x_wconf 85' lang='lat' dir='ltr'><strong>adfirmem</strong></span> <span class='ocrx_word' id='word_1_413' title='bbox 2005 1483 2016 1501; x_wconf 90' lang='lat'>‚</span> <span class='ocrx_word' id='word_1_414' title='bbox 2038 1455 2111 1494; x_wconf 89' lang='lat' dir='ltr'><strong>fine</strong></span> <span class='ocrx_word' id='word_1_415' title='bbox 2132 1455 2229 1495; x_wconf 86' lang='lat' dir='ltr'><strong>duce</strong></span> 
     </span>
     <span class='ocr_line' id='line_1_62' title="bbox 1180 1504 1807 1553; baseline 0.01 -14"><span class='ocrx_word' id='word_1_416' title='bbox 1180 1514 1228 1540; x_wconf 87' lang='lat' dir='ltr'><strong>ex</strong></span> <span class='ocrx_word' id='word_1_417' title='bbox 1255 1504 1493 1552; x_wconf 84' lang='lat' dir='ltr'><strong>antiquorum</strong></span> <span class='ocrx_word' id='word_1_418' title='bbox 1515 1504 1656 1553; x_wconf 84' lang='lat' dir='ltr'><strong>aliquo.</strong></span> <span class='ocrx_word' id='word_1_419' title='bbox 1682 1506 1807 1545; x_wconf 77' lang='lat' dir='ltr'><strong>NEAi’.</strong></span> 
     </span>
    </p>

    <p class='ocr_par' dir='ltr' id='par_1_18' title="bbox 1175 1553 2227 2161">
     <span class='ocr_line' id='line_1_63' title="bbox 1231 1553 2222 1606; baseline 0.003 -16"><span class='ocrx_word' id='word_1_420' title='bbox 1231 1563 1316 1599; x_wconf 90' lang='lat'><em>711.</em></span> <span class='ocrx_word' id='word_1_421' title='bbox 1342 1553 1536 1591; x_wconf 67' lang='lat' dir='ltr'><strong>frondibus</strong></span> <span class='ocrx_word' id='word_1_422' title='bbox 1554 1555 1711 1593; x_wconf 70' lang='lat' dir='ltr'><strong>Ac&#39;c‘iacis</strong></span> <span class='ocrx_word' id='word_1_423' title='bbox 1740 1570 1839 1594; x_wconf 86' lang='lat' dir='ltr'><strong>canos</strong></span> <span class='ocrx_word' id='word_1_424' title='bbox 1864 1555 2028 1594; x_wconf 84' lang='lat' dir='ltr'><strong>redimita</strong></span> <span class='ocrx_word' id='word_1_425' title='bbox 2048 1554 2222 1606; x_wconf 87' lang='lat' dir='ltr'><strong>capillos.]</strong></span> 
     </span>
     <span class='ocr_line' id='line_1_64' title="bbox 1178 1604 2226 1654; baseline 0.003 -13"><span class='ocrx_word' id='word_1_426' title='bbox 1178 1604 1283 1653; x_wconf 88' lang='lat' dir='ltr'><strong>Lege</strong></span> <span class='ocrx_word' id='word_1_427' title='bbox 1302 1615 1347 1641; x_wconf 83' lang='lat' dir='ltr'><strong>ex</strong></span> <span class='ocrx_word' id='word_1_428' title='bbox 1376 1613 1455 1652; x_wconf 88' lang='lat' dir='ltr'><strong>opt.</strong></span> <span class='ocrx_word' id='word_1_429' title='bbox 1491 1606 1738 1654; x_wconf 84' lang='lat' dir='ltr'><strong>manuscriptis</strong></span> <span class='ocrx_word' id='word_1_430' title='bbox 1766 1607 2029 1654; x_wconf 83' lang='lat' dir='ltr'><strong>exemplaribus</strong></span> <span class='ocrx_word' id='word_1_431' title='bbox 2066 1608 2104 1644; x_wconf 71' lang='grc' dir='ltr'><strong>ὅ(</strong></span> <span class='ocrx_word' id='word_1_432' title='bbox 2125 1608 2226 1654; x_wconf 87' lang='lat' dir='ltr'><strong>opti-</strong></span> 
     </span>
     <span class='ocr_line' id='line_1_65' title="bbox 1178 1653 2227 1707; baseline 0.001 -15"><span class='ocrx_word' id='word_1_433' title='bbox 1178 1666 1242 1692; x_wconf 90' lang='lat' dir='ltr'><strong>me</strong></span> <span class='ocrx_word' id='word_1_434' title='bbox 1260 1653 1396 1692; x_wconf 80' lang='lat' dir='ltr'><strong>excusis</strong></span> <span class='ocrx_word' id='word_1_435' title='bbox 1411 1682 1421 1699; x_wconf 93' lang='lat'>,</span> <span class='ocrx_word' id='word_1_436' title='bbox 1449 1660 1608 1705; x_wconf 85' lang='lat' dir='ltr'><strong>Comptos</strong></span> <span class='ocrx_word' id='word_1_437' title='bbox 1629 1657 1792 1694; x_wconf 88' lang='lat' dir='ltr'><strong>redimita</strong></span> <span class='ocrx_word' id='word_1_438' title='bbox 1804 1658 1950 1707; x_wconf 76' lang='lat' dir='ltr'><strong>capillos.</strong></span> <span class='ocrx_word' id='word_1_439' title='bbox 1979 1657 2090 1705; x_wconf 89' lang='lat' dir='ltr'><strong>idque</strong></span> <span class='ocrx_word' id='word_1_440' title='bbox 2109 1668 2227 1704; x_wconf 85' lang='lat' dir='ltr'><strong>agno-</strong></span> 
     </span>
     <span class='ocr_line' id='line_1_66' title="bbox 1177 1705 2223 1754; baseline 0 -11"><span class='ocrx_word' id='word_1_441' title='bbox 1177 1705 1243 1743; x_wconf 92' lang='lat' dir='ltr'><strong>scit</strong></span> <span class='ocrx_word' id='word_1_442' title='bbox 1263 1705 1419 1744; x_wconf 76' lang='lat' dir='ltr'><strong>Marsus.</strong></span> <span class='ocrx_word' id='word_1_443' title='bbox 1447 1705 1617 1743; x_wconf 72' lang='lat' dir='ltr'><strong>CIOFAN.</strong></span> <span class='ocrx_word' id='word_1_444' title='bbox 1644 1712 1757 1744; x_wconf 83' lang='lat' dir='ltr'><strong>Canos</strong></span> <span class='ocrx_word' id='word_1_445' title='bbox 1778 1709 1866 1745; x_wconf 90' lang='lat' dir='ltr'><strong>alter</strong></span> <span class='ocrx_word' id='word_1_446' title='bbox 1878 1706 2223 1754; x_wconf 84' lang='lat' dir='ltr'><strong>Petavianns.qu0d</strong></span> 
     </span>
     <span class='ocr_line' id='line_1_67' title="bbox 1176 1755 2221 1795; baseline 0 -2"><span class='ocrx_word' id='word_1_447' title='bbox 1176 1757 1215 1793; x_wconf 72' lang='grc' dir='ltr'><strong>δε</strong></span> <span class='ocrx_word' id='word_1_448' title='bbox 1234 1755 1293 1793; x_wconf 85' lang='lat' dir='ltr'><strong>alii</strong></span> <span class='ocrx_word' id='word_1_449' title='bbox 1322 1755 1360 1793; x_wconf 89' lang='lat' dir='ltr'><strong>in</strong></span> <span class='ocrx_word' id='word_1_450' title='bbox 1392 1756 1460 1794; x_wconf 82' lang='lat' dir='ltr'><strong>suis</strong></span> <span class='ocrx_word' id='word_1_451' title='bbox 1488 1757 1722 1795; x_wconf 86' lang='lat' dir='ltr'><strong>invenerunt.</strong></span> <span class='ocrx_word' id='word_1_452' title='bbox 1749 1757 1809 1795; x_wconf 89' lang='lat' dir='ltr'><strong>sed</strong></span> <span class='ocrx_word' id='word_1_453' title='bbox 1843 1758 1893 1795; x_wconf 91' lang='lat' dir='ltr'><strong>nil</strong></span> <span class='ocrx_word' id='word_1_454' title='bbox 1925 1765 2046 1794; x_wconf 82' lang='lat' dir='ltr'><strong>muto,</strong></span> <span class='ocrx_word' id='word_1_455' title='bbox 2110 1757 2221 1793; x_wconf 87' lang='lat' dir='ltr'><strong>Cere-</strong></span> 
     </span>
     <span class='ocr_line' id='line_1_68' title="bbox 1175 1806 2226 1858; baseline 0 -14"><span class='ocrx_word' id='word_1_456' title='bbox 1175 1818 1257 1844; x_wconf 87' lang='lat' dir='ltr'><strong>rurn</strong></span> <span class='ocrx_word' id='word_1_457' title='bbox 1286 1818 1351 1855; x_wconf 91' lang='lat' dir='ltr'><strong>pro</strong></span> <span class='ocrx_word' id='word_1_458' title='bbox 1383 1806 1574 1844; x_wconf 77' lang='lat' dir='ltr'><strong>Frondibus</strong></span> <span class='ocrx_word' id='word_1_459' title='bbox 1606 1807 1764 1844; x_wconf 68' lang='lat' dir='ltr'><strong>AHiacis</strong></span> <span class='ocrx_word' id='word_1_460' title='bbox 1786 1837 1797 1854; x_wconf 90' lang='lat'>‚</span> <span class='ocrx_word' id='word_1_461' title='bbox 1836 1807 1940 1858; x_wconf 89' lang='lat' dir='ltr'><strong>quod</strong></span> <span class='ocrx_word' id='word_1_462' title='bbox 1967 1807 2112 1845; x_wconf 87' lang='lat' dir='ltr'><strong>codices</strong></span> <span class='ocrx_word' id='word_1_463' title='bbox 2142 1807 2226 1845; x_wconf 88' lang='lat' dir='ltr'><strong>scri-</strong></span> 
     </span>
     <span class='ocr_line' id='line_1_69' title="bbox 1175 1857 2224 1907; baseline 0.001 -13"><span class='ocrx_word' id='word_1_464' title='bbox 1175 1859 1228 1907; x_wconf 87' lang='lat' dir='ltr'><strong>pti</strong></span> <span class='ocrx_word' id='word_1_465' title='bbox 1261 1857 1541 1895; x_wconf 83' lang='lat' dir='ltr'><strong>constantiffime</strong></span> <span class='ocrx_word' id='word_1_466' title='bbox 1578 1866 1728 1896; x_wconf 85' lang='lat' dir='ltr'><strong>tuentur</strong></span> <span class='ocrx_word' id='word_1_467' title='bbox 1748 1886 1760 1903; x_wconf 88' lang='lat'>,</span> <span class='ocrx_word' id='word_1_468' title='bbox 1802 1859 1859 1897; x_wconf 82' lang='lat' dir='ltr'><strong>vir</strong></span> <span class='ocrx_word' id='word_1_469' title='bbox 1889 1858 2065 1907; x_wconf 83' lang='lat' dir='ltr'><strong>plurimae</strong></span> <span class='ocrx_word' id='word_1_470' title='bbox 2096 1859 2134 1895; x_wconf 67' lang='grc' dir='ltr'><strong>ὅ(</strong></span> <span class='ocrx_word' id='word_1_471' title='bbox 2161 1857 2224 1895; x_wconf 89' lang='lat' dir='ltr'><strong>ad-</strong></span> 
     </span>
     <span class='ocr_line' id='line_1_70' title="bbox 1177 1908 2227 1956; baseline 0 -11"><span class='ocrx_word' id='word_1_472' title='bbox 1177 1908 1365 1946; x_wconf 87' lang='lat' dir='ltr'><strong>mirandae</strong></span> <span class='ocrx_word' id='word_1_473' title='bbox 1397 1908 1636 1953; x_wconf 81' lang='lat' dir='ltr'><strong>eruditionis,</strong></span> <span class='ocrx_word' id='word_1_474' title='bbox 1667 1909 1817 1947; x_wconf 73' lang='lat' dir='ltr'><strong>Samuel</strong></span> <span class='ocrx_word' id='word_1_475' title='bbox 1840 1910 2037 1947; x_wconf 87' lang='lat' dir='ltr'><strong>Bochartus</strong></span> <span class='ocrx_word' id='word_1_476' title='bbox 2058 1909 2095 1945; x_wconf 89' lang='lat' dir='ltr'><strong>in</strong></span> <span class='ocrx_word' id='word_1_477' title='bbox 2122 1919 2227 1956; x_wconf 89' lang='lat' dir='ltr'><strong>prae·</strong></span> 
     </span>
     <span class='ocr_line' id='line_1_71' title="bbox 1178 1959 2226 2009; baseline 0 -13"><span class='ocrx_word' id='word_1_478' title='bbox 1178 1959 1275 1997; x_wconf 85' lang='lat' dir='ltr'><strong>claro</strong></span> <span class='ocrx_word' id='word_1_479' title='bbox 1287 1970 1399 2007; x_wconf 89' lang='lat' dir='ltr'><strong>opere</strong></span> <span class='ocrx_word' id='word_1_480' title='bbox 1419 1959 1464 1997; x_wconf 89' lang='lat' dir='ltr'><strong>de</strong></span> <span class='ocrx_word' id='word_1_481' title='bbox 1477 1959 1708 1997; x_wconf 84' lang='lat' dir='ltr'><strong>Animalibus</strong></span> <span class='ocrx_word' id='word_1_482' title='bbox 1729 1960 1762 1997; x_wconf 89' lang='lat' dir='ltr'><strong>S.</strong></span> <span class='ocrx_word' id='word_1_483' title='bbox 1780 1961 1983 2009; x_wconf 84' lang='lat' dir='ltr'><strong>Scripturae</strong></span> <span class='ocrx_word' id='word_1_484' title='bbox 2003 1959 2124 1997; x_wconf 87' lang='lat' dir='ltr'><strong>lib.11.</strong></span> <span class='ocrx_word' id='word_1_485' title='bbox 2149 1971 2226 2007; x_wconf 72' lang='lat' dir='ltr'><strong>cap,</strong></span> 
     </span>
     <span class='ocr_line' id='line_1_72' title="bbox 1181 2008 2227 2059; baseline -0.002 -12"><span class='ocrx_word' id='word_1_486' title='bbox 1181 2021 1237 2058; x_wconf 84' lang='lat'><strong>32.</strong></span> <span class='ocrx_word' id='word_1_487' title='bbox 1253 2008 1595 2046; x_wconf 61' lang='lat' dir='ltr'><strong>FrondibusAcJaeis</strong></span> <span class='ocrx_word' id='word_1_488' title='bbox 1616 2010 1808 2049; x_wconf 87' lang='lat' dir='ltr'><strong>contendit</strong></span> <span class='ocrx_word' id='word_1_489' title='bbox 1823 2010 2038 2059; x_wconf 86' lang='lat' dir='ltr'><strong>legendum.</strong></span> <span class='ocrx_word' id='word_1_490' title='bbox 2066 2009 2140 2046; x_wconf 87' lang='lat' dir='ltr'><strong>hoc</strong></span> <span class='ocrx_word' id='word_1_491' title='bbox 2151 2010 2227 2054; x_wconf 75' lang='lat' dir='ltr'><strong>est,</strong></span> 
     </span>
     <span class='ocr_line' id='line_1_73' title="bbox 1179 2059 2222 2109; baseline 0 -12"><span class='ocrx_word' id='word_1_492' title='bbox 1179 2060 1274 2097; x_wconf 88' lang='lat' dir='ltr'><strong>olea.</strong></span> <span class='ocrx_word' id='word_1_493' title='bbox 1303 2060 1406 2109; x_wconf 86' lang='lat' dir='ltr'><strong>quod</strong></span> <span class='ocrx_word' id='word_1_494' title='bbox 1437 2059 1574 2109; x_wconf 81' lang='lat' dir='ltr'><strong>insigne</strong></span> <span class='ocrx_word' id='word_1_495' title='bbox 1603 2061 1700 2107; x_wconf 88' lang='lat' dir='ltr'><strong>pacis</strong></span> <span class='ocrx_word' id='word_1_496' title='bbox 1721 2062 1760 2099; x_wconf 71' lang='grc' dir='ltr'>δί</span> <span class='ocrx_word' id='word_1_497' title='bbox 1777 2062 1971 2099; x_wconf 90' lang='lat' dir='ltr'><strong>inventum</strong></span> <span class='ocrx_word' id='word_1_498' title='bbox 1997 2061 2222 2105; x_wconf 85' lang='lat' dir='ltr'><strong>Minervae,</strong></span> 
     </span>
     <span class='ocr_line' id='line_1_74' title="bbox 1177 2110 2226 2161; baseline -0.001 -14"><span class='ocrx_word' id='word_1_499' title='bbox 1177 2110 1265 2148; x_wconf 90' lang='lat' dir='ltr'><strong>dum</strong></span> <span class='ocrx_word' id='word_1_500' title='bbox 1289 2111 1383 2148; x_wconf 86' lang='lat' dir='ltr'><strong>inter</strong></span> <span class='ocrx_word' id='word_1_501' title='bbox 1406 2110 1502 2148; x_wconf 89' lang='lat' dir='ltr'><strong>illam</strong></span> <span class='ocrx_word' id='word_1_502' title='bbox 1525 2113 1562 2148; x_wconf 66' lang='grc' dir='ltr'><strong>ὃς</strong></span> <span class='ocrx_word' id='word_1_503' title='bbox 1582 2112 1801 2160; x_wconf 82' lang='lat' dir='ltr'><strong>Neptunum</strong></span> <span class='ocrx_word' id='word_1_504' title='bbox 1824 2113 1926 2161; x_wconf 88' lang='lat' dir='ltr'><strong>super</strong></span> <span class='ocrx_word' id='word_1_505' title='bbox 1938 2111 2092 2149; x_wconf 90' lang='lat' dir='ltr'><strong>nomine</strong></span> <span class='ocrx_word' id='word_1_506' title='bbox 2105 2110 2226 2147; x_wconf 83' lang='lat' dir='ltr'><strong>Athe-</strong></span> 
     </span>
    </p>
   </div>
   <div class='ocr_carea' id='block_1_17' title="bbox 1161 2161 2225 2216">
    <p class='ocr_par' dir='ltr' id='par_1_19' title="bbox 1161 2161 2225 2216">
     <span class='ocr_line' id='line_1_75' title="bbox 1161 2161 2225 2216; baseline 0.001 -18"><span class='ocrx_word' id='word_1_507' title='bbox 1161 2161 1229 2198; x_wconf 67' lang='lat' dir='ltr'><strong>‘nis</strong></span> <span class='ocrx_word' id='word_1_508' title='bbox 1254 2161 1383 2198; x_wconf 86' lang='lat' dir='ltr'><strong>Atticis</strong></span> <span class='ocrx_word' id='word_1_509' title='bbox 1401 2161 1633 2210; x_wconf 87' lang='lat' dir='ltr'><strong>imponendo</strong></span> <span class='ocrx_word' id='word_1_510' title='bbox 1656 2170 1823 2200; x_wconf 88' lang='lat' dir='ltr'><strong>certatur.</strong></span> <span class='ocrx_word' id='word_1_511' title='bbox 1851 2163 1904 2200; x_wconf 91' lang='lat' dir='ltr'><strong>uti</strong></span> <span class='ocrx_word' id='word_1_512' title='bbox 1925 2174 1969 2199; x_wconf 81' lang='lat' dir='ltr'><strong>ex</strong></span> <span class='ocrx_word' id='word_1_513' title='bbox 1989 2161 2225 2216; x_wconf 73' lang='lat' dir='ltr'><strong>Mythologis</strong></span> 
     </span>
    </p>
   </div>
   <div class='ocr_carea' id='block_1_18' title="bbox 1171 2212 2224 3314">
    <p class='ocr_par' dir='ltr' id='par_1_20' title="bbox 1171 2212 2224 3314">
     <span class='ocr_line' id='line_1_76' title="bbox 1174 2212 2223 2261; baseline -0.002 -13"><span class='ocrx_word' id='word_1_514' title='bbox 1174 2212 1212 2248; x_wconf 70' lang='grc' dir='ltr'><strong>ὃ(</strong></span> <span class='ocrx_word' id='word_1_515' title='bbox 1234 2223 1353 2249; x_wconf 90' lang='lat' dir='ltr'><strong>rerum</strong></span> <span class='ocrx_word' id='word_1_516' title='bbox 1385 2213 1592 2250; x_wconf 80' lang='lat' dir='ltr'><strong>Atticarum</strong></span> <span class='ocrx_word' id='word_1_517' title='bbox 1613 2212 1840 2261; x_wconf 89' lang='lat' dir='ltr'><strong>scriptoribus</strong></span> <span class='ocrx_word' id='word_1_518' title='bbox 1867 2212 1916 2250; x_wconf 88' lang='lat' dir='ltr'><strong>est</strong></span> <span class='ocrx_word' id='word_1_519' title='bbox 1944 2220 2094 2250; x_wconf 89' lang='lat' dir='ltr'><strong>notum.</strong></span> <span class='ocrx_word' id='word_1_520' title='bbox 2118 2216 2223 2247; x_wconf 82' lang='lat' dir='ltr'><strong>Am-</strong></span> 
     </span>
     <span class='ocr_line' id='line_1_77' title="bbox 1173 2261 2224 2313; baseline 0.001 -16"><span class='ocrx_word' id='word_1_521' title='bbox 1173 2274 1250 2298; x_wconf 87' lang='lat' dir='ltr'><strong>cam</strong></span> <span class='ocrx_word' id='word_1_522' title='bbox 1261 2261 1425 2308; x_wconf 81' lang='lat' dir='ltr'><strong>frondem</strong></span> <span class='ocrx_word' id='word_1_523' title='bbox 1444 2263 1584 2300; x_wconf 86' lang='lat' dir='ltr'><strong>olivam</strong></span> <span class='ocrx_word' id='word_1_524' title='bbox 1606 2263 1818 2313; x_wconf 87' lang='lat' dir='ltr'><strong>frequenter</strong></span> <span class='ocrx_word' id='word_1_525' title='bbox 1839 2261 1858 2300; x_wconf 71' lang='lat' dir='ltr'><strong>a</strong></span> <span class='ocrx_word' id='word_1_526' title='bbox 1876 2264 2001 2301; x_wconf 72' lang='lat' dir='ltr'><strong>Poetis</strong></span> <span class='ocrx_word' id='word_1_527' title='bbox 2024 2261 2094 2299; x_wconf 86' lang='lat' dir='ltr'><strong>dici</strong></span> <span class='ocrx_word' id='word_1_528' title='bbox 2119 2273 2224 2298; x_wconf 72' lang='lat' dir='ltr'><strong>com&lt;-</strong></span> 
     </span>
     <span class='ocr_line' id='line_1_78' title="bbox 1171 2311 2219 2362; baseline -0.001 -13"><span class='ocrx_word' id='word_1_529' title='bbox 1171 2312 1331 2360; x_wconf 92' lang='lat' dir='ltr'><strong>pluribus</strong></span> <span class='ocrx_word' id='word_1_530' title='bbox 1367 2312 1426 2350; x_wconf 91' lang='lat' dir='ltr'><strong>ille</strong></span> <span class='ocrx_word' id='word_1_531' title='bbox 1455 2313 1632 2362; x_wconf 84' lang='lat' dir='ltr'><strong>exemplis</strong></span> <span class='ocrx_word' id='word_1_532' title='bbox 1654 2314 1800 2352; x_wconf 87' lang='lat' dir='ltr'><strong>adstruit</strong></span> <span class='ocrx_word' id='word_1_533' title='bbox 1830 2313 1965 2352; x_wconf 87' lang='lat' dir='ltr'><strong>ibidem</strong></span> <span class='ocrx_word' id='word_1_534' title='bbox 1990 2342 1999 2357; x_wconf 96' lang='lat'>,</span> <span class='ocrx_word' id='word_1_535' title='bbox 2027 2312 2157 2361; x_wconf 90' lang='lat' dir='ltr'><strong>quibus</strong></span> <span class='ocrx_word' id='word_1_536' title='bbox 2177 2311 2219 2348; x_wconf 93' lang='lat' dir='ltr'><strong>il-</strong></span> 
     </span>
     <span class='ocr_line' id='line_1_79' title="bbox 1171 2362 2220 2413; baseline -0.003 -12"><span class='ocrx_word' id='word_1_537' title='bbox 1171 2362 1235 2401; x_wconf 89' lang='lat' dir='ltr'><strong>lud</strong></span> <span class='ocrx_word' id='word_1_538' title='bbox 1248 2363 1408 2401; x_wconf 80' lang='lat' dir='ltr'><strong>Senecae</strong></span> <span class='ocrx_word' id='word_1_539' title='bbox 1420 2375 1465 2401; x_wconf 87' lang='lat' dir='ltr'><strong>ex</strong></span> <span class='ocrx_word' id='word_1_540' title='bbox 1487 2364 1646 2402; x_wconf 89' lang='lat' dir='ltr'><strong>Furente</strong></span> <span class='ocrx_word' id='word_1_541' title='bbox 1661 2364 1917 2413; x_wconf 80' lang='lat' dir='ltr'><strong>Herculco13.</strong></span> <span class='ocrx_word' id='word_1_542' title='bbox 1944 2364 2095 2402; x_wconf 83' lang='lat' dir='ltr'><strong>addatur</strong></span> <span class='ocrx_word' id='word_1_543' title='bbox 2112 2362 2220 2407; x_wconf 82' lang='lat' dir='ltr'><strong>licet,</strong></span> 
     </span>
     <span class='ocr_line' id='line_1_80' title="bbox 1228 2415 1915 2464; baseline 0 -14"><span class='ocrx_word' id='word_1_544' title='bbox 1228 2420 1273 2450; x_wconf 85' lang='lat' dir='ltr'><strong>Te</strong></span> <span class='ocrx_word' id='word_1_545' title='bbox 1294 2427 1414 2450; x_wconf 82' lang='lat' dir='ltr'><strong>ramus</strong></span> <span class='ocrx_word' id='word_1_546' title='bbox 1432 2415 1524 2452; x_wconf 84' lang='lat' dir='ltr'><strong>oleae</strong></span> <span class='ocrx_word' id='word_1_547' title='bbox 1533 2416 1663 2462; x_wconf 86' lang='lat' dir='ltr'><strong>fronde</strong></span> <span class='ocrx_word' id='word_1_548' title='bbox 1680 2415 1802 2464; x_wconf 85' lang='lat' dir='ltr'><strong>gentili</strong></span> <span class='ocrx_word' id='word_1_549' title='bbox 1823 2424 1915 2463; x_wconf 76' lang='lat' dir='ltr'><strong>tegat</strong></span> 
     </span>
     <span class='ocr_line' id='line_1_81' title="bbox 1228 2464 1365 2511; baseline 0.015 -12"><span class='ocrx_word' id='word_1_550' title='bbox 1228 2464 1365 2511; x_wconf 79' lang='lat' dir='ltr'><strong>Thesea.</strong></span> 
     </span>
     <span class='ocr_line' id='line_1_82' title="bbox 1176 2511 2223 2560; baseline 0.001 -12"><span class='ocrx_word' id='word_1_551' title='bbox 1176 2515 1329 2560; x_wconf 84' lang='lat' dir='ltr'><strong>patriam</strong></span> <span class='ocrx_word' id='word_1_552' title='bbox 1362 2513 1466 2549; x_wconf 87' lang='lat' dir='ltr'><strong>oleae</strong></span> <span class='ocrx_word' id='word_1_553' title='bbox 1494 2515 1532 2550; x_wconf 69' lang='grc' dir='ltr'><strong>δε</strong></span> <span class='ocrx_word' id='word_1_554' title='bbox 1561 2513 1712 2550; x_wconf 89' lang='lat' dir='ltr'><strong>Theseo</strong></span> <span class='ocrx_word' id='word_1_555' title='bbox 1742 2513 1897 2550; x_wconf 87' lang='lat' dir='ltr'><strong>eandem</strong></span> <span class='ocrx_word' id='word_1_556' title='bbox 1929 2511 2016 2549; x_wconf 87' lang='lat' dir='ltr'><strong>facit</strong></span> <span class='ocrx_word' id='word_1_557' title='bbox 2042 2511 2223 2550; x_wconf 62' lang='lat' dir='ltr'><strong>Athenas.=</strong></span> 
     </span>
     <span class='ocr_line' id='line_1_83' title="bbox 1178 2560 2218 2607; baseline 0.001 -10"><span class='ocrx_word' id='word_1_558' title='bbox 1178 2564 1230 2598; x_wconf 84' lang='lat' dir='ltr'><strong>At</strong></span> <span class='ocrx_word' id='word_1_559' title='bbox 1253 2573 1366 2605; x_wconf 88' lang='lat' dir='ltr'><strong>vero,</strong></span> <span class='ocrx_word' id='word_1_560' title='bbox 1396 2570 1435 2599; x_wconf 89' lang='lat' dir='ltr'><strong>ut</strong></span> <span class='ocrx_word' id='word_1_561' title='bbox 1462 2560 1483 2598; x_wconf 69' lang='lat' dir='ltr'><strong>a</strong></span> <span class='ocrx_word' id='word_1_562' title='bbox 1516 2562 1597 2599; x_wconf 87' lang='lat' dir='ltr'><strong>viro</strong></span> <span class='ocrx_word' id='word_1_563' title='bbox 1619 2570 1723 2600; x_wconf 72' lang='lat' dir='ltr'><strong>tanto</strong></span> <span class='ocrx_word' id='word_1_564' title='bbox 1753 2561 1933 2601; x_wconf 84' lang='lat' dir='ltr'><strong>dissentire</strong></span> <span class='ocrx_word' id='word_1_565' title='bbox 1967 2562 2059 2599; x_wconf 86' lang='lat' dir='ltr'><strong>mihi</strong></span> <span class='ocrx_word' id='word_1_566' title='bbox 2085 2561 2218 2607; x_wconf 82' lang='lat' dir='ltr'><strong>liceat,</strong></span> 
     </span>
     <span class='ocr_line' id='line_1_84' title="bbox 1177 2611 2218 2650; baseline 0.001 -3"><span class='ocrx_word' id='word_1_567' title='bbox 1177 2611 1267 2648; x_wconf 89' lang='lat' dir='ltr'><strong>nihil</strong></span> <span class='ocrx_word' id='word_1_568' title='bbox 1287 2613 1322 2649; x_wconf 92' lang='lat' dir='ltr'><strong>in</strong></span> <span class='ocrx_word' id='word_1_569' title='bbox 1345 2612 1418 2649; x_wconf 81' lang='lat' dir='ltr'><strong>hoc</strong></span> <span class='ocrx_word' id='word_1_570' title='bbox 1447 2612 1601 2649; x_wconf 87' lang='lat' dir='ltr'><strong>Nasonis</strong></span> <span class='ocrx_word' id='word_1_571' title='bbox 1628 2613 1716 2650; x_wconf 90' lang='lat' dir='ltr'><strong>loco</strong></span> <span class='ocrx_word' id='word_1_572' title='bbox 1744 2611 1813 2650; x_wconf 89' lang='lat' dir='ltr'><strong>esse</strong></span> <span class='ocrx_word' id='word_1_573' title='bbox 1835 2611 2106 2650; x_wconf 85' lang='lat' dir='ltr'><strong>immutandum</strong></span> <span class='ocrx_word' id='word_1_574' title='bbox 2129 2623 2218 2649; x_wconf 86' lang='lat' dir='ltr'><strong>cen-</strong></span> 
     </span>
     <span class='ocr_line' id='line_1_85' title="bbox 1175 2661 2219 2712; baseline 0.003 -15"><span class='ocrx_word' id='word_1_575' title='bbox 1175 2661 1248 2698; x_wconf 85' lang='lat' dir='ltr'><strong>seo.</strong></span> <span class='ocrx_word' id='word_1_576' title='bbox 1303 2662 1400 2698; x_wconf 89' lang='lat' dir='ltr'><strong>Nam</strong></span> <span class='ocrx_word' id='word_1_577' title='bbox 1423 2671 1676 2711; x_wconf 82' lang='lat' dir='ltr'><strong>praeterquam</strong></span> <span class='ocrx_word' id='word_1_578' title='bbox 1709 2664 1809 2712; x_wconf 86' lang='lat' dir='ltr'><strong>quod</strong></span> <span class='ocrx_word' id='word_1_579' title='bbox 1829 2663 2128 2701; x_wconf 76' lang='lat' dir='ltr'><strong>membrararum</strong></span> <span class='ocrx_word' id='word_1_580' title='bbox 2152 2674 2219 2700; x_wconf 90' lang='lat' dir='ltr'><strong>ve-</strong></span> 
     </span>
     <span class='ocr_line' id='line_1_86' title="bbox 1175 2711 2214 2762; baseline 0.001 -14"><span class='ocrx_word' id='word_1_581' title='bbox 1175 2718 1296 2748; x_wconf 87' lang='lat' dir='ltr'><strong>terum</strong></span> <span class='ocrx_word' id='word_1_582' title='bbox 1325 2711 1521 2749; x_wconf 67' lang='lat' dir='ltr'><strong>aueioriras</strong></span> <span class='ocrx_word' id='word_1_583' title='bbox 1548 2725 1614 2761; x_wconf 84' lang='lat' dir='ltr'><strong>pro</strong></span> <span class='ocrx_word' id='word_1_584' title='bbox 1651 2724 1711 2750; x_wconf 84' lang='lat' dir='ltr'><strong>me</strong></span> <span class='ocrx_word' id='word_1_585' title='bbox 1741 2714 1874 2753; x_wconf 84' lang='lat' dir='ltr'><strong>militat</strong></span> <span class='ocrx_word' id='word_1_586' title='bbox 1893 2742 1904 2759; x_wconf 92' lang='lat'>‚</span> <span class='ocrx_word' id='word_1_587' title='bbox 1943 2724 1982 2751; x_wconf 90' lang='lat' dir='ltr'><strong>ut</strong></span> <span class='ocrx_word' id='word_1_588' title='bbox 2004 2713 2083 2762; x_wconf 83' lang='lat' dir='ltr'><strong>jam</strong></span> <span class='ocrx_word' id='word_1_589' title='bbox 2114 2712 2214 2757; x_wconf 77' lang='lat' dir='ltr'><strong>dixi,</strong></span> 
     </span>
     <span class='ocr_line' id='line_1_87' title="bbox 1175 2761 2216 2811; baseline 0.001 -13"><span class='ocrx_word' id='word_1_590' title='bbox 1175 2761 1355 2810; x_wconf 84' lang='lat' dir='ltr'><strong>quodque</strong></span> <span class='ocrx_word' id='word_1_591' title='bbox 1382 2764 1558 2799; x_wconf 61' lang='lat' dir='ltr'><strong>Acraeam</strong></span> <span class='ocrx_word' id='word_1_592' title='bbox 1596 2764 1634 2800; x_wconf 91' lang='lat'>&amp;</span> <span class='ocrx_word' id='word_1_593' title='bbox 1669 2765 1856 2801; x_wconf 68' lang='lat' dir='ltr'><strong>Actiacum</strong></span> <span class='ocrx_word' id='word_1_594' title='bbox 1893 2764 1989 2811; x_wconf 88' lang='lat' dir='ltr'><strong>apud</strong></span> <span class='ocrx_word' id='word_1_595' title='bbox 2025 2763 2216 2811; x_wconf 88' lang='lat' dir='ltr'><strong>scriptores</strong></span> 
     </span>
     <span class='ocr_line' id='line_1_88' title="bbox 1174 2813 2222 2863; baseline 0.004 -15"><span class='ocrx_word' id='word_1_596' title='bbox 1174 2813 1344 2862; x_wconf 88' lang='lat' dir='ltr'><strong>antiquos</strong></span> <span class='ocrx_word' id='word_1_597' title='bbox 1367 2813 1570 2859; x_wconf 79' lang='lat' dir='ltr'><strong>promiscue</strong></span> <span class='ocrx_word' id='word_1_598' title='bbox 1590 2814 1769 2851; x_wconf 88' lang='lat' dir='ltr'><strong>confundi</strong></span> <span class='ocrx_word' id='word_1_599' title='bbox 1787 2815 1831 2853; x_wconf 90' lang='lat' dir='ltr'><strong>ad</strong></span> <span class='ocrx_word' id='word_1_600' title='bbox 1851 2814 2036 2863; x_wconf 88' lang='lat' dir='ltr'><strong>epistolam</strong></span> <span class='ocrx_word' id='word_1_601' title='bbox 2053 2813 2185 2862; x_wconf 80' lang='lat' dir='ltr'><strong>Sapphi</strong></span> <span class='ocrx_word' id='word_1_602' title='bbox 2201 2824 2222 2852; x_wconf 68' lang='lat' dir='ltr'><strong>s</strong></span> 
     </span>
     <span class='ocr_line' id='line_1_89' title="bbox 1173 2862 2215 2911; baseline 0.003 -12"><span class='ocrx_word' id='word_1_603' title='bbox 1173 2862 1227 2904; x_wconf 52' lang='lat' dir='ltr'><strong>fiis.</strong></span> <span class='ocrx_word' id='word_1_604' title='bbox 1253 2864 1333 2900; x_wconf 65' lang='grc'><strong>166.</strong></span> <span class='ocrx_word' id='word_1_605' title='bbox 1361 2863 1625 2908; x_wconf 81' lang='lat' dir='ltr'><strong>demonstravi,</strong></span> <span class='ocrx_word' id='word_1_606' title='bbox 1656 2863 1701 2901; x_wconf 91' lang='lat' dir='ltr'><strong>de</strong></span> <span class='ocrx_word' id='word_1_607' title='bbox 1722 2865 1802 2902; x_wconf 86' lang='lat' dir='ltr'><strong>olea</strong></span> <span class='ocrx_word' id='word_1_608' title='bbox 1829 2866 1921 2902; x_wconf 88' lang='lat' dir='ltr'><strong>haec</strong></span> <span class='ocrx_word' id='word_1_609' title='bbox 1950 2864 2101 2911; x_wconf 78' lang='lat' dir='ltr'><strong>intelligi</strong></span> <span class='ocrx_word' id='word_1_610' title='bbox 2122 2864 2215 2902; x_wconf 80' lang='lat' dir='ltr'><strong>nihil</strong></span> 
     </span>
     <span class='ocr_line' id='line_1_90' title="bbox 1171 2911 2215 2963; baseline 0.003 -15"><span class='ocrx_word' id='word_1_611' title='bbox 1171 2911 1313 2949; x_wconf 86' lang='lat' dir='ltr'><strong>necesse</strong></span> <span class='ocrx_word' id='word_1_612' title='bbox 1333 2913 1391 2950; x_wconf 89' lang='lat' dir='ltr'><strong>est.</strong></span> <span class='ocrx_word' id='word_1_613' title='bbox 1440 2914 1565 2950; x_wconf 88' lang='lat' dir='ltr'><strong>Immo</strong></span> <span class='ocrx_word' id='word_1_614' title='bbox 1580 2926 1642 2963; x_wconf 88' lang='lat' dir='ltr'><strong>per</strong></span> <span class='ocrx_word' id='word_1_615' title='bbox 1658 2915 1798 2960; x_wconf 77' lang='lat' dir='ltr'><strong>frondes</strong></span> <span class='ocrx_word' id='word_1_616' title='bbox 1811 2915 1977 2951; x_wconf 67' lang='lat' dir='ltr'><strong>Arrianis</strong></span> <span class='ocrx_word' id='word_1_617' title='bbox 2005 2915 2093 2951; x_wconf 89' lang='lat' dir='ltr'><strong>niliil</strong></span> <span class='ocrx_word' id='word_1_618' title='bbox 2115 2914 2215 2952; x_wconf 91' lang='lat' dir='ltr'><strong>aliud</strong></span> 
     </span>
     <span class='ocr_line' id='line_1_91' title="bbox 1174 2963 2214 3013; baseline 0.004 -15"><span class='ocrx_word' id='word_1_619' title='bbox 1174 2963 1362 3000; x_wconf 79' lang='lat' dir='ltr'><strong>Nasonem</strong></span> <span class='ocrx_word' id='word_1_620' title='bbox 1398 2964 1610 3002; x_wconf 71' lang='lat' dir='ltr'><strong>intellexisse</strong></span> <span class='ocrx_word' id='word_1_621' title='bbox 1643 2965 1720 3002; x_wconf 90' lang='lat' dir='ltr'><strong>sum</strong></span> <span class='ocrx_word' id='word_1_622' title='bbox 1755 2975 1871 3003; x_wconf 90' lang='lat' dir='ltr'><strong>certus</strong></span> <span class='ocrx_word' id='word_1_623' title='bbox 1903 2964 2015 3013; x_wconf 68' lang='lat' dir='ltr'><strong>quam</strong></span> <span class='ocrx_word' id='word_1_624' title='bbox 2041 2964 2214 3002; x_wconf 74' lang='lat' dir='ltr'><strong>frondem</strong></span> 
     </span>
     <span class='ocr_line' id='line_1_92' title="bbox 1171 3013 2210 3061; baseline 0.002 -12"><span class='ocrx_word' id='word_1_625' title='bbox 1171 3013 1330 3050; x_wconf 86' lang='lat' dir='ltr'><strong>lauream</strong></span> <span class='ocrx_word' id='word_1_626' title='bbox 1346 3041 1355 3057; x_wconf 91' lang='lat'>,</span> <span class='ocrx_word' id='word_1_627' title='bbox 1377 3015 1539 3061; x_wconf 84' lang='lat' dir='ltr'><strong>Apollini</strong></span> <span class='ocrx_word' id='word_1_628' title='bbox 1571 3015 1683 3052; x_wconf 69' lang='lat' dir='ltr'><strong>nciio</strong></span> <span class='ocrx_word' id='word_1_629' title='bbox 1704 3015 1847 3053; x_wconf 78' lang='lat' dir='ltr'><strong>sacram.</strong></span> <span class='ocrx_word' id='word_1_630' title='bbox 1876 3016 1923 3053; x_wconf 85' lang='lat' dir='ltr'><strong>est</strong></span> <span class='ocrx_word' id='word_1_631' title='bbox 1946 3025 2067 3052; x_wconf 79' lang='lat' dir='ltr'><strong>autem</strong></span> <span class='ocrx_word' id='word_1_632' title='bbox 2092 3015 2210 3052; x_wconf 87' lang='lat' dir='ltr'><strong>laurus</strong></span> 
     </span>
     <span class='ocr_line' id='line_1_93' title="bbox 1172 3064 2211 3115; baseline 0.001 -15"><span class='ocrx_word' id='word_1_633' title='bbox 1172 3075 1248 3100; x_wconf 90' lang='lat' dir='ltr'><strong>non</strong></span> <span class='ocrx_word' id='word_1_634' title='bbox 1266 3065 1386 3101; x_wconf 84' lang='lat' dir='ltr'><strong>minus</strong></span> <span class='ocrx_word' id='word_1_635' title='bbox 1415 3064 1553 3114; x_wconf 79' lang='lat' dir='ltr'><strong>insigne</strong></span> <span class='ocrx_word' id='word_1_636' title='bbox 1587 3066 1680 3113; x_wconf 81' lang='lat' dir='ltr'><strong>pacis</strong></span> <span class='ocrx_word' id='word_1_637' title='bbox 1699 3078 1808 3115; x_wconf 85' lang='lat' dir='ltr'><strong>quam</strong></span> <span class='ocrx_word' id='word_1_638' title='bbox 1832 3066 2019 3103; x_wconf 73' lang='lat' dir='ltr'><strong>victoriae.</strong></span> <span class='ocrx_word' id='word_1_639' title='bbox 2059 3067 2144 3112; x_wconf 88' lang='lat' dir='ltr'><strong>Qua</strong></span> <span class='ocrx_word' id='word_1_640' title='bbox 2165 3066 2211 3101; x_wconf 86' lang='lat' dir='ltr'><strong>de</strong></span> 
     </span>
     <span class='ocr_line' id='line_1_94' title="bbox 1172 3114 2217 3163; baseline 0.002 -12"><span class='ocrx_word' id='word_1_641' title='bbox 1172 3125 1209 3151; x_wconf 89' lang='lat' dir='ltr'><strong>re</strong></span> <span class='ocrx_word' id='word_1_642' title='bbox 1231 3114 1423 3152; x_wconf 86' lang='lat' dir='ltr'><strong>videantur</strong></span> <span class='ocrx_word' id='word_1_643' title='bbox 1442 3127 1537 3163; x_wconf 86' lang='lat' dir='ltr'><strong>quae</strong></span> <span class='ocrx_word' id='word_1_644' title='bbox 1555 3124 1777 3154; x_wconf 83' lang='lat' dir='ltr'><strong>annotantur</strong></span> <span class='ocrx_word' id='word_1_645' title='bbox 1804 3117 1896 3155; x_wconf 86' lang='lat' dir='ltr'><strong>libro</strong></span> <span class='ocrx_word' id='word_1_646' title='bbox 1920 3128 1980 3153; x_wconf 85' lang='lat' dir='ltr'><strong>xv.</strong></span> <span class='ocrx_word' id='word_1_647' title='bbox 1999 3117 2153 3152; x_wconf 88' lang='lat' dir='ltr'><strong>Metam.</strong></span> <span class='ocrx_word' id='word_1_648' title='bbox 2178 3127 2217 3153; x_wconf 69' lang='lat' dir='ltr'><strong>v,</strong></span> 
     </span>
     <span class='ocr_line' id='line_1_95' title="bbox 1175 3165 2212 3215; baseline -0.002 -13"><span class='ocrx_word' id='word_1_649' title='bbox 1175 3165 1511 3214; x_wconf 41' lang='lat' dir='ltr'><strong>591cubipacalem</strong></span> <span class='ocrx_word' id='word_1_650' title='bbox 1542 3165 1683 3202; x_wconf 73' lang='lat' dir='ltr'><strong>lauram</strong></span> <span class='ocrx_word' id='word_1_651' title='bbox 1711 3167 1831 3205; x_wconf 79' lang='lat' dir='ltr'><strong>habes.</strong></span> <span class='ocrx_word' id='word_1_652' title='bbox 1867 3166 2060 3215; x_wconf 75' lang='lat' dir='ltr'><strong>Eleganter</strong></span> <span class='ocrx_word' id='word_1_653' title='bbox 2087 3174 2212 3201; x_wconf 81' lang='lat' dir='ltr'><strong>autem·</strong></span> 
     </span>
     <span class='ocr_line' id='line_1_96' title="bbox 1173 3216 2207 3266; baseline -0.005 -14"><span class='ocrx_word' id='word_1_654' title='bbox 1173 3217 1210 3252; x_wconf 61' lang='grc' dir='ltr'><strong>ὃς</strong></span> <span class='ocrx_word' id='word_1_655' title='bbox 1234 3224 1358 3263; x_wconf 82' lang='lat' dir='ltr'><strong>argute</strong></span> <span class='ocrx_word' id='word_1_656' title='bbox 1387 3216 1485 3254; x_wconf 84' lang='lat' dir='ltr'><strong>Naso</strong></span> <span class='ocrx_word' id='word_1_657' title='bbox 1515 3217 1696 3263; x_wconf 85' lang='lat' dir='ltr'><strong>imprimis</strong></span> <span class='ocrx_word' id='word_1_658' title='bbox 1715 3229 1842 3266; x_wconf 86' lang='lat' dir='ltr'><strong>pacem</strong></span> <span class='ocrx_word' id='word_1_659' title='bbox 1865 3219 1923 3254; x_wconf 89' lang='lat' dir='ltr'><strong>hic</strong></span> <span class='ocrx_word' id='word_1_660' title='bbox 1952 3216 2088 3253; x_wconf 84' lang='lat' dir='ltr'><strong>inducit</strong></span> <span class='ocrx_word' id='word_1_661' title='bbox 2106 3216 2207 3250; x_wconf 72' lang='lat' dir='ltr'><strong>lauro</strong></span> 
     </span>
     <span class='ocr_line' id='line_1_97' title="bbox 1172 3263 2211 3314; baseline -0.006 -12"><span class='ocrx_word' id='word_1_662' title='bbox 1172 3265 1325 3303; x_wconf 57' lang='lat' dir='ltr'><strong>Artiaca</strong></span> <span class='ocrx_word' id='word_1_663' title='bbox 1341 3275 1540 3314; x_wconf 80' lang='lat' dir='ltr'><strong>comptam.</strong></span> <span class='ocrx_word' id='word_1_664' title='bbox 1570 3267 1774 3305; x_wconf 62' lang='lat' dir='ltr'><strong>Victoriam</strong></span> <span class='ocrx_word' id='word_1_665' title='bbox 1797 3269 1894 3305; x_wconf 88' lang='lat' dir='ltr'><strong>enim</strong></span> <span class='ocrx_word' id='word_1_666' title='bbox 1918 3267 2105 3303; x_wconf 74' lang='lat' dir='ltr'><strong>Ac&#39;liacam</strong></span> <span class='ocrx_word' id='word_1_667' title='bbox 2130 3263 2211 3307; x_wconf 67' lang='lat' dir='ltr'><strong>orbi</strong></span> 
     </span>
    </p>
   </div>
   <div class='ocr_carea' id='block_1_19' title="bbox 1173 3312 2217 3411">
    <p class='ocr_par' dir='ltr' id='par_1_21' title="bbox 1173 3312 2217 3411">
     <span class='ocr_line' id='line_1_98' title="bbox 1173 3312 2217 3367; baseline -0.008 -13"><span class='ocrx_word' id='word_1_668' title='bbox 1173 3316 1348 3355; x_wconf 83' lang='lat' dir='ltr'><strong>Romano</strong></span> <span class='ocrx_word' id='word_1_669' title='bbox 1369 3315 1558 3356; x_wconf 79' lang='lat' dir='ltr'><strong>reddidisse</strong></span> <span class='ocrx_word' id='word_1_670' title='bbox 1575 3328 1705 3367; x_wconf 77' lang='lat' dir='ltr'><strong>pacem</strong></span> <span class='ocrx_word' id='word_1_671' title='bbox 1728 3319 1825 3357; x_wconf 86' lang='lat' dir='ltr'><strong>bellis</strong></span> <span class='ocrx_word' id='word_1_672' title='bbox 1846 3317 1996 3356; x_wconf 80' lang='lat' dir='ltr'><strong>continu</strong></span> <span class='ocrx_word' id='word_1_673' title='bbox 2013 3325 2026 3350; x_wconf 89' lang='lat' dir='ltr'><strong>s</strong></span> <span class='ocrx_word' id='word_1_674' title='bbox 2047 3312 2217 3349; x_wconf 62' lang='lat' dir='ltr'><strong>civilibus</strong></span> 
     </span>
     <span class='ocr_line' id='line_1_99' title="bbox 2130 3374 2215 3411; baseline 0.012 -12"><span class='ocrx_word' id='word_1_675' title='bbox 2130 3374 2215 3411; x_wconf 78' lang='lat' dir='ltr'><strong>pro-</strong></span> 
     </span>
    </p>
   </div>
   <div class='ocr_carea' id='block_1_20' title="bbox 2180 203 2299 251">
    <p class='ocr_par' dir='ltr' id='par_1_22' title="bbox 2180 203 2299 251">
     <span class='ocr_line' id='line_1_100' title="bbox 2180 203 2299 251; baseline -0.008 0"><span class='ocrx_word' id='word_1_676' title='bbox 2180 203 2299 251; x_wconf 82' lang='lat'><strong>71.</strong></span> 
     </span>
    </p>
   </div>
  </div>
 </body>
</html>
