2495 3675
246 181 350 258 458

755 185 815 241 P.
891 178 1311 240 OVIDII
1384 177 1915 246 NASONIS

548 284 762 358 Fingite
786 303 873 340 me
901 284 1128 357 dignum
1152 281 1240 335 tali
1264 296 1424 335 nece:
1464 297 1573 336 non
1602 300 1706 355 ego
1736 287 1871 342 solus

621 360 736 415 Hie
763 359 945 414 vehor.
982 355 1279 410 immeritos
1304 369 1398 407 cur
1425 370 1541 408 mea
1565 372 1740 426 poena
1764 361 1955 416 trahit?

545 433 655 490 Pro
681 432 869 504 Superi
909 429 1214 498 viridesque
1246 425 1378 485 Dei,
1420 427 1611 498 quibus
1637 448 1870 503 aequora
1896 442 2079 493 curae!

405 511 474 561 60

618 506 860 578 Utraque
880 503 987 574 jam
1010 500 1201 554 vestras
1225 498 1380 552 fistite
1408 499 1560 554 turba
1588 503 1766 558 minas,

546 583 834 655 Quamque
859 574 1011 629 dedit
1037 575 1199 626 vitam
1228 570 1494 626 mitiflima
1520 575 1756 632 Caesaris
1783 579 1885 644 ira,

625 650 785 707 Hanc
812 648 961 702 finite
986 645 1173 700 infelix
1198 646 1249 698 in
1279 646 1394 699 loca
1413 645 1540 716 juffa
1565 647 1751 703 feram.
1906 706 1914 709 p

549 727 632 788 Si,
670 739 831 795 quam
859 719 1134 792 promerui
1167 764 1178 781 ‚
1233 735 1463 790 poenam
1489 737 1576 774 me
1603 724 1841 793 pendere
1867 727 2056 790 vultis;

624 797 797 866 Culpa
821 812 937 848 mea
963 796 1066 853 est,
1105 792 1217 863 ipso
1239 791 1422 862 judice
1442 832 1455 853 ‚
1499 810 1677 848 morte
1704 798 1894 853 minor,

407 878 473 942 65
550 869 776 926 Mittere
803 885 890 921 me
918 866 1121 937 Stygias
1149 864 1182 918 fi
1203 865 1309 934 jam
1335 865 1579 920 voluisset
1607 868 1673 922 ad
1701 871 1866 925 undas

622 942 845 1001 Caesam
886 940 940 993 in
965 941 1068 992 hoe
1093 938 1261 991 vestra
1289 955 1396 991 non
1420 938 1641 1009 eguiffet
1670 959 1789 1014 ope.

549 1014 642 1070 Est
670 1017 739 1069 illi
766 1012 928 1067 nostri
953 1029 1062 1066 non
1088 1011 1345 1065 invidiosa
1371 1012 1580 1068 cruoris

619 1087 821 1159 Copia:
863 1084 1120 1159 quodque
1155 1084 1337 1148 dedit,
1374 1102 1499 1138 cum
1527 1087 1703 1151 volet,
1742 1089 1849 1160 ipse
1877 1091 2028 1150 feret.

546 1160 664 1219 Vos
689 1160 888 1222 modo,
926 1176 1060 1232 quos
1086 1158 1234 1212 nullo
1273 1171 1421 1211 certe
1450 1172 1582 1227 puto
1608 1160 1828 1216 crimine
1856 1166 2048 1231 laesOS,

405 1257 473 1306 70

256 1453 356 1492 enirn
366 1451 428 1490 hic
447 1457 522 1489 tarn
545 1448 716 1488 sollicitus
733 1453 807 1484 erat
818 1444 918 1484 Naso
938 1443 984 1482 de
1004 1449 1124 1481 morte
1137 1442 1172 1480 in
1188 1443 1301 1492 patria

255 1503 426 1543 obeunda
440 1530 450 1547 ,
460 1513 571 1552 quam
585 1510 623 1538 ut
637 1499 774 1545 ,modo
784 1497 976 1545 naufragio
989 1496 1121 1538 vitato,
1133 1494 1301 1532 ubicum-

255 1568 330 1605 que
340 1555 377 1593 in
388 1562 481 1592 terra
494 1553 635 1595 obiret3
651 1552 760 1587 etiam
772 1549 807 1586 in
822 1548 992 1596 Scythica
1008 1575 1017 1589 ‚
1031 1545 1113 1582 vide
1127 1545 1249 1588 Jfffsoz.
1262 1546 1301 1583 ὃ(

254 1608 319 1656 qui
339 1607 435 1644 ferro
455 1603 588 1641 cadunt
601 1630 609 1646 ‚
638 1601 674 1639 id
684 1600 732 1638 est
745 1599 842 1637 bello
856 1627 865 1642 ‚
878 1599 1095 1646 plerumque
1118 1607 1217 1634 extra
1239 1609 1300 1644 pa-

254 1658 361 1695 triam
396 1664 559 1693 mortem
598 1652 751 1690 obeunt.
780 1649 892 1698 solida
925 1660 1014 1686 vero
1044 1660 1137 1684 terra
1172 1647 1299 1696 paffim

255 1708 393 1746 Nostro
414 1705 555 1744 dicitur.
583 1704 657 1741 vid.
678 1715 723 1739 11.
745 1701 832 1738 Fast.
852 1700 923 1745 (48
949 1712 1013 1737 111.
1030 1711 1112 1745 442.
1141 1710 1193 1736 vx.
1216 1710 1301 1746 404.

257 1758 445 1807 &fhlidus
470 1756 558 1793 orbis
576 1767 604 1792 1.
625 1755 783 1791 Metam.
807 1764 863 1801 31.
893 1751 1023 1789 Bunm.

308 1845 366 1880 ςς.
395 1834 440 1866 Et
452 1828 698 1877 mandaresuis
710 1827 1031 1877 aliquaw‘sperare
1047 1825 1296 1876 sepulchrum]

256 1882 387 1931 Scripti
409 1883 484 1919 fere
514 1892 668 1924 omnes,
695 1879 833 1929 aliquid
859 1880 1006 1928 sperare.
1036 1877 1094 1915 vel
1117 1905 1126 1920 ‚
1162 1878 1300 1929 aliquid

254 1947 298 1975 σι
319 1935 461 1978 s‘perare.
488 1940 558 1969 tres
577 1959 586 1976 ,
614 1931 765 1981 aliquod.
805 1928 1055 1972 Combianus,
1082 1928 1208 1977 aliquo.
1243 1931 1300 1966 U-

253 1997 322 2025 nus
341 1984 541 2021 Vaticanus
555 2010 565 2026 ,
593 1982 714 2032 aliqua
726 1981 862 2029 sperare
874 1979 1040 2030 sepulcra.
1069 1979 1213 2025 Scribe,

307 2049 364 2098 Est
385 2048 558 2086 mandata
571 2047 647 2096 suis
667 2046 804 2097 aliquid
812 2047 950 2096 sperare
963 2044 1156 2095 sepulchra.

251 2119 302 2157 ita
321 2119 357 2156 &
381 2116 548 2160 numeri,
574 2115 636 2164 qui
658 2114 821 2151 duriores
837 2121 962 2156 erant,
992 2111 1207 2151 constabunt
1220 2123 1301 2151 ver-

253 2171 328 2214 sui,
357 2170 394 2206 δε
415 2167 545 2206 sensus.
569 2166 743 2204 mandata
755 2164 938 2215 sepulchra
959 2171 998 2202 ut
1028 2162 1162 2202 Fastor.
1181 2163 1242 2202 lib.
1265 2175 1300 2203 v.

253 2222 468 2334 65.7D.isplicet
487 2280 627 2319 haeredi
645 2279 810 2318 mandati
830 2292 910 2316 cura
923 2277 1107 2328 sepulchri.

253 2347 434 2386 Martialis
450 2345 514 2384 lib.
534 2357 562 2382 1.
589 2344 698 2392 Epist.
717 2353 889 2379 Lxxxvu.

305 2415 399 2448 Cum
420 2409 510 2447 mihi
524 2409 696 2459 supremos
715 2408 867 2457 Lachesis
883 2408 1080 2457 perneverit
1097 2420 1206 2446 annos
1218 2435 1230 2453 ,

358 2467 439 2498 Non
458 2461 561 2497 aliter
579 2462 701 2498 cineres
721 2461 849 2498 mando
864 2462 977 2508 jacere
995 2473 1095 2497 meos.

255 2527 394 2565 Hiems.
423 2528 560 2564 Metuo
579 2535 619 2564 ut
639 2527 748 2564 nimis
768 2526 884 2564 audax
897 2525 937 2563 fit
952 2525 1165 2564 emendatio
1179 2552 1190 2570 ‚
1211 2535 1297 2563 cum

254 2577 329 2615 sine
351 2577 482 2626 copula
503 2576 601 2615 reete
619 2577 794 2626 procedat
814 2577 958 2615 versus:

307 2647 351 2678 Et
371 2643 540 2679 mandare
550 2641 625 2691 suis
645 2642 783 2693 aliquid
796 2670 806 2686 ,
824 2643 963 2692 sperare
974 2642 1170 2691 sepulchra.

259 2705 316 2749 Est
339 2720 405 2743 non
430 2720 500 2746 σε.
532 2706 759 2743 mandabant
783 2707 882 2743 enim
907 2718 984 2743 non
1004 2715 1146 2744 tantum
1181 2708 1300 2757 sepul-

257 2757 363 2799 chra,
390 2757 449 2795 sed
471 2758 535 2795 alia
557 2757 730 2806 supremis
751 2757 913 2794 vocibus.
941 2757 996 2794 vel
1021 2755 1137 2805 posset
1156 2757 1246 2808 legi:

309 2820 366 2864 Est
385 2821 520 2869 aliquid
540 2823 708 2860 mandare
721 2823 797 2871 suis
811 2851 820 2867 ,
840 2822 978 2873 sperare
992 2823 1224 2871 sepulchrum.

258 2896 299 2926 ut
321 2887 489 2923 mandare
508 2888 668 2926 absolute
688 2898 857 2938 ponatur.
885 2891 933 2927 ita
959 2891 1086 2937 Justin.
1117 2892 1178 2930 lib.
1196 2906 1303 2933 xxiv.

259 2950 296 3027 123.
322 2936 408 2974 licet
443 2937 514 2976 alio
549 2939 672 2977 sensu:
714 2946 836 2991 Itaque
871 2954 939 2978 non
959 2942 1111 2979 credenti
1138 2946 1302 2985 mandat.

295 3001 392 3025 uum.

315 3053 374 3100 58.
401 3052 466 3089 Hic
494 3052 637 3102 veham]
702 3060 779 3090 Huc
806 3056 952 3102 plurimi
982 3057 1100 3107 scripti
1134 3060 1171 3097 &
1203 3061 1303 3099 editi.

259 3106 379 3146 forte,
408 3104 483 3138 hac.
502 3102 633 3140 scilicet
644 3105 739 3141 navi.
755 3115 885 3142 notum
910 3108 958 3143 est
972 3135 982 3151 ‚
1002 3120 1117 3147 unum
1132 3114 1304 3156 noxium,

259 3157 366 3203 saepe
385 3155 538 3191 exitium
552 3154 628 3190 aliis
643 3182 651 3196 ,
687 3155 813 3191 eadem
837 3157 920 3193 navi
941 3159 1053 3195 vet‘tis
1075 3186 1084 3202 ,
1122 3163 1302 3200 creditum

262 3207 446 3244 concitare
468 3202 576 3251 poffe.
602 3205 672 3241 vid.
694 3206 738 3242 ad
761 3206 892 3244 Horat.
916 3219 977 3245 111.
1002 3210 1077 3247 Od.
1097 3223 1203 3252 xxm.
1225 3213 1306 3251 hinc

264 3257 369 3295 vehor
388 3254 553 3292 Bernens.
583 3254 714 3293 Bunm.

313 3317 373 3355 60.
386 3313 538 3366 Minas]
562 3319 693 3352 Manus
706 3313 872 3354 ssernens.
884 3315 1051 3358 sollemni
1063 3319 1304 3362 aberratione.

619 1233 882 1289 Contenti
906 1231 1122 1294 nostris,
1164 1230 1269 1293 Di,
1303 1246 1526 1301 precor,
1565 1230 1670 1287 este
1696 1236 1856 1292 malis,

2289 1322 2408 1382 Nec

1394 1442 1469 1499 ⁸6¹1.
1499 1443 1725 1496 Mitiffima-]
1764 1447 1959 1497 Jufliffi'ma
1980 1464 2072 1492 unus
2105 1456 2272 1504 Heinfii3
2298 1471 2337 1501 ut
2363 1465 2404 1503 &

1355 1492 1439 1531 alibi
1461 1495 1529 1533 hae
1552 1508 1663 1535 voces
1684 1509 1950 1540 commutatae.
1991 1505 2064 1544 vid.
2088 1521 2114 1544 1.
2135 1508 2242 1548 Pont.
2271 1525 2325 1551 11.
2347 1527 2410 1563 99.

1355 1556 1448 1633 ἓξὲξ
1462 1574 1471 1591 ,
1500 1547 1539 1584 in
1556 1547 1627 1585 loca
1642 1549 1735 1598 juffa
1757 1551 1925 1599 traham,
1940 1554 2144 1596 Leidenfis.
2164 1561 2212 1597 ad
2240 1561 2312 1601 loca
2336 1565 2408 1606 Pu-

1379 1697 1386 1704 ·
1407 1649 1468 1695 63.
1497 1648 1533 1685 si
1562 1650 1728 1699 quoniam
1759 1653 1871 1690 merui
1897 1665 2065 1705 poenam,
2094 1673 2147 1697 me
2166 1663 2305 1709 perdere
2324 1665 2409 1704 vul-

1356 1698 1444 1747 tts.]
1484 1701 1633 1737 Pendere
1659 1714 1752 1740 unus
1771 1705 1963 1744 Mediceus
1983 1720 2049 1756 pro
2074 1711 2211 1750 diversa
2230 1714 2405 1756 lestione.

1356 1749 1723 1810 Rottendorpliiqnus
1739 1782 1748 1798 ‚
1763 1755 1934 1804 prendere.
1960 1770 2143 1806 praeterea
2165 1765 2270 1812 prim.
2291 1767 2407 1806 editio

1357 1800 1394 1837 &
1417 1801 1492 1838 duo
1531 1802 1651 1859 scri-pti
1675 1831 1684 1847 ‚
1710 1804 1744 1851 s¹
1767 1820 1873 1855 quam
1890 1812 2076 1857 promerui.
2115 1813 2173 1852 sex
2188 1843 2197 1858 ,
2217 1814 2252 1864 fi
2269 1831 2403 1869 quoque

1358 1865 1466 1902 quam
1488 1866 1611 1890 merul.
1637 1856 1795 1893 totidem
1811 1885 1820 1900 ,
1849 1872 2066 1911 quamquam
2090 1867 2212 1903 merui.
2241 1878 2316 1916 opt.
2329 1869 2408 1908 Va-

1355 1906 1464 1940 tican.
1480 1903 1514 1951 st
1531 1905 1642 1941 merui
1653 1915 1798 1952 poenam
1826 1922 2047 1961 quanquam.
2072 1914 2148 1952 duo
2163 1944 2173 1960 ‚
2194 1931 2276 1964 quta
2297 1933 2406 1970 quam

1354 1955 1476 2042 l‚guenti
1503 1955 1571 1993 alia
1592 1958 1788 1996 veterrima
1810 1960 1924 1998 editio
1940 1990 1950 2007 ,
1978 1965 2062 2014 quia
2081 1972 2274 2007 commerui.
2311 1971 2408 2010 Scri-

1380 2016 1420 2042 e:

1408 2071 1467 2115 Si,
1495 2084 1603 2122 quam
1623 2073 1834 2121 commerui,
1856 2084 2000 2125 poenam
2018 2094 2072 2118 me
2091 2083 2235 2132 pendere
2255 2084 2382 2125 vultis.

1356 2135 1542 2174 Trist.11'b.
1564 2149 1607 2175 11.
1627 2151 1663 2184 4.

1405 2207 1470 2239 An
1480 2203 1587 2251 semel
1605 2204 1649 2250 est
1662 2214 1807 2252 poenam
1827 2209 2054 2259 commeruiffe
2068 2219 2224 2260 parum?

1354 2269 1494 2356 {endere
1509 2279 1653 2319 poenam
1674 2272 1858 2311 familiaris
1887 2274 2029 2313 locutio
2051 2277 2189 2316 Nasoni
2211 2279 2299 2319 Fast.
2324 2293 2407 2323 111.

1382 2331 1440 2369 45-

1586 2386 1705 2437 capitis
1727 2400 1814 2438 quae
1825 2388 1969 2438 pendere
1980 2399 2104 2440 poenas

1409 2440 1465 2472 Ex
1488 2436 1547 2474 illo
1567 2438 1686 2484 jubeat
1706 2441 1805 2481 furta
1825 2449 1955 2489 reperta
1976 2441 2054 2480 loco.

1351 2506 1463 2549 atque
1487 2503 1535 2538 ita
1556 2502 1694 2550 paffim.
1724 2503 1866 2542 Hzms.
1909 2506 1944 2542 Si
1963 2520 2069 2554 quam
2093 2512 2266 2558 promerui
2281 2511 2405 2551 nescio

1355 2562 1417 2588 cur
1436 2564 1511 2589 non
1533 2565 1650 2602 aeque
1671 2554 1764 2591 bene
1787 2555 1956 2600 dicatur,
1976 2570 2018 2595 ac
2041 2562 2341 2606 commerui‚cum
2366 2565 2402 2601 in

1355 2602 1489 2657 malam
1512 2615 1629 2651 aeque
1651 2614 1789 2652 partem
1809 2609 1992 2651 promereri
2014 2610 2177 2648 dicamus
2199 2624 2239 2649 ac
2258 2627 2403 2650 comme-

1355 2655 1481 2690 rer1.&
1500 2654 1545 2689 ita
1565 2655 1752 2702 Gryphius
1767 2684 1776 2700 ,
1795 2656 1996 2696 Frellonius
2010 2661 2115 2698 &alu
2131 2662 2337 2701 ediderunt.
2360 2665 2400 2702 &

1355 2702 1392 2738 in
1424 2713 1500 2739 uno
1534 2704 1710 2743 Mediceo
1741 2716 1815 2745 erat
1839 2735 1849 2752 ,
1877 2708 1912 2757 fi
1938 2722 2043 2759 quam
2059 2713 2233 2760 promerui
2255 2727 2308 2750 me
2327 2725 2399 2756 poe-

1356 2764 1441 2788 nam
1456 2754 1609 2801 pendere.
1636 2755 1768 2795 BunM.
2322 2757 2332 2764 ὁ

1406 2819 1465 2865 65.
1492 2818 1526 2855 Si
1539 2820 1618 2867 jam
1639 2821 1826 2872 voluiffiet]
1856 2822 2219 2872 Heinliusmalebat,
2249 2842 2332 2866 nam
2347 2830 2402 2880 fi:

1356 2868 1517 2906 sedniliil
1537 2878 1651 2907 muta.
1676 2873 1750 2909 vicl.
1772 2873 1916 2910 11.A1·t.
1939 2886 2024 2919 507·
2052 2876 2088 2911 in
2110 2878 2222 2915 undas
2243 2881 2404 2928 plurimi.

1378 2919 1469 3008 198.
1497 2921 1667 2970 Qodque
1699 2922 1832 2972 dedit]
1886 2926 2074 2975 Qamque
2103 2927 2246 2974 Junian.
2279 2933 2317 2969 ὃς
2344 2933 2403 2970 sex

1357 2981 1376 3007 a
1394 2982 1427 3007 11.

1409 3021 1469 3067 69,
1499 3026 1585 3056 Puto
1605 3020 1748 3058 crimine
1766 3021 1872 3071 laest]
1904 3027 2019 3072 Laesos
2038 3028 2253 3067 concinnius
2267 3031 2402 3081 septem

1358 3079 1509 3108 veteres.
1522 3071 1558 3106 ὅ(
1579 3070 1742 3119 sequenti
1757 3074 1856 3111 versu
1871 3102 1881 3119 ,
1897 3087 1961 3122 pro
1976 3076 2057 3123 jam
2074 3088 2189 3125 precor
2204 3108 2213 3123 ,
2228 3082 2404 3121 Conubia-

1359 3133 1426 3159 nus
1447 3123 1483 3158 ὅ(
1515 3120 1684 3158 Medonii
1718 3125 1859 3169 codex,
1888 3139 1949 3160 vos
1973 3136 2095 3174 precor
2150 3129 2264 3170 Servii
2290 3134 2400 3177 liber,

1361 3172 1413 3208 Di
1431 3181 1542 3219 pretor
1558 3200 1567 3213 ,
1596 3173 1705 3209 etiam
1728 3174 1833 3212 bene.
1870 3177 2017 3214 Hiems.
2054 3179 2161 3216 Lae-di
2182 3182 2287 3220 Bern.
2309 3184 2405 3221 nullo

1360 3233 1445 3260 certe
1465 3221 1606 3268 Fragm.
1630 3224 1752 3261 Revii.

1411 3284 1470 3317 71,
1498 3277 1540 3306 Ut
1553 3274 1666 3309 cum‘li
1685 3274 1846 3322 miserum
1858 3274 2004 3321 servare
2021 3278 2169 3333 velitis]
2181 3289 2325 3320 Servare
2335 3284 2402 3320 ali-

1358 3336 1460 3376 quem
1497 3322 1545 3362 est
1580 3324 1619 3362 in
1653 3331 1776 3363 tutum
1812 3325 1938 3366 locum
1974 3328 2134 3380 aliquem
2179 3334 2401 3383 perducere:

2343 3383 2406 3437 2112
