2495 3675
243 213 345 265 324

715 200 775 257 P.
850 188 1275 258 thDii'
1336 182 1869 252 NASONIS

539 293 688 351 Dum
714 314 851 353 nova
878 299 1108 368 lanugo;
1146 288 1371 368 pavidos
1400 288 1690 345 formidine
1721 306 1910 347 cervos

614 369 843 426 Terret:
886 372 942 424 &
969 370 1043 424 est
1068 370 1140 423 illi
1170 366 1364 439 praeda
1391 363 1626 444 benigna·
1646 363 1811 433 lepus,

401 457 494 507 175
538 443 613 496 At
642 444 919 515 postquam
945 443 1111 495 virtus
1137 442 1284 494 annis
1307 436 1572 498 adolevit3
1615 453 1667 489 in
1695 452 1850 508 apros

622 517 835 580 Audet,
876 518 926 567 ὅε
959 513 1181 568 hirsutas
1209 511 1454 567 cominus
1478 510 1553 563 ire
1580 510 1706 563 leas-

547 588 804 660 Dumque
833 588 964 659 petit
990 587 1209 641 latebras
1235 585 1412 639 foetae
1438 584 1749 654 catulosque
1775 581 2022 647 leaenae3

622 662 730 733 lpse
757 661 856 715 fuit
887 659 1121 734 Libycae
1149 658 1342 730 praeda
1369 671 1590 711 cruenta
1618 655 1774 709 ferae.

555 734 735 789 Mater
765 733 957 807 Hyan,
997 736 1049 786 ὅτ.
1078 732 1243 804 Hyan
1269 728 1499 785 moestae
1526 727 1726 782 flevere
1753 727 1990 791 sorores;

411 825 509 861 100

445 806 470 835 ⁰
614 808 1008 880 Cervicemque
1038 807 1163 876 poio
1192 801 1549 876 suppositurus
1576 802 1745 856 Atlas.

552 879 599 936 V
610 879 741 933 ictus
770 894 999 951 uterque
1028 896 1215 950 parens
1242 892 1420 931 tamen
1447 873 1522 929 est
1547 874 1745 944 pietate
1773 873 2033 930 sororum.

625 952 710 1007 llla
734 953 884 1007 dedit
910 953 1151 1006 coelum:
1193 949 1410 1005 nomina
1434 947 1563 1001 fecit
1593 946 1756 1018 Hyas.

549 1026 732 1082 Mater
755 1065 770 1089 ,
809 1026 960 1085 ades,
1001 1023 1231 1087 florum,
1275 1023 1410 1077 ludis
1434 1019 1751 1075 celebranda
1770 1019 1988 1092 jocosis:

625 1099 945 1153 Dissuleram
973 1112 1146 1171 partes
1174 1097 1352 1152 mense
1379 1095 1557 1166 priore
1581 1107 1709 1171 tuas.

409 1170 505 1241 185
546 1171 736 1244 Incipis
768 1173 965 1244 Aprili:
1010 1170 1188 1224 transis
1214 1171 1267 1223 in
1295 1183 1539 1238 tempora
1567 1165 1713 1236 MaJi.

619 1247 772 1299 Alter
801 1259 854 1299 te
884 1243 1122 1315 fugienS‚
1157 1260 1280 1296 cum
1310 1241 1456 1293 venit
1480 1239 1612 1292 alter
1633 1282 1652 1318 ‚¹
1683 1238 1855 1293 habet.

550 1317 693 1372 Cum
725 1332 812 1371 tua
841 1317 965 1380 sint,
1003 1315 1307 1386 cedantque
1335 1311 1430 1366 tibi
1458 1309 1689 1364 confinia
1716 1312 1986 1379 mensum3
2012 1388 2015 1389 ⁷

624 1390 896 1447 Convenit
924 1391 977 1445 in
1002 1388 1181 1445 laudes
1207 1388 1294 1442 ille
1320 1385 1403 1440 vel
1426 1383 1511 1438 ille
1539 1396 1667 1438 tuas,

252 1603 316 1641 bus
332 1615 489 1643 novem.
517 1613 620 1656 putat
641 1615 731 1645 vero
751 1617 830 1644 non
852 1617 1016 1650 moveo,
1044 1603 1131 1655 quia
1151 1603 1299 1642 credidit

253 1655 426 1705 sequitur.
443 1658 585 1707 nutriſje
599 1659 718 1702 ferunt
737 1656 908 1695 Bernens.

309 1708 391 1755 169.
420 1708 584 1745 Nondum
609 1708 728 1755 stabat
757 1708 867 1745 Atlas
895 1707 1052 1745 humeros
1071 1716 1232 1744 oneratus
1252 1711 1300 1742 O·

251 1755 401 1807 lympa]
464 1758 565 1797 Atlas
593 1759 807 1797 Promethei
827 1759 935 1797 frater
954 1759 1024 1796 fuit
1051 1758 1088 1795 δὲ
1116 1769 1178 1796 rex
1200 1757 1301 1795 Afri·-

252 1818 343 1852 cae,
370 1806 392 1845 a
423 1819 501 1858 quo
524 1809 738 1859 astrologiae
760 1817 874 1847 artem
899 1810 1058 1858 primum
1086 1808 1213 1847 dicunt
1235 1820 1301 1845 ex-

254 1859 468 1907 cogitatam,
490 1859 780 1910 Ideoquedictus
800 1860 849 1898 est
858 1859 1051 1898 sustinuisse
1065 1858 1300 1897 coelum.Ob

250 1909 502 1948 eruditionem
542 1911 651 1957 igitur
678 1912 755 1960 ejus
793 1910 1000 1960 disciplinae
1036 1912 1074 1948 δί
1112 1909 1300 1948 scientiam

249 1959 347 1997 coeli
380 1971 522 1999 nornen
549 1963 626 2011 ejus
659 1962 794 2000 montis
819 1963 968 2000 Africae
998 1961 1205 2000 derivatum
1229 1960 1301 2005 est,

247 2011 313 2059 qui
334 2022 434 2049 nunc
455 2013 557 2051 Atlas
580 2014 869 2063 cognominatur
891 2041 901 2057 ‚
929 2013 992 2063 qui
1015 2021 1163 2061 propter
1180 2011 1302 2050 altitu-

246 2060 374 2099 dinem
397 2062 498 2101 suam
531 2064 626 2102 coeli
656 2064 865 2102 machinam
893 2073 1005 2114 atque
1028 2064 1115 2102 astra
1151 2063 1299 2101 sustine-

245 2123 286 2149 re
310 2112 468 2152 videtur.
527 2114 685 2153 Isidorus
707 2143 718 2160 ,
752 2116 817 2163 qui
847 2115 946 2153 addit
975 2114 1137 2152 eundern
1167 2113 1299 2152 Atlan-

246 2169 325 2200 tem
353 2163 584 2214 astrologiam
616 2164 794 2204 inveniffe
825 2177 924 2204 anno
953 2165 1087 2205 mundi
1120 2179 1168 2204 00
1186 2180 1233 2204 00
1251 2179 1299 2205 00

247 2224 460 2253 nctxxxxx.
498 2216 648 2255 Tribuit
675 2218 712 2254 &
736 2216 856 2255 eidem
885 2216 1026 2254 Atlanti
1052 2216 1298 2254 astronomiae

247 2265 509 2305 inventionem
539 2267 726 2306 Arnobius
758 2267 819 2305 lib.
852 2280 898 2305 11.
936 2267 1102 2304 adversus
1133 2267 1299 2310 Gentes,

245 2318 418 2363 quamvis
436 2318 642 2356 subdubitet
662 2319 722 2356 hic
741 2330 786 2355 an
821 2318 982 2356 Theutis
1001 2316 1200 2366 AEgyptius
1221 2318 1298 2367 ejus

246 2367 300 2404 rei
323 2367 500 2407 inventor
521 2370 640 2407 fuerit.
670 2370 838 2406 choran.

301 2428 382 2466 ¹75·
412 2419 569 2469 Annis.]
594 2419 742 2457 Animos
758 2419 995 2458 Mediceus&
1011 2416 1181 2457 Bernens.
1192 2431 1302 2456 annos

243 2467 403 2515 plurimi.
428 2479 464 2507 ut
484 2470 545 2508 lib.
566 2483 631 2508 ιη.
651 2483 708 2519 59.
736 2471 867 2508 animis
888 2471 1046 2520 plurimi.

300 2520 380 2563 176.
410 2522 575 2558 Cominus
594 2521 642 2557 ire
654 2522 793 2572 feras.]
832 2522 876 2559 In
907 2522 1088 2570 antiquo,
1114 2519 1195 2558 leas.
1222 2521 1300 2569 pari

244 2567 361 2616 phrasi
386 2571 592 2621 Propertius
619 2583 653 2609 11
674 2573 776 2621 Eleg-
796 2586 832 2621 9.

297 2637 378 2669 Aut
400 2635 481 2672 celer
505 2636 659 2684 Agrestes
678 2635 830 2672 cominus
849 2636 897 2672 ire
912 2635 999 2681 sues.

243 2689 423 2731 Numi.
454 2702 555 2733 Feras
575 2698 722 2745 plurimi
742 2696 900 2735 codices.
928 2696 987 2734 sed
1003 2696 1081 2744 jam
1105 2695 1225 2734 Gehh.
1250 2695 1295 2733 ad

249 2739 358 2788 Prop.
383 2756 425 2781 11.
451 2758 505 2793 ¹9·
538 2749 630 2796 (aliis
651 2750 736 2795 22.)
768 2748 915 2784 monuit
936 2747 1067 2784 melius
1087 2746 1185 2794 legi,
1213 2745 1296 2785 leas-

247 2790 424 2830 Heinsius
445 2798 553 2835 eriam
580 2810 646 2846 pro
668 2798 775 2835 audet
791 2798 967 2836 malebat,
996 2798 1136 2846 gaudet.

302 2842 383 2882 178.
412 2849 545 2882 Praida
570 2861 710 2885 cruenta
730 2848 839 2899 ἰῶτα]
871 2847 1130 2891 Gloffae,lea,
1160 2848 1297 2884 λέαινα.

246 2891 426 2930 Nestor..
458 2902 555 2933 Ferae
576 2899 714 2937 Ztilich.
740 2902 879 2938 Mazar.
899 2898 1002 2937 Vofl'.
1030 2898 1178 2936 Arond.
1200 2899 1299 2935 Lae-

246 2943 300 2987 ti,
327 2953 402 2990 opt.
422 2945 544 2983 Patav.
565 2951 601 2984 ὃς
627 2960 784 2994 quatuor
807 2952 878 2989 alii.
905 2950 1029 2998 probe.
1056 2961 1142 2988 nam
1165 2949 1236 2986 leae
1257 2951 1296 2987 ὃς

243 2991 379 3030 leaenae
395 2995 471 3043 jam
498 2998 766 3044 praecesserant.
797 3004 940 3040 Huius.

305 3044 388 3082 180.
420 3046 542 3096 Polosj
570 3048 658 3084 Peli<
683 3050 853 3087 Ainbros.
875 3063 924 3098 pr.

301 3096 384 3144 183.
415 3103 531 3133 Mater
552 3097 810 3148 adustorum]
852 3101 996 3138 Eodem
1021 3110 1190 3151 tempore
1208 3103 1292 3141 Flo-

245 3145 334 3184 rales
353 3146 458 3185 ludos
480 3149 641 3185 Romani
659 3149 845 3186 iterabant.
876 3152 1011 3199 Relege
1025 3165 1118 3201 quae
1135 3153 1294 3191 diximus

245 3196 310 3234 sub
329 3197 440 3235 finem
464 3198 594 3236 mensis
614 3200 750 3247 Aprilis
774 3200 818 3237 ad
839 3201 895 3238 illa
910 3229 920 3244 ‚
948 3203 1035 3238 Exit
1057 3215 1099 3242 ey
1117 3204 1154 3239 in
1177 3207 1298 3254 Majas

239 3246 366 3293 festum
394 3249 523 3286 Florale
544 3250 746 3287 Kalendas.-
778 3256 813 3288 ὸζ
845 3263 939 3300 quae
971 3252 1171 3300 scripsimus
1191 3256 1297 3305 supc-

246 3299 334 3335 riori
357 3299 495 3337 notula.
523 3300 699 3338 Numi.
727 3301 909 3338 Cezelrata
931 3302 1109 3354 plerique.

296 3349 380 3398 184.
407 3351 567 3403 Μυκη]
598 3353 732 3391 Laudes
752 3362 822 3393 tres
840 3354 930 3394 libri„

2287 1467 2410 1524 Cir-

1412 1599 1494 1638 188.
1525 1599 1584 1637 Ille
1603 1598 1662 1637 vel
1682 1599 1779 1651 ille]
1835 1599 1896 1638 Vel
1925 1599 1982 1646 iste
2009 1600 2194 1641 meliores.
2221 1603 2261 1642 &
2291 1616 2407 1646 mox:

1356 1652 1430 1701 Ipsa
1442 1652 1519 1688 doce
1532 1679 1542 1695 ,
1555 1664 1643 1701 quae
1660 1650 1702 1693 fis
1714 1678 1726 1696 ,
1754 1663 1831 1689 non
1844 1652 1925 1700 scis.
1945 1653 1984 1690 &
2008 1653 2178 1703 respondit
2196 1654 2296 1692 Diva
2311 1683 2321 1701 ‚
2339 1669 2407 1705 pro

1354 1703 1527 1751 respondet
1540 1731 1550 1747 ‚
1562 1703 1600 1739 ὅ(
1614 1702 1747 1752 ,efflat‚
1759 1714 1824 1751 pro
1842 1702 1968 1747 adstat.
1991 1704 2137 1742 Herus.
2165 1704 2236 1743 Sed
2249 1706 2294 1745 de
2306 1719 2412 1757 repe·

1355 1754 1489 1792 titione
1512 1753 1746 1802 pronominis
1768 1752 1826 1790 ille
1855 1753 1983 1791 vid.ad
2005 1767 2050 1793 ιτ.
2073 1755 2231 1795 Heroid.
2252 1758 2315 1798 ult.
2329 1772 2409 1798 cum

1356 1803 1456 1842 venit
1479 1804 1517 1842 in
1537 1803 1561 1841 l.
1582 1803 1641 1842 ille
1660 1803 1718 1841 vel
1737 1804 1796 1841 ille
1811 1813 1839 1843 t.
1860 1803 2028 1843 Bernens.

1411 1856 1492 1903 189.
1520 1855 1641 1892 Circus
1661 1854 1699 1892 in
1719 1853 1811 1892 hunc
1828 1855 1912 1893 exit.
1930 1855 1945 1905 ]

1357 1905 1413 1945 lae
1432 1907 1612 1955 proprius.
1661 1905 1784 1944 Plures
1817 1907 1962 1945 Romae
1990 1908 2120 1952 Circi;
2159 1918 2318 1948 notum:
2347 1912 2408 1951 sed

1358 1969 1451 1995 unus
1473 1957 1602 1995 Florae
1623 1955 1740 1995 dietus
1758 1958 1795 1995 in
1815 1960 1968 2007 regione
1991 1970 2043 1997 vt.
2073 1958 2202 1999 Sextus
2230 1962 2350 2000 Rufus
2368 1964 2407 2002 in

1357 2008 1512 2047 eadem:
1540 2008 1662 2045 Circus
1682 2007 1802 2046 Florae
1823 2036 1834 2054 ,
1867 2008 2034 2059 templum
2065 2009 2184 2048 Florae
2207 2039 2216 2054 ‚
2241 2014 2409 2061 templum

1357 2059 1511 2104 Salutis,
1540 2058 1707 2107 templum
1735 2064 1927 2108 Serapeum.
1963 2060 2111 2099 Fatetur
2133 2062 2171 2099 &
2201 2061 2241 2100 P.
2261 2063 2407 2102 vietor.

1356 2110 1436 2148 Hic
1465 2110 1575 2159 igitur
1600 2109 1676 2148 ludi
1700 2121 1764 2159 per
1792 2110 1829 2147 id
1858 2118 2004 2159 tempus
2028 2111 2128 2149 editi.
2155 2113 2234 2160 quis
2254 2112 2409 2151 addubi-

1354 2168 1408 2199 tet
1432 2160 1449 2199 ?
1488 2169 1591 2198 erant
1620 2171 1711 2197 vero
1738 2162 1922 2199 venatorii
1958 2163 1996 2198 δε
2029 2161 2301 2201 mansuetorum
2327 2166 2407 2202 ani·

1355 2212 1523 2249 malium.
1561 2210 1648 2248 hinc
1683 2210 1816 2249 Noster
1843 2211 1967 2260 paullo
1995 2212 2075 2260 post
2097 2210 2118 2249 a
2149 2211 2231 2251 Der}
2262 2215 2410 2264 quaeri÷

1356 2270 1429 2301 tat:

1408 2325 1484 2359 Cur
1505 2320 1570 2359 tibi
1587 2335 1645 2371 pro
1666 2320 1800 2371 Libycis
1817 2321 2033 2361 clauduntur
2051 2334 2120 2362 rete
2139 2323 2265 2363 leaenis

1461 2372 1617 2411 imbelles
1637 2383 1756 2423 caprae
1770 2401 1781 2420 ‚
1798 2373 2037 2426 sollicitusque
2056 2376 2173 2426 lepus?

1357 2431 1509 2469 Horum
1539 2433 1744 2483 congressio
1782 2434 1982 2480 voluptatis
2023 2435 2094 2472 fuit
2131 2435 2170 2472 &
2201 2437 2403 2478 incruenta.

1357 2482 1473 2531 Saepe
1495 2483 1561 2521 tibi
1590 2491 1760 2522 occurret
1781 2484 1816 2521 in
1849 2484 1989 2523 Valerii
2012 2485 2190 2524 Martialis
2215 2487 2409 2538 Epigram-

1357 2535 1480 2572 matis.
1515 2534 1622 2573 Alios
1643 2535 1754 2572 etiam
1776 2534 1882 2573 ludos
1909 2534 2041 2574 iisdem
2065 2536 2159 2574 festis
2178 2537 2282 2577 datos
2301 2552 2407 2589 repe-

1353 2585 1422 2622 rio.
1451 2584 1651 2624 Suetonius
1671 2586 1708 2622 in
1730 2583 1869 2623 Galba:
1897 2586 2091 2624 Honoribus
2109 2598 2193 2624 ante
2210 2588 2405 2636 legitimum
2464 2607 2465 2610 ¹

1354 2644 1487 2682 tempus
1502 2635 1620 2678 initis,
1650 2642 1815 2681 Praetor,
1843 2636 2064 2686 commissione
2092 2638 2254 2674 ludorum
2283 2638 2404 2676 Flora-

1354 2685 1442 2720 lium
1459 2712 1468 2727 ,
1497 2698 1629 2722 novum
1638 2687 1826 2734 spectaculi
1842 2700 1971 2735 genus,
2000 2687 2191 2737 elephantos
2202 2689 2404 2733 funambu-

1353 2734 1401 2771 los
1423 2734 1548 2774 edidit.
1577 2737 1794 2776 Mehercule
1811 2738 2076 2783 ἀξιοθαύμαςον.
2105 2737 2230 2776 Nun.

1411 2786 1491 2833 189.
1520 2786 1758 2835 Clamataque
1780 2788 1887 2824 verba
1909 2787 2093 2836 theatris.]
2108 2787 2164 2825 Ex
2177 2790 2230 2827 his
2244 2790 2378 2842 collige
2390 2820 2403 2838 ‚

1354 2836 1448 2874 &in
1472 2837 1570 2874 circo
1591 2838 1707 2876 lusum
1725 2867 1735 2883 ,
1766 2839 1803 2876 ὃς
1824 2836 1928 2876 scena
1944 2837 2165 2876 lasciviente.
2221 2840 2282 2879 Ad
2302 2843 2400 2882 hane

1355 2889 1513 2934 pertinet
1548 2889 1732 2928 theatrum
1758 2916 1769 2933 ‚
1821 2889 1857 2924 in
1887 2899 1964 2935 quo
1996 2888 2095 2936 vulgi
2129 2890 2276 2930 licentia
2314 2895 2352 2931 &
2375 2892 2398 2932 ὲ

1351 2938 1514 2985 piiffimis
1534 2941 1644 2977 toties
1666 2939 1835 2976 detestata
1856 2938 2099 2986 impudicitia.
2135 2942 2322 2982 Arnobius
2339 2944 2400 2984 lib.

1353 2999 1424 3024 vn.
1458 2989 1689 3035 Eatstimatur
1707 2989 1856 3024 tractari
1871 2990 1908 3037 se
1936 2989 2116 3035 honorifice
2134 2990 2257 3038 Flora,
2280 2992 2400 3044 siluis

1352 3038 1390 3075 in
1409 3038 1502 3075 ludis
1529 3039 1717 3087 flagitiosas
1749 3038 1951 3087 conspexerit
1970 3054 2021 3077 res
2040 3041 2119 3089 agi,
2144 3054 2188 3082 cy·
2205 3045 2399 3093 migratum

1351 3088 1376 3126 ἃ
1395 3089 1619 3139 lupanaribus
1639 3089 1678 3125 in
1700 3087 1864 3126 wheatra.
1902 3093 2058 3134 Πορνεῖον
2085 3092 2211 3132 locum
2233 3095 2394 3142 diceres,

1350 3142 1387 3178 in
1407 3152 1484 3189 quo
1508 3139 1595 3177 editi
1627 3140 1702 3176 ludi
1733 3140 1895 3177 Scenici:
1924 3152 1994 3179 nec
2012 3141 2128 3180 fallor.
2171 3146 2271 3183 Audi
2294 3147 2397 3193 Justi·

1353 3192 1504 3228 niannm
1538 3188 1698 3228 Novella
1719 3202 1782 3227 cv.
1817 3190 1879 3228 ubi
1899 3190 2064 3230 decernit
2085 3193 2222 3242 septem
2255 3197 2399 3236 Consu·

1352 3241 1426 3279 lum
1452 3239 1603 3286 ae90'585-
1633 3241 1677 3277 de
1698 3241 1857 3289 quinto,
1885 3245 1953 3280 Καὶ
1974 3244 2159 3296 nepam-bas,
2189 3246 2332 3294 scribit,
2360 3251 2398 3288 τὲ

1353 3296 1463 3341 ποιέο-4
1483 3295 1612 3348 argubio!
1634 3295 1701 3334 ἠὀι)
1720 3299 1769 3335 ἐπὶ
1790 3299 1827 3335 τὸ
1846 3298 1990 3349 θέατρον
2012 3296 2171 3351 ἔγρεο-ου,
2202 3298 2247 3341 EC
2264 3301 2301 3345 δὴ
2316 3304 2396 3356 ²⁷3(-

1348 3371 1403 3397 μοις
1430 3355 1571 3392 unago-c·
1610 3352 1694 3392 'infra
1723 3355 1790 3395 τοῖς
1833 3355 1883 3392 ἐπὶ
1921 3350 2042 3398 cuhara
2069 3361 2299 3402 γελωτοποιοῖς
2326 3358 2401 3398 ἕςαι.

2280 3409 2376 3466 κόν
2387 3440 2401 3462 2

1994 1856 2065 1895 Sed
2091 1858 2179 1897 huic
2199 1858 2412 1907 impudica·
2467 1862 2474 1865 ’
