2495 3675
442 148 1003 210 EPISTOLARUM
1041 152 1150 211 EX
1187 151 1471 214 PONTO.
1513 160 1631 217 Lm.
1671 162 1764 222 IV.
1807 165 1986 223 Epis-r.
2028 164 2098 222 V.

2253 162 2356 232 8³57

493 243 570 300 Ut
597 244 655 301 sir
678 247 822 303 enim
849 260 1058 312 tutum,
1095 248 1226 303 ficut
1253 267 1376 304 reor
1403 248 1535 315 esse,
1573 249 1761 317 fateri;

572 319 752 375 Verba
780 325 952 376 minus
976 335 1123 375 certe
1146 320 1264 374 fieta
1290 323 1495 378 timoris
1522 323 1741 380 habent..

354 408 414 465 15
495 392 673 464 Copia.
700 412 800 448 nec
827 393 977 447 vobis
1004 394 1112 446 ullo
1138 394 1456 464 prohibente
1484 397 1707 453 videndi

569 467 843 529 ConsuliS,
880 479 938 519 ut
964 465 1125 519 limen
1153 467 1514 537 contigeritiS,
1554 472 1674 526 erit.

500 538 612 593 Aut
642 550 793 610 reget
820 538 906 592 ille
930 537 1047 591 suos
1072 537 1310 592 dicendo
1329 538 1444 610 jura
1471 541 1745 613 Quirites,

563 611 927 682 Conspicuum
959 608 1111 680 signis
1134 627 1265 665 cum·
1283 627 1490 683 premet
1517 615 1649 668 altus
1677 617 1835 673 ebur:

485 685 630 747 Aut,
667 684 851 756 populi
881 683 1083 737 reditus
1110 683 1329 753 positam
1357 701 1650 756 componet
1677 690 1742 743 ad
1771 690 2002 754 hastam,

348 766 415 823 220

564 757 637 812 Et
664 758 831 811 mmui
856 771 1078 826 magnae
1102 772 1211 809 non
1236 755 1369 810 sinet
1398 756 1557 813 Urbis
1587 777 1733 831 opeS.

492 831 608 884 Aut
631 870 647 895 ‚
691 844 747 883 ut
773 845 928 883 erunt
960 828 1141 882 Patres
1166 828 1219 882 in
1239 828 1377 899 julia
1402 833 1598 903 templa
1622 835 1828 900 vocati,

565 904 651 957 De
678 915 826 956 tanto
849 900 1023 971 dignis
1048 900 1282 955 Consule
1310 905 1466 957 rebus
1492 917 1629 976 aget.

485 977 600 1031 Aut
627 974 765 1028 feret
793 970 1043 1043 Augusto
1066 971 1270 1027 solitam
1298 991 1531 1049 natoque
1560 977 1814 1043 salutem3

555 1046 751 1120 Deque
779 1061 964 1116 parum
1002 1059 1137 1099 noto
1163 1047 1402 1101 consulet
1431 1049 1636 1106 officio,

340 1128 411 1191 25
483 1119 731 1192 Tempus
759 1119 822 1173 ab
847 1118 926 1172 his
951 1135 1176 1173 vacuum
1215 1119 1406 1174 Caesar
1431 1122 1786 1180 Germanicus
1820 1141 1984 1182 omne

552 1193 800 1248 Auferet.
840 1192 868 1244 a
892 1192 1096 1261 magnis
1122 1191 1264 1245 hunc
1288 1195 1418 1248 colit
1445 1194 1532 1249 ille
1557 1195 1701 1262 Deis.

485 1266 629 1321 Cum
659 1279 838 1320 tamen
863 1266 889 1316 a
915 1264 1069 1317 turba
1094 1281 1273 1319 rerum
1299 1267 1622 1338 requieverit
1649 1271 1870 1336 harum;

556 1339 650 1393 Ad
672 1355 767 1393 vos
795 1336 1084 1391 mansuetas
1109 1339 1349 1409 porriget
1374 1341 1460 1395 ille
1485 1359 1694 1397 manus:

479 1412 741 1487 Quidque
764 1427 951 1483 parens
975 1427 1079 1481 ego
1106 1408 1274 1464 vester
1299 1429 1449 1483 agam
1465 1449 1480 1474 ,
1517 1414 1729 1473 fortass'e
1758 1418 2012 1492 requiret.

333 1480 404 1552 '30

191 1757 297 1799 111111,
322 1754 398 1792 hoc
418 1762 510 1791 vero
539 1750 637 1799 agit,
665 1747 711 1788 de
733 1746 796 1793 iis.
829 1758 925 1798 quae
957 1746 1002 1787 ad
1024 1746 1232 1798 Augustum

193 1805 231 1844 δε
255 1805 330 1855 ejus
355 1804 433 1854 jam
468 1802 646 1851 collegam
678 1799 875 1839 Tiberium
909 1801 1044 1839 referre
1072 1800 1236 1842 solebant

192 1856 372 1895 consules.
389 1865 500 1903 quare
519 1854 679 1902 legerem
694 1879 706 1897 ,

243 1926 365 1972 Deque
376 1922 518 1970 paftrum
539 1928 608 1955 toto
633 1915 780 1966 consulet
798 1915 921 1964 officio..

190 1982 359 2021 ‘consulet
381 1980 550 2019 Caesares
574 2007 585 2024 ,
622 1978 725 2029 qualo
750 1979 866 2014 velint
886 1976 942 2025 effe
960 1974 1107 2023 officium
1126 1977 1240 2014 totius

194 2033 349 2072 senatus.
375 2041 574 2080 antequam
604 2040 706 2067 enim
735 2038 788 2065 res
821 2027 863 2063 ad
892 2028 1056 2064 senatum
1088 2027 1240 2064 referre-

194 2083 348 2129 bantur,
375 2083 537 2120 solebant
564 2079 645 2117 illae
678 2078 698 2116 a
728 2077 933 2115 consulibus
961 2078 1005 2114 ad
1032 2077 1238 2133 Augustum

194 2135 348 2178 referri,
374 2134 437 2182 qui
459 2133 496 2170 in
527 2131 679 2169 consilio
710 2129 775 2167 suo
807 2128 1011 2166 domestico
1045 2139 1130 2165 cum
1154 2138 1239 2176 qui-

196 2184 351 2223 busdam
375 2185 421 2220 de
438 2183 597 2231 negotiis
622 2181 667 2218 ad
696 2181 929 2229 frequentem
957 2178 1121 2216 senatum
1145 2180 1240 2216 refe-

195 2236 317 2273 rendis
336 2243 420 2272 ante
438 2232 636 2273 tractabam
667 2232 764 2268 Suet.
778 2231 876 2276 Aug.
898 2229 1093 2266 xxxv.hoc
1113 2237 1238 2274 autem

196 2285 337 2323 factum
368 2283 511 2322 videtur
539 2283 574 2320 in
596 2280 810 2330 quotidiana
835 2282 871 2316 &
899 2281 1077 2317 matutina
1109 2280 1239 2318 consu-

198 2335 276 2373 lum
302 2334 514 2372 salutatione
547 2334 584 2370 in
614 2332 764 2369 Palatio.
791 2341 861 2367 toto
881 2331 929 2368 est
950 2333 985 2367 in
1007 2330 1136 2367 codice
1161 2331 1240 2368 Ser-

193 2387 259 2423 vii.
288 2385 462 2423 Ceterum
478 2383 587 2432 priori
606 2381 707 2419 versu
721 2408 732 2426 ,
758 2391 908 2429 natoque
927 2393 1085 2418 coronam
1102 2381 1240 2420 Feschii

194 2435 306 2476 habet
335 2435 466 2473 codex.
509 2432 610 2482 quod
640 2443 717 2470 non
749 2432 913 2480 intelligo
933 2459 944 2476 ‚
982 2443 1060 2480 quo
1090 2432 1239 2481 speetet.

195 2488 347 2525 videant
375 2484 506 2527 dodim
544 2495 589 2520 an
616 2482 679 2520 1110
696 2482 832 2531 aliquid
855 2482 901 2520 de
930 2494 1067 2520 corona
1096 2485 1236 2528 civica,

196 2539 235 2575 &
255 2539 435 2578 laureata,
465 2545 559 2584 qnae
581 2546 624 2571 ex
647 2534 796 2571 decreto
817 2533 957 2571 senatus
970 2543 1054 2571 ante
1075 2535 1233 2572 domum

197 2588 357 2626 Caesaris
381 2585 561 2635 pendebat
581 2612 591 2629 ‚
627 2584 668 2622 fit
688 2584 980 2633 intelligendum.
1009 2597 1053 2620 an
1077 2585 1171 2622 forte
1194 2597 1234 2622 ea

195 2639 393 2689 quotannis
413 2646 584 2674 renovata
600 2663 610 2679 ‚
640 2637 706 2682 (ut
724 2635 783 2672 lib.
807 2648 870 2672 111.
891 2635 979 2672 Fast.
998 2647 1079 2684 131.
1097 2635 1142 2673 de
1156 2636 1235 2672 Fla·

192 2692 364 2733 minum,
391 2689 524 2725 Curiae
548 2688 584 2723 ὅ(
608 2686 744 2733 Regiae
765 2687 872 2731 dixit)
901 2684 921 2722 a
958 2686 1174 2723 Consulibus
1190 2687 1235 2725 ad

190 2741 367 2779 Palatium
391 2736 568 2776 ferretur?
597 2748 640 2773 an
676 2736 732 2772 ubi
756 2747 855 2773 nova
878 2737 1031 2774 vidioria
1053 2747 1235 2783 reportata

194 2791 306 2832 estet,
336 2791 393 2827 vel
415 2790 488 2826 aliis
510 2790 543 2824 in
575 2784 738 2824 casibus?
766 2799 810 2823 an
832 2799 876 2823 ex
899 2796 991 2824 vono
1015 2787 1170 2835 aliquo?
1194 2791 1232 2826 &

190 2841 487 2889 {unclegendum
503 2838 610 2878 essct,
641 2837 748 2886 deque
764 2845 909 2885 patrum
923 2849 1023 2881 voto,
1054 2848 1091 2875 ut
1109 2839 1231 2876 laurea

194 2904 280 2928 vota
303 2905 356 2930 xv.
379 2891 488 2928 Trist.
509 2902 554 2926 11.
581 2888 637 2936 56.
665 2887 750 2923 11101
781 2897 878 2925 00110
907 2890 942 2925 111
975 2889 1048 2924 hoc
1078 2889 1230 2927 disticho

191 2943 330 2992 aliquid
352 2940 605 2978 reconditioris
635 2939 858 2986 antiquitatis
882 2966 893 2983 ‚
926 2939 1029 2989 quod
1062 2940 1121 2976 vix
1152 2952 1232 2988 per·

189 2993 303 3042 spicio
344 2993 475 3029 Bam.

245 3053 307 3091 25.
336 3049 477 3090 Tempus
503 3041 547 3078 ab
582 3040 635 3077 his
671 3052 826 3077 vacuum
852 3041 978 3087 Caesar
1005 3042 1232 3080 Germanicus

192 3093 294 3131 'omne
323 3096 477 3141 Auferet.
501 3092 524 3129 ,ὰ
543 3092 676 3140 magnis
698 3093 789 3128 hunc
819 3091 897 3128 colit
919 3092 975 3128 itte
996 3093 1075 3129 d-eis.
1089 3093 1102 3135 ’1
1156 3095 1229 3131 Hic

129 3188 132 3192 ,
192 3144 304 3184 locus-
327 3144 374 3178 ita
395 3144 649 3191 intelligendus
679 3143 822 3179 videtur
845 3171 854 3186 ,
894 3151 930 3179 ut
960 3143 1224 3181 Germanicum

193 3196 414 3239 accipiamus
436 3221 446 3236 ,
483 3206 523 3230 ea
559 3195 722 3242 hyeme,
770 3206 864 3242 quae
896 3194 1038 3230 obitum
1074 3194 1225 3242 Augusti

189 3256 362 3295 proxime
393 3245 575 3281 antecessit
599 3271 608 3287 .
649 3245 794 3281 Romae
823 3244 925 3282 fuisse
950 3272 959 3289 ,
996 3247 1031 3282 ὅ(
1062 3244 1225 3292 sequent-i

190 3301 322 3343 aestate
342 3307 392 3334 m·
410 3294 650 3335 Germaniam
672 3294 807 3335 abiisse.
836 3295 893 3345 vel
908 3323 920 3342 ‚
949 3297 1079 3346 <quod
1099 3305 1224 3336 tamen

547 1484 704 1540 Talia
728 1500 824 1541 vos
847 1482 921 1538 illi
946 1482 1177 1539 reddere
1208 1484 1368 1540 verba
1393 1486 1568 1543 velim.

2184 1619 2340 1679 Vivit:

1292 1752 1415 1792 minus
1435 1748 1646 1804 probarim)
1679 1753 1758 1805 jam
1792 1761 1873 1794 tum
1902 1755 1939 1794 in
1972 1751 2172 1794 Germania
2208 1756 2339 1803 fuisse.

1293 1815 1377 1840 curn
1398 1806 1489 1843 haec
1510 1805 1529 1843 a
1560 1807 1678 1844 Poeta
1698 1806 1935 1844 scriberentur
1957 1821 1965 1845 ε
2002 1808 2039 1845 id
2061 1807 2175 1855 ipsum
2206 1817 2333 1847 autem

1294 1853 1453 1892 Poetarn
1478 1854 1668 1903 ignorasse.
1722 1857 1820 1894 Nam
1852 1868 1929 1906 quo
1961 1859 2036 1895 alio
2064 1857 2172 1905 paeto
2195 1859 2340 1897 Consu-

1292 1904 1369 1943 lem
1390 1905 1614 1955 Pompejum
1650 1918 1780 1944 vacuas
1799 1908 1905 1945 horas
1929 1907 2122 1946 collocasse
2143 1908 2341 1948 Germani-

1294 1966 1342 1991 co
1364 1955 1554 2000 dicemus,
1581 1959 1644 2005 qui
1664 1966 1743 1995 tum
1768 1960 1804 1995 in
1826 1959 2024 1996 Germania
2038 1960 2128 2004 fuit,
2158 1972 2240 1998 curn
2257 1961 2341 1999 Au-

1295 2005 1423 2052 gustus
1441 2017 1648 2044 moreretur
1670 2007 1695 2045 ἓ·
1724 2006 1899 2047 Mortuus
1931 2012 2031 2047 enim
2062 2011 2244 2058 Augustus
2264 2011 2346 2058 est,

1297 2054 1396 2093 Coss.
1419 2056 1500 2094 Sex.
1521 2058 1728 2106 Pompejo,
1759 2058 1803 2096 ad
1830 2070 1941 2106 quern
1971 2060 2034 2097 hic
2053 2060 2172 2097 scribit
2195 2062 2338 2107 Po'e'ta,

1296 2106 1335 2143 8<
1358 2105 1440 2145 Sex.
1461 2108 1624 2157 Apulejo
1649 2135 1659 2151 ,
1697 2121 1806 2147 111111.
1835 2109 1988 2148 Calend.
2017 2111 2238 2158 Septembris
2256 2140 2267 2155 ‚
2297 2121 2344 2151 ut*

1296 2156 1493 2197 Suetonius
1514 2160 1633 2196 tradit.
1661 2161 1751 2208 Quo
1779 2169 1948 2208 ternpore
1977 2162 2220 2200 Germanicus
2241 2163 2338 2211 apud

1296 2208 1470 2246 Rhenum
1501 2211 1677 2247 exercitui
1711 2211 1933 2258 praepositus
1965 2211 2063 2249 fuit:
2100 2213 2135 2249 id
2167 2215 2268 2262 quod
2289 2226 2336 2252 ex

1297 2258 1436 2298 Tacito
1457 2262 1588 2308 pariter
1610 2262 1646 2298 ὃ(
1670 2261 1852 2298 Suetonio
1871 2271 1980 2310 paret.
2011 2264 2063 2300 lta
2084 2265 2183 2300 enirn
2205 2267 2338 2302 Sueto·

1296 2311 1377 2348 nius
1397 2311 1431 2348 in
1455 2311 1616 2360 Caligula
1629 2312 1674 2348 de
1693 2313 1757 2350 illo
1775 2316 1847 2350 ait:
1879 2313 2065 2363 Miffusque
2083 2315 2131 2350 ad
2145 2316 2334 2351 exercitum

1297 2360 1336 2397 in
1369 2364 1597 2399 Germaniam
1627 2364 1751 2410 excessu
1780 2364 1928 2412 Augusti
1954 2365 2117 2401 nunciato
2141 2392 2150 2407 ‚
2194 2366 2335 2413 legiones

1297 2413 1478 2461 universas
1498 2414 1738 2462 imperatorem
1767 2415 1942 2451 Tiberium
1959 2413 2217 2463 periinaciffime
2238 2429 2334 2454 recu·

1293 2467 1431 2510 santes,
1460 2475 1502 2504 co*
1524 2464 1592 2512 stoi
1615 2468 1792 2509 summam
1813 2465 2014 2514 reipublicae
2043 2466 2249 2512 defirentes,
2277 2468 2337 2515 in·¹

1295 2527 1424 2551 certum
1447 2515 1636 2559 constantia
1656 2529 1703 2552 an
1720 2516 1846 2563 pietate
1867 2517 1997 2563 majore
2017 2517 2225 2564 compescuit.
2251 2517 2337 2556 Ta·'

1292 2566 1384 2603 citus
1403 2574 1525 2602 autem
1556 2566 1648 2603 libro
1667 2568 1788 2614 primo
1816 2567 1861 2603 de
1880 2567 1920 2603 iis
1942 2569 2118 2616 loquens,
2145 2579 2240 2616 quae
2261 2568 2335 2607 Ti-

1291 2614 1410 2654 berius
1432 2618 1467 2654 in
1498 2627 1602 2653 novo
1630 2620 1834 2665 principatu
1869 2627 1990 2666 egerat
2013 2632 2020 2654 z
2050 2625 2104 2654 At
2128 2621 2333 2656 Germanico

1293 2668 1435 2714 Caesari
1455 2695 1464 2710 ,
1510 2668 1629 2716 inquit
1653 2695 1663 2711 ,
1704 2670 1935 2712 proconsulare
1963 2669 2144 2716 imperium
2175 2671 2329 2717 petivit,

1292 2718 1443 2768 missique
1462 2718 1564 2766 legati
1585 2717 1646 2764 qui
1674 2719 1843 2761 deferrent
1865 2746 1874 2763 ,
1905 2718 2015 2767 finiti!
2037 2721 2240 2767 moestitiam
2258 2723 2331 2767 ejtu

1287 2769 1327 2804 ob
1347 2770 1509 2818 excessum
1535 2768 1904 2818 Augustisolarentur.
1932 2771 2110 2809 Micrtt.

1341 2851 1400 2888 ις.
1430 2844 1574 2875 Temous
1604 2837 1647 2874 ab
1678 2837 1731 2876 his
1762 2839 1957 2888 vacuum]
2014 2840 2142 2877 Malim
2167 2868 2178 2884 ,
2207 2854 2332 2881 vacue.

1287 2892 1373 2929 vide
1396 2891 1513 2928 Notas
1531 2890 1638 2927 Trist.
1662 2901 1714 2926 iv.
1737 2890 1837 2939 Eleg.
1857 2890 2059 2937 111.X''s.77.
2081 2891 2225 2930 Heius.

1341 2971 1402 3004 27.
1429 2965 1520 2996 Cum
1551 2970 1669 2996 tamen
1703 2959 1727 2996 ὰ
1760 2960 1864 2998 turba
1895 2975 2011 2998 rerum
2034 2962 2242 3010 requieverit
2264 2964 2339 3002 ha*

1290 3010 1409 3060 turn]
1441 3011 1611 3056 Rec‘iius,
1641 3024 1724 3047 cura
1744 3011 1905 3060 refingas.
1936 3013 2032 3050 Infra
2057 3014 2222 3062 hlegax.

1340 3082 1435 3113 Cum
1454 3091 1573 3113 tamen
1594 3076 1619 3113 ιΣι
1641 3090 1723 3113 cura
1744 3091 1859 3113 rerum
1873 3079 2043 3128 propriore
2061 3079 2213 3116 vacabis.

1285 3146 1458 3191 proximo
1493 3144 1595 3182 versu
1617 3172 1627 3187 ‚
1675 3146 1819 3191 affctetas
1860 3159 1985 3182 manus
2018 3146 2325 3189 Twii‘dcnianus,

1283 3207 1357 3231 non
1383 3198 1590 3240 mansuetas.
1622 3197 1766 3232 Ηεικς.
1823 3195 1890 3232 Sed
1924 3197 2030 3244 Epist.
2055 3210 2096 3231 ii.
2122 3207 2177 3241 ῖς.
2207 3195 2338 3239 (11χ11,.

1281 3245 1322 3282 de
1346 3258 1451 3284 tama
1482 3260 1596 3283 rerum
1628 3246 1731 3284 turba
1750 3259 1821 3287 eye.
1848 3248 1992 3296 afflictas
2022 3248 2130 3283 etiam
2161 3245 2199 3281 P.
2223 3245 2322 3283 Dan.

1282 3296 1366 3336 cod.

1478 3348 1660 3399 Qqqqq
1692 3354 1723 3397 3‘
2147 3353 2204 3383 20·
2231 3344 2322 3382 Red‘
