2495 3675
258 179 358 247 634
759 176 1318 239 P.OV1D11

1387 173 1921 236 NASONIS

539 279 1004 357 Naufragiumque
1028 298 1210 337 meum
1236 277 1447 332 tumulo
1470 274 1718 347 spefflirit
1746 275 1809 329 ab
1837 278 1971 342 alte,

616 354 734 410 Nec
759 356 977 412 dederit
1000 354 1146 410 nanti
1171 369 1265 422 per
1291 349 1429 403 freta
1451 348 1603 402 saeva
1628 365 1880 411 manum;

546 424 884 483 Seminecem
907 427 1090 497 Stygia
1116 419 1371 478 revocasti
1393 421 1529 475 solus
1552 421 1617 475 ab
1641 420 1799 476 unda.

407 513 477 549 20

624 499 755 554 Hoc
780 517 998 571 quoque
1024 494 1175 567 quod
1205 511 1471 550 memores
1496 492 1763 565 possumus
1788 492 1920 556 esse,
1958 503 2111 548 tuum
2136 492 2224 547 est<

553 571 630 627 Di
657 573 749 626 tibi
779 573 828 626 se
855 571 1086 624 tribuant
1113 585 1235 622 cum
1262 565 1487 620 Caesare
1513 567 1717 638 semper
1745 567 1966 621 amicos:

625 646 751 698 Non
778 643 954 714 potuit
983 656 1172 696 votum
1204 640 1408 710 plenius
1434 637 1536 693 esse
1563 657 1761 693 meum.

554 716 711 772 Haec
737 732 891 770 meus
923 715 1152 787 argum,
1193 713 1230 768 fi
1254 726 1314 766 tu
1338 712 1610 784 paterere,
1650 712 1834 767 libellis

630 788 864 842 Poneret
888 789 944 843 in
969 788 1137 842 multa
1158 788 1278 841 luce
1307 784 1540 838 videnda
1565 785 1728 839 labor.

412 881 479 929 25
558 861 625 914 Se
658 878 878 933 quoque
902 877 1077 923 nune,
1112 858 1352 932 quamvis
1376 856 1452 912 est
1476 856 1596 926 jussa
1619 857 1921 929 quiescere,
1958 857 2089 931 quin
2114 870 2167 912 te

627 933 889 989 Nominet
913 934 1173 996 invitum,
1211 932 1302 985 vix
1327 948 1443 984 mea
1471 930 1627 984 Musa
1654 943 1816 984 tenet.

558 1005 744 1079 thue
772 1024 959 1060 canem
987 1004 1208 1077 pavidae
1235 1003 1444 1058 nastum
1472 1001 1687 1073 vestigia
1714 1020 1904 1059 cervae

623 1078 949 1134 Lufiantem
977 1077 1163 1133 frustra
1189 1078 1378 1149 copula
1403 1075 1534 1130 dura
1561 1087 1725 1129 tenet.

551 1150 739 1224 thue
767 1151 909 1206 fores
934 1151 1179 1207 nondum
1205 1150 1424 1205 reserati
1450 1148 1677 1203 carceris
1703 1164 1826 1202 acer

412 1244 480 1292 30

626 1225 784 1278 Nunc
822 1225 962 1297 pede
981 1263 996 1288 ‚
1035 1242 1176 1279 nunc
1202 1222 1310 1294 ipsa
1335 1221 1540 1284 fronte,
1584 1219 1782 1274 lacessit
1807 1237 1977 1290 equus
1994 1245 2015 1286 ς

557 1295 643 1352 Sic
670 1315 817 1360 mea,
852 1298 968 1369 lege
995 1298 1119 1352 data
1142 1293 1313 1350 vin6³ta
1340 1307 1499 1365 atque
1522 1292 1742 1357 inclusa,
1780 1292 1977 1349 Thalia

632 1370 734 1424 Per
764 1370 978 1425 titulum
1006 1370 1158 1424 vetiti
1185 1367 1415 1423 nominis
1441 1367 1518 1420 ire
1543 1367 1707 1439 cupit.

558 1443 644 1498 Ne
671 1456 850 1497 tamen
874 1442 1063 1497 officio
1091 1440 1346 1496 memoris
1374 1438 1593 1494 laedaris
1619 1439 1806 1504 amici,

633 1514 1004 1586 Parebojuffis
1031 1518 1222 1588 (parce
1250 1512 1478 1583 timere)
1518 1513 1637 1566 tuis.

417 1606 483 1662 35
559 1590 634 1645 At
663 1606 770 1643 non
799 1606 1072 1660 parerem,
1110 1587 1207 1642 nifi
1232 1585 1266 1640 fi
1294 1584 1587 1639 meminiffe
1611 1599 1839 1657 putares.

636 1660 769 1716 Hoc
798 1661 947 1734 quod
977 1678 1086 1717 non
1110 1658 1360 1735 prohibet
1386 1674 1495 1713 vox
1521 1670 1639 1721 tua;
1676 1672 1857 1731 gratus
1882 1677 1994 1717 ero,

326 1923 384 1964 18.
413 1922 557 1975 saeva]
579 1929 643 1962 Per
654 1923 863 1976 fretalonga
874 1927 1053 1978 quinque.
1071 1927 1218 1978 summa
1230 1925 1319 1967 duo.

276 1988 403 2015 manus
424 1976 569 2022 Junian.

323 2038 386 2064 21.
415 2025 596 2075 Amicos.]
626 2026 753 2064 Amico
771 2028 880 2067 Leid.

302 2089 347 2166 1'2
356 2088 387 2126 3.
414 2076 599 2127 Argutis.]
657 2077 720 2114 Ah
754 2080 866 2127 gratis
905 2081 1115 2130 conjecerat
1145 2079 1319 2120 Heinsius

275 2140 301 2167 o
317 2140 381 2166 xm.

328 2192 389 2228 25.
418 2185 522 2216 Nunc
543 2192 672 2229 quoque
686 2207 697 2224 ‚
725 2180 891 2230 quamvis
912 2182 956 2230 est
969 2184 1048 2232 jam
1063 2179 1154 2233 juffa
1175 2181 1320 2233 quiesea-

273 2230 350 2279 re.]
398 2230 618 2279 Legendum
649 2242 694 2267 ex
726 2231 922 2269 veteribus.
970 2239 1076 2270 Nunc
1105 2247 1236 2284 quoque
1257 2233 1318 2281 fia

275 2281 443 2332 quamvis
465 2280 509 2326 est
525 2279 613 2330 jussa
636 2281 809 2330 quiescere.
835 2282 972 2321 Naue.
1006 2284 1053 2321 Et
1072 2284 1135 2322 hic
1146 2283 1245 2323 haud
1257 2294 1320 2332 pa·

275 2343 386 2376 rum,
412 2343 489 2369 non
511 2333 559 2369 ita
587 2342 725 2379 magno
753 2340 878 2371 tamen
909 2333 1117 2372 discrimine
1137 2363 1147 2378 ‚
1176 2337 1271 2373 inter
1287 2333 1322 2372 se

275 2383 419 2421 variant
437 2382 530 2419 libri.
555 2382 654 2419 Mihi
678 2384 842 2420 maxime
861 2395 927 2431 pro
940 2384 1128 2423 Ovidiana
1146 2385 1322 2422 suavitate

276 2432 444 2477 videtur,
459 2438 562 2469 Nunc
574 2445 725 2482 quoque,
748 2435 822 2478 jam
842 2435 1007 2483 quamvis
1019 2435 1060 2483 est
1077 2435 1166 2484 juffiz
1178 2437 1322 2485 quiesce—

277 2497 324 2522 re.
354 2484 458 2522 DAN.
487 2483 627 2520 Heius.
675 2484 832 2522 Turbati
855 2487 1014 2525 numeri.
1037 2497 1131 2523 unus
1151 2486 1321 2524 Vatican.

275 2535 315 2573 ὅ(
334 2534 443 2573 Palat.

332 2602 434 2648 Qae
450 2612 583 2652 quoque
602 2613 693 2638 nunc
711 2600 879 2650 quamvis
897 2601 940 2650 est
952 2603 1043 2652 juffa
1063 2602 1236 2653 quiescere.

281 2649 401 2688 Scribe
414 2679 424 2696 ‚

333 2706 371 2737 Se
399 2714 530 2759 quoque
560 2715 677 2748 nunc,
728 2703 922 2752 (quamvis
952 2704 995 2751 est*
1016 2706 1108 2755 jussa
1135 2704 1320 2756 quiescere)

460 2766 545 2802 quln
563 2765 596 2790 18

337 2802 500 2839 Nominet
518 2804 677 2841 invitum
691 2832 702 2849 2
729 2803 795 2841 vix
817 2818 893 2843 mea
913 2807 1020 2856 Musti
1038 2815 1143 2845 tenet,

286 2859 424 2905 primae
447 2862 628 2902 editiones
643 2893 653 2910 ‚

337 2927 441 2959 Nunc
461 2936 589 2973 quoque
603 2927 681 2972 jam
700 2927 867 2977 quamvis
885 2928 927 2974 est
938 2929 1043 2978 juffa.

285 2986 348 3041 vix
369 2985 402 3023 se
420 2994 522 3024 tenet
543 2999 625 3025 mea
647 2990 750 3028 Musa
768 3018 779 3034 ,
807 2993 895 3038 quin
926 3000 963 3028 te
991 2993 1163 3031 nominet
1191 2994 1249 3032 vel
1269 2994 1324 3032 in·

287 3045 420 3073 vitum.
448 3048 513 3084 pto
546 3039 708 3087 quiescere
734 3043 843 3077 etiam
867 3040 1017 3089 filescere
1046 3042 1189 3083 videtur
1216 3057 1325 3095 repo-

289 3087 466 3124 nendum.
494 3087 540 3124 fic
562 3088 605 3125 de
628 3092 743 3128 vimis
767 3090 867 3138 snpra
891 3092 949 3129 lib.
972 3104 1018 3130 11.

338 3149 400 3186 Sed
421 3149 517 3186 modo
534 3149 709 3198 confidunt
722 3181 731 3195 ‚
759 3150 1181 3203 intermiffiquefilescunt.

284 3200 426 3238 Hems.
464 3199 596 3236 Douza
617 3200 785 3249 legebat,
810 3215 899 3238 nunc
929 3216 1060 3255 quoque
1089 3208 1323 3255 quantumvis

282 3253 357 3297 jam
372 3251 472 3299 jussa.

335 3312 396 3349 27.
422 3301 617 3351 pavidae]
646 3302 800 3343 Timidus
823 3303 988 3342 Demens.

2250 1788 2419 1844 Dum-

1423 1924 1486 1963 28.
1513 1924 1762 1977 Lublantem]
1818 1931 2028 1964 Latrantem
2072 1925 2232 1975 plurimi,
2276 1926 2420 1966 Herm.

1374 1979 1582 2064 ζαέῖἰῆἶιεέἴ
1611 1985 1733 2064 ῑςιέεωῐ
1754 1978 1867 2016 etiam
1898 1977 2112 2016 Demsterus
2132 1978 2177 2017 ad
2198 1977 2324 2017 Rofin.
2343 1978 2420 2016 An-

1375 2034 1489 2165 {jlqssoi
1518 2055 1623 2114 'Nuin
1645 2037 1904 2129 issja72fronte.]
1953 2078 2070 2130 Preſja
2083 2079 2203 2127 fronte
2222 2078 2421 2120 Leidenfis.

1421 2141 1564 2228 grus&
1583 2192 1660 2216 mea
1681 2179 1746 2229 lege
1767 2180 1894 2230 data.]
1925 2180 1988 2218 An
2003 2207 2014 2224 ‚
2027 2190 2108 2217 rata
2123 2180 2244 2219 rvide
2255 2181 2344 2219 Fast.
2357 2189 2421 2218 ιη.

1373 2229 1429 2272 sss.
1449 2240 1534 2275 279.
1565 2230 1710 2267 Hiems.
1747 2231 1908 2268 Minime
1927 2243 2031 2268 vero.
2044 2230 2131 2267 data
2149 2231 2229 2279 lege
2243 2258 2253 2274 ,
2272 2231 2422 2275 scflicet,

1374 2279 1418 2317 ab
1440 2280 1587 2324 amico,
1614 2280 1677 2327 qui
1703 2288 1866 2318 vetuerat
1887 2281 1921 2318 se
1943 2281 2151 2323 nominari,
2173 2285 2209 2318 &
2233 2281 2433 2329 quiesceret

1379 2330 1456 2379 ejus
1479 2329 1624 2367 Musam
1642 2328 1801 2378 jusserat.
1829 2331 1891 2368 lib.
1912 2344 1957 2368 11.
1978 2331 2089 2368 Trist.
2120 2332 2204 2378 488.
2234 2333 2298 2368 Hic
2317 2331 2421 2381 epuiis

1377 2381 1481 2437 leges,
1509 2380 1715 2431 hospitioque
1737 2381 1841 2418 dedit.
1872 2382 1929 2418 Sic
1948 2382 2030 2429 jura
2049 2382 2132 2418 dare
2151 2383 2188 2419 ἃ
2210 2382 2339 2420 similia
2357 2383 2422 2420 ob-

1377 2443 1447 2539 5123·
1458 2431 1674 2532 Iptssziiia']
1703 2487 1884 2520 Camaena
1896 2480 2156 2521 tres.voluntas
2173 2482 2283 2521 Palat.
2294 2484 2332 2522 ὅ(
2343 2484 2418 2522 Va·

1374 2540 1488 2632 neg?
1517 2583 1552 2620 δι’
1574 2596 1641 2620 non
1661 2583 1847 2633 meminisse
1864 2582 2044 2640 putares3]
2065 2582 2143 2632 Nifi
2159 2597 2227 2620 non
2241 2612 2250 2628 ‚
2276 2585 2334 2623 vel
2355 2582 2419 2634 nisi

1374 2646 1429 2722 ἵε
1450 2634 1557 2672 multi
1589 2646 1636 2672 ex
1667 2635 1814 2683 scriptis.
1845 2635 1921 2673 duo
1943 2663 1953 2680 ,
1988 2632 2063 2684 mli.
2085 2635 2123 2672 ὅ(
2145 2637 2297 2685 meruiffe
2316 2647 2420 2675 unus.

1415 2696 1504 2733 ege,

1608 2734 1715 2784 nisisi
1732 2735 1916 2786 meminisse
1932 2745 2086 2785 putares.

1376 2794 1442 2833 nisi
1460 2803 1603 2844 putares
1629 2808 1690 2834 me
1711 2799 1770 2835 'tui
1799 2797 1870 2835 effe
1891 2809 2114 2837 memorem.
2143 2799 2209 2849 nisi
2232 2800 2264 2851 [ἱ
2279 2800 2415 2839 Nasoni

1375 2846 1562 2885 usitatum.
1616 2848 1686 2885 Adi
1717 2849 1841 2886 Notas'
1866 2848 1975 2896 Epist.
2004 2861 2057 2888 ιν.
2087 2850 2136 2888 vs.
2166 2864 2229 2890 111.
2270 2853 2416 2890 Hzms.

1374 2897 1624 2985 1l-3rctmkhus1us
1657 2899 1815 2937 malebat
1837 2927 1848 2945 ,
1887 2898 1922 2935 Si
1945 2912 2014 2937 non
2043 2900 2229 2951 meminisse
2260 2913 2414 2948 vetares,

1393 2959 1433 2985 or
1453 2961 1472 2985 e
1486 2977 1496 2993 ‚

1426 3003 1483 3086 iAt
1502 3012 1568 3037 non
1582 3009 1762 3049 parerem,
1787 3000 1854 3051 nisi
1868 3012 1900 3040 te
1922 3001 2074 3051 meruiffe
2086 3011 2262 3052 putarem.

1376 3060 1423 3086 ve
1449 3077 1461 3093 ‚

1431 3105 1488 3137 At
1504 3115 1572 3138 non
1592 3111 1746 3151 parerem
1759 3131 1770 3147 ,
1799 3102 1864 3150 nisi
1881 3116 1935 3140 me
1950 3103 2145 3150 memorasse
2159 3113 2338 3151 putarem,

1481 3153 1516 3188 si
1539 3166 1604 3202 quo
1624 3166 1691 3189 non
1707 3153 1862 3204 prohibet
1880 3154 1934 3190 lex
1952 3163 2015 3189 tua
2029 3180 2039 3197 ,
2063 3164 2186 3201 gratus
2199 3170 2263 3198 ,eo.

1376 3211 1413 3250 Si
1436 3210 1510 3249 fine
1530 3214 1688 3250 nomine
1716 3225 1762 3251 eo
1789 3224 1903 3262 usque
1925 3215 1978 3251 tui
2003 3215 2248 3255 meminissem
2263 3245 2277 3262 0
2296 3226 2412 3266 gratus

1374 3273 1443 3312 pro
1461 3269 1517 3298 tot
1539 3263 1722 3300 beneficiis
1743 3291 1753 3309 ,
1791 3276 1867 3314 quo
1899 3264 1957 3302 lex
1976 3274 2039 3304 tua
2060 3276 2122 3305 me
2151 3270 2320 3319 progredi
2337 3280 2413 3308 non

1374 3312 1554 3363 prohibet.
1581 3312 1714 3353 Burm-

2263 3380 2321 3421 37.
2347 3372 2416 3405 Lu-
