2495 3675
221 176 322 241 536
451 212 481 230 s*

726 175 785 232 Ρ.
861 153 1886 235 oV1D11NAso'Nis

517 274 766 333 Discolor
793 291 852 333 ut
877 277 1028 333 resto
1053 274 1305 347 grassetur
1333 269 1504 324 limite
1529 269 1710 333 mileS‚
1775 342 1786 351 ·

589 351 733 405 Cum
760 352 967 405 medius
994 349 1213 420 gemino
1240 342 1470 397 calculus
1500 341 1650 396 hoste
1678 353 1832 413 perit.

517 419 593 476 Ut
618 441 771 494 mage
798 424 931 477 velle
956 421 1101 492 sequi
1124 417 1280 498 sciat,

588 496 673 550 Ne
700 508 819 550 tuto
845 494 1053 564 fugiens
1078 493 1419 545 incomitatus
1445 503 1547 543 eat.

372 489 479 562 ¹480

1319 416 1370 469 &
1402 433 1654 470 revocare
1679 416 1952 487 priorem3

520 567 690 622 Parva
719 568 865 622 sedet
891 564 1052 618 ternis
1078 560 1324 617 instrufia
1349 561 1535 616 tabella
1565 562 1774 632 lapillis;

590 641 647 695 In
674 642 778 710 qua
807 635 1111 702 vicisse-est,
1147 633 1475 691 continuasse
1501 635 1636 691 suos,

229 922 262 959 'ci
291 920 527 969 ἄςρκγιὲλαυς
552 930 710 969 vocant,
739 924 933 974 ipsumque
951 924 1081 964 ludum
1105 924 1273 971 ἀςραγοι·

225 972 364 1019 λὶζειν,
395 975 432 1010 &
453 973 626 1022 ἀςρὶζειν.
656 977 746 1013 Sunt
774 986 897 1014 autem
929 977 1036 1015 unius
1061 976 1124 1015 tali
1151 976 1272 1023 super-

222 1022 344 1070 ficies,
372 1023 447 1061 five
475 1027 585 1064 facies
604 1036 763 1076 quatuor
785 1039 794 1064 :
831 1038 986 1076 quarum
1006 1029 1122 1076 prima
1138 1055 1148 1071 ,
1175 1037 1272 1077 quae

223 1074 262 1110 ὅ(
289 1076 466 1113 unitatem
497 1076 671 1125 significat
693 1106 703 1121 ,
742 1079 830 1114 κυῶν
852 1106 862 1122 ,
898 1078 973 1116 hoc
1002 1078 1050 1116 est
1073 1079 1203 1122 Canis,
1232 1077 1271 1115 &

221 1124 303 1169 χῖσς
324 1127 413 1164 item
427 1154 438 1171 ,
466 1126 661 1166 dicebatur.
701 1127 763 1165 llla
784 1137 909 1166 autem
930 1140 1024 1178 quae
1043 1129 1130 1167 huic
1151 1140 1272 1178 oppo-

220 1174 287 1213 fita
310 1184 419 1226 atque
441 1177 585 1216 adversa
604 1187 679 1217 erat
693 1208 703 1222 ,
731 1178 876 1226 ἑξῑτῆς,
903 1179 977 1217 hoc
998 1180 1047 1218 est
1067 1179 1179 1217 Senio
1193 1208 1203 1223 ‚
1231 1179 1271 1216 &

220 1226 308 1268 κῶας
327 1228 430 1266 item.
450 1229 610 1278 reliquae
634 1230 726 1268 duae
747 1231 909 1268 numeris
931 1231 1174 1274 notabantur,
1198 1238 1270 1267 ter-

219 1277 327 1314 nario
347 1287 434 1327 puta
457 1307 467 1323 ,
504 1281 541 1317 &
569 1282 814 1329 quaternario.
841 1292 927 1319 narn
951 1282 1107 1319 binarius
1128 1282 1167 1318 &
1188 1281 1270 1329 qui-

218 1328 343 1366 narius
372 1340 545 1368 numerus
576 1334 612 1368 in
644 1331 720 1369 talis
749 1344 826 1370 non
857 1341 988 1370 erant:
1018 1340 1124 1370 autor
1140 1332 1270 1369 Pollux

189 1375 284 1415 elib.
302 1391 338 1426 9.
381 1381 561 1418 Meminit
593 1390 715 1420 autem
738 1382 939 1431 ludihujus
961 1381 1200 1433 Tranquillus
1231 1383 1271 1420 in

218 1427 412 1477 Augusto,
440 1431 495 1468 his
514 1431 653 1470 verbis:
682 1432 775 1470 Talis
799 1434 966 1482 jastatis,
992 1444 1032 1470 ut
1054 1433 1196 1483 quisque
1213 1445 1272 1469 ca-

217 1491 300 1515 nem
319 1492 383 1517 aut
399 1482 573 1530 senionem
588 1484 739 1532 jecerat,
767 1484 806 1521 in
819 1482 970 1533 singulos
991 1484 1099 1529 talos,
1121 1483 1272 1534 fingulos

217 1529 376 1568 denarios
389 1560 400 1577 ,
428 1533 466 1569 in
485 1533 639 1570 medium
655 1534 843 1581 conferebat
863 1562 875 1580 ,
903 1549 985 1584 quos
1007 1535 1182 1584 universos
1204 1535 1272 1572 tol·

216 1579 312 1618 lebat
325 1611 334 1626 ,
349 1583 409 1631 qui
424 1589 579 1621 Venerem
595 1585 736 1633 jecerat.
747 1586 925 1624 Meminit
938 1587 976 1624 &
988 1585 1201 1623 Aristoteles
1211 1586 1271 1623 lib.

214 1642 263 1669 Π.
273 1632 318 1670 de
333 1632 621 1680 C0e10:’'E‹‚-tse,
634 1636 816 1685 inquiens,
830 1636 873 1673 τὸ
886 1638 1071 1680 κατορθοῦν
1082 1637 1272 1682 χαλεπὸν,

215 1676 240 1724 ἢ
253 1684 294 1719 τὸ
306 1680 482 1729 nomast?
503 1686 546 1723 τὸ
565 1690 761 1731 πολλάκις.
774 1685 838 1723 οἷον
850 1691 1010 1731 πολλοῦς
1031 1687 1272 1733 ἀςρκγάλους

216 1734 323 1776 κώους
343 1736 503 1781 βάλλειν
522 1736 730 1782 ἀμήχανον,
759 1735 853 1775 ἀλλ’
882 1737 944 1775 ἕνα
967 1733 987 1779 ἢ
1008 1737 1066 1775 δύο
1088 1738 1173 1786 ῥᾷον.
1192 1739 1265 1778 ὅτε.

215 1781 306 1821 Tali
323 1796 410 1834 ergo
428 1787 570 1835 Ja6tum
585 1816 595 1832 ‚
624 1800 702 1826 non
725 1789 771 1827 de
791 1789 956 1836 punctis,
987 1797 1027 1827 ut
1049 1790 1087 1826 in
1118 1787 1267 1835 tessera,

215 1833 278 1872 sed
300 1834 345 1875 dc
367 1837 528 1876 faciebus
550 1839 738 1888 intelligas.
762 1840 942 1878 Micyti..
969 1840 1084 1890 Figere
1102 1840 1267 1890 plerique

211 1892 373 1931 yeteres.
402 1887 546 1927 Hiems.

210 1994 251 2033 'A
265 1957 350 2035 ‘³74
377 1950 570 1999 Damnofhs
595 1951 798 2001 effiagiasque
825 1951 964 2002 cana]
1020 1950 1105 1991 Lib.
1133 1963 1182 1990 Π.
1216 1951 1263 1992 de

255 2007 270 2034 r
289 2009 331 2039 e:

263 2051 438 2100 Damnosi
445 2051 558 2099 facito
568 2055 661 2105 stent
682 2053 748 2092 tibi
760 2054 860 2104 fhepe
881 2066 991 2092 canes.

208 2108 419 2161 Propertius
438 2115 497 2153 lib.
519 2128 576 2154 ιν.

261 2179 395 2226 Semper
417 2176 575 2227 damnosi
594 2176 775 2228 subsiluere
796 2192 908 2217 canes.

207 2234 339 2274 Docet
366 2239 562 2277 Suetonius
589 2241 627 2278 in
655 2241 822 2289 Augusto
850 2252 962 2290 quare
985 2241 1082 2280 canis
1101 2241 1260 2280 damno-

206 2285 265 2324 sus
287 2287 438 2328 dicatur.
466 2291 542 2339 ejus
562 2291 670 2329 verba
690 2291 770 2329 sunt
794 2305 803 2329 :
849 2292 942 2328 Talis
971 2292 1063 2328 enim
1088 2294 1258 2341 jactatis,

208 2346 251 2373 ut
273 2338 416 2389 quisque
428 2346 561 2378 Canem
576 2369 586 2383 ‚
613 2352 678 2378 aut
700 2342 876 2378 senionem
895 2342 1035 2390 miserat
1049 2370 1059 2385 ,
1088 2343 1125 2379 in
1138 2342 1259 2392 fingu-

208 2385 258 2424 los
278 2389 365 2426 talos
378 2389 525 2439 fingulos
545 2392 703 2429 denarios
723 2393 760 2429 in
773 2393 927 2429 medium
951 2392 1142 2440 conserebat
1158 2407 1258 2443 :quos

208 2437 353 2476 tollebat
372 2442 548 2487 universos
562 2470 572 2486 ,
601 2443 660 2493 qui
684 2449 841 2479 Venerem
853 2445 993 2491 jecerat.
1024 2444 1139 2481 Cios.

259 2502 302 2535 47
313 2503 344 2537 ς.
373 2493 500 2540 Teſjera
517 2507 598 2541 quos
627 2493 752 2530 habeat
777 2507 933 2531 mameros
954 2522 964 2536 ‚
993 2494 1142 2539 distante
1155 2508 1259 2532 voca-

209 2546 244 2574 to
268 2541 412 2578 Mittere
435 2556 499 2593 quo
520 2543 636 2580 deceat
651 2572 662 2587 ,
691 2558 757 2594 quo
777 2546 859 2581 dare
879 2544 976 2593 m1ffa
997 2545 1133 2593 modo.]
1180 2547 1259 2583 Lo-

209 2599 272 2627 cus
300 2592 359 2629 hic
383 2593 569 2631 obscurior
600 2594 648 2632 est
668 2623 679 2640 ‚
715 2597 753 2632 &
784 2596 844 2633 ubi
866 2596 1005 2634 facilius
1031 2595 1072 2633 sit
1100 2597 1258 2635 aliorum

208 2641 455 2687 expositiones
476 2644 638 2682 refellere
663 2674 673 2690 ‚
711 2657 821 2694 quam
852 2655 988 2683 certam
1018 2647 1176 2695 aliquam
1206 2649 1260 2685 af-

207 2688 322 2727 ferre:
350 2702 540 2741 propterea
560 2696 662 2744 quod
687 2696 804 2733 multo
829 2697 895 2733 alia
917 2697 1009 2733 ratio
1028 2697 1179 2735 ludendi
1196 2710 1261 2735 ve-

209 2745 330 2777 terum
355 2742 445 2786 fuit,
470 2755 580 2795 atque
607 2758 707 2783 nunc
726 2745 786 2783 est.
826 2747 991 2783 Primum
1021 2749 1121 2784 enim
1143 2760 1255 2796 quem

209 2799 409 2829 numerum
431 2794 614 2838 distantem
642 2797 806 2834 dicemus
829 2794 844 2833 ?
883 2797 949 2834 nisi
971 2809 1057 2834 eum
1080 2798 1176 2835 forte
1199 2811 1259 2837 ac-

210 2840 390 2887 cipiamus
406 2870 415 2885 ,
443 2847 506 2892 qui
527 2858 571 2882 ex
592 2847 701 2884 tribus
728 2847 874 2894 reliquis
898 2848 1069 2885 dissimilis
1090 2859 1132 2885 ac
1152 2849 1258 2887 diffe-

210 2899 294 2927 rens
313 2891 364 2929 sit.
393 2893 489 2930 Nam
515 2896 624 2934 tribus
645 2898 720 2934 fere
740 2897 875 2935 tefi'eri's
899 2899 1040 2946 antiqui
1056 2899 1179 2937 ludere
1201 2900 1257 2937 so-

208 2938 353 2983 lebant,
382 2942 418 2980 id
438 2946 540 2990 quod
560 2946 596 2982 &
629 2948 862 2994 proverbium
886 2948 1043 2993 indicat,
1072 2961 1147 2998 quo
1170 2951 1259 2988 dici-

209 2997 293 3035 tur,
322 2996 401 3028 Aut
422 3003 471 3028 ter
489 2993 574 3041 sex,
604 3007 643 3031 ut
675 3007 741 3033 tres
764 2997 906 3046 tesserae.
957 3001 1048 3047 Quo
1079 3001 1190 3046 loco,
1217 3009 1258 3040 ut

208 3039 285 3078 hoc
313 3045 495 3088 παρέργως
520 3045 734 3093 adjiciamus
756 3075 766 3090 ,
803 3057 872 3084 tres
899 3049 1071 3094 tesserae,
1100 3051 1174 3088 five
1197 3054 1257 3088 κύ-

209 3090 264 3137 βοι
296 3092 437 3131 Graece
467 3093 564 3131 idem
594 3096 697 3144 quod
725 3106 795 3134 tres
824 3099 968 3140 μονάδες
994 3128 1002 3143 ,
1040 3101 1113 3138 five
1135 3103 1256 3140 unita-

210 3148 286 3185 tes,
314 3152 354 3180 ut
379 3143 508 3180 l'ollux
539 3146 618 3189 ait,
659 3146 859 3194 significant
882 3160 889 3183 :
929 3150 993 3195 qui
1022 3163 1194 3190 numerus
1217 3154 1256 3192 in

211 3190 336 3231 teffera
360 3193 495 3232 senario
513 3194 680 3233 adversus
702 3206 810 3246 atque
831 3199 1018 3246 oppositus
1040 3201 1105 3238 cst:
1137 3203 1257 3241 idem-

211 3253 288 3290 que
308 3243 404 3289 ὄνος,
432 3245 504 3282 hoc
533 3245 582 3282 est
612 3245 728 3295 asinus
748 3258 911 3284 vocatur.
965 3250 1080 3297 Quod
1102 3251 1124 3287 si
1150 3254 1257 3299 igitur

212 3303 260 3341 cx
285 3294 396 3346 {ribus
421 3296 583 3349 numeris
605 3298 750 3351 reliquis
778 3298 986 3340 diffimilern
1015 3311 1056 3340 ac
1083 3301 1255 3358 differeri:

2247 765 2381 840 Qui-

1328 927 1429 965 tem‚
1457 918 1648 959 distantem
1671 931 1884 969 ponamus:
1914 918 2143 970 consequens
2163 922 2253 967 erit,
2282 931 2321 963 ut
2339 926 2379 966 δε
2431 965 2437 971 ‚
2484 935 2487 957 ε

1326 971 1416 1010 illud
1434 971 1562 1009 demus
1574 1000 1583 1016 ,
1595 972 1706 1009 talem
1729 972 1920 1009 distantem
1933 972 2096 1021 aliquem
2117 972 2262 1011 solitum
2275 975 2380 1016 fuiffe

1327 1023 1480 1067 vocari,
1506 1023 1580 1059 hoc
1599 1021 1669 1066 est,
1697 1023 1794 1070 posci
1816 1022 1858 1059 ab
1889 1023 2003 1059 altero
2019 1051 2029 1067 ‚
2058 1023 2117 1061 vel
2137 1031 2296 1074 utroque
2321 1027 2377 1066 lu-

1328 1072 1474 1118 sorum,
1500 1084 1614 1123 quem
1638 1074 1702 1122 qui
1729 1071 1871 1111 tefferas
1891 1074 2060 1111 mittebat
2081 1102 2092 1119 ‚
2113 1074 2217 1122 jactu
2238 1088 2381 1126 reprae-

1329 1124 1497 1162 sentaret.
1540 1123 1645 1161 Idem
1668 1124 1768 1161 enim
1792 1125 1831 1161 ὅ(
1860 1135 1904 1160 cx
1926 1126 2037 1162 tertio
2059 1125 2105 1162 de
2125 1126 2217 1164 Arte
2239 1127 2381 1178 colligi·

1327 1182 1409 1219 tur,
1440 1175 1501 1212 ubi
1521 1175 1666 1222 inquit,
1695 1174 1859 1211 Talorum
1879 1174 1986 1210 dicere
2000 1176 2118 1223 jaelus
2136 1182 2180 1212 Ut
2190 1177 2283 1225 sciat
2296 1206 2307 1224 ,
2335 1191 2378 1220 (φ

1327 1226 1421 1262 vires
1441 1227 1558 1273 teffera
1580 1226 1677 1274 miffa
1696 1235 1787 1262 tuas.
1814 1229 1862 1261 Et
1882 1225 1981 1261 modo
1999 1236 2065 1262 tres
2079 1227 2189 1274 jaHet
2206 1241 2378 1278 numeros,

1328 1276 1428 1312 modo
1460 1275 1578 1324 cogitet
1617 1285 1694 1325 apte
1730 1278 1854 1323 §luam
1885 1275 2012 1323 subeat
2046 1286 2184 1326 partem
2221 1279 2350 1319 callida
2363 1311 2376 1329 ‚

1327 1339 1502 1375 quamque
1519 1336 1627 1364 vocet.
1676 1327 1747 1364 Sed
1767 1334 1807 1364 ut
1835 1327 1927 1364 haec
1948 1326 1997 1364 fic
2023 1327 2154 1366 demus
2174 1328 2248 1368 hoc
2266 1332 2377 1380 paeto

1325 1376 1397 1414 sese
1419 1377 1604 1422 habuisse,
1632 1377 1721 1427 quid
1753 1389 1864 1426 porro
1893 1377 1940 1415 de
1967 1376 2093 1415 tessera
2116 1378 2216 1417 miffa
2232 1409 2242 1425 ,
2270 1382 2309 1420 δε
2328 1384 2377 1424 de

1327 1427 1478 1466 datione
1505 1427 1696 1467 missorum
1724 1456 1734 1473 ,
1773 1428 1845 1466 dici
1867 1436 1969 1466 certo
2001 1428 2147 1476 potest?
2177 1431 2313 1471 Utrum
2336 1435 2378 1474 in

1327 1478 1516 1518 alveolum
1534 1508 1545 1525 ‚
1587 1488 1650 1518 aut
1677 1490 1739 1517 vas
1766 1478 1919 1528 aliquod
1939 1490 2148 1519 concavum
2175 1483 2273 1522 mitti
2292 1484 2378 1524 soli-

1327 1537 1379 1567 tas
1399 1529 1678 1579 intelligamus?
1706 1530 1916 1578 cujusmodi
1943 1531 2081 1569 fuerint
2112 1543 2209 1581 quae
2241 1532 2263 1571 a
2285 1535 2380 1578 Pon.

1325 1580 1420 1618 libro
1441 1582 1614 1625 decimo,
1644 1581 1807 1626 ἀβάκια,
1836 1582 2004 1627 κόσκινκ,
2035 1583 2163 1628 Φιμοῖ,
2189 1586 2308 1631 κιμοῖ,
2335 1588 2376 1627 &

1327 1630 1501 1672 similibus
1517 1633 1734 1672 nominibus
1753 1632 1991 1680 appellantur.
2019 1632 2169 1671 Deinde
2189 1634 2214 1672 fi
2235 1636 2282 1674 de
2300 1638 2376 1678 hoc

1326 1693 1482 1732 quoque
1502 1684 1665 1729 constet,
1693 1694 1878 1734 quaenam
1910 1683 2006 1720 datio
2025 1683 2086 1721 ista
2107 1684 2261 1724 dicenda
2283 1690 2375 1735 erit,

1323 1744 1396 1782 qua
1417 1742 1519 1773 certo
1546 1734 1665 1773 modo
1687 1763 1699 1780 ‚
1735 1742 1908 1783 certaque
1935 1734 2015 1783 lege
2043 1734 2141 1783 miffa
2166 1735 2374 1778 dabantur?
2427 1776 2429 1779 ,

1324 1784 1461 1835 Neque
1483 1786 1584 1824 enirn
1607 1785 1655 1823 de
1674 1784 1926 1823 orbiculorum
1940 1812 1951 1829 ,
1978 1796 2138 1834 quorum
2160 1787 2272 1826 hodie
2291 1790 2376 1830 usus

1322 1835 1394 1879 est,
1422 1836 1671 1875 collocatione
1690 1835 1842 1884 intelligi
1865 1835 2004 1884 placet,
2033 1847 2118 1874 cum
2143 1837 2188 1875 de
2209 1838 2251 1877 iis
2272 1849 2377 1880 vete·
2405 1838 2408 1845 '

1319 1897 1403 1924 rum
1425 1899 1542 1925 nemo
1564 1887 1803 1931 meminerit,
1830 1897 1989 1936 eamque
2000 1887 2272 1935 expositionem
2286 1893 2374 1930 Me·
2406 1895 2408 1898 ’

1319 1937 1396 1975 rula
1417 1937 1462 1975 de
1490 1939 1555 1977 suo
1585 1938 1714 1976 afferat
1735 1965 1746 1983 ,
1778 1937 1913 1985 absque
1938 1937 2063 1987 aliquo
2091 1948 2233 1978 autore.
2269 1942 2318 1981 Et
2331 1944 2371 1982 in

1318 1986 1481 2026 secundo
1510 1989 1556 2027 de
1587 1990 1679 2027 Arte
1701 2016 1712 2034 ,
1748 1987 1809 2026 ubi
1838 1987 2004 2036 ejusdem
2037 1989 2112 2027 ludi
2139 1992 2283 2030 mentio
2304 1993 2346 2032 fit
2358 2002 2394 2040 ,²

1318 2039 1445 2076 Dandi
1466 2040 1620 2077 verbum
1640 2040 1718 2077 fere
1735 2039 1835 2076 idem
1849 2038 1953 2087 quod
1963 2039 2150 2078 remittere
2160 2047 2270 2091 atque
2281 2055 2373 2083 con-

1318 2089 1473 2134 cedere,
1501 2090 1701 2139 significare
1725 2089 1883 2128 videtur.
1922 2089 2021 2127 Nam
2047 2102 2133 2128 cum
2163 2102 2371 2134 amatorem

1318 2139 1368 2177 ita
1388 2140 1590 2179 institueret
1611 2170 1621 2185 ,
1657 2150 1699 2179 ut
1719 2148 1864 2178 amatae
1890 2139 2189 2186 benevolentiam
2210 2154 2371 2194 quoquo

1318 2190 1438 2229 modo
1448 2191 1512 2229 fibi
1530 2193 1765 2235 conciliaret,
1795 2193 1891 2229 inter
1910 2191 2112 2228 ludendum
2136 2203 2289 2242 quoque
2305 2196 2369 2243 ju-

1316 2240 1377 2279 bet
1390 2250 1430 2279 ut
1447 2241 1508 2280 det
1521 2254 1672 2290 operam
1689 2270 1699 2285 ,
1712 2253 1759 2279 ne
1769 2241 1957 2279 ambitiose
1970 2240 2164 2279 victoriam
2180 2242 2241 2280 fibi
2254 2256 2369 2293 quac.-

1315 2300 1394 2338 rat,
1420 2292 1481 2331 sed
1505 2294 1600 2331 ultro
1628 2293 1770 2330 ludenti
1797 2291 1923 2329 secum
1954 2291 2096 2338 puellae
2124 2292 2220 2330 illam
2242 2297 2370 2335 remit-

1314 2350 1367 2380 tat
1380 2371 1391 2389 ‚
1417 2343 1471 2381 his
1489 2344 1626 2381 verbis:
1665 2343 1702 2380 si
1722 2342 1827 2379 ludat
1846 2355 2070 2392 numerosque
2090 2356 2201 2380 manu
2213 2345 2368 2393 jaffabit

1313 2393 1457 2431 eburnos
1472 2422 1481 2439 ‚
1510 2400 1561 2431 Tu
1581 2392 1672 2432 male
1687 2394 1824 2443 jaffato
1838 2420 1848 2437 ,
1874 2403 1914 2429 tu
1935 2391 2015 2429 bene
2030 2394 2129 2441 jaHa
2151 2395 2245 2433 dato.
2263 2397 2367 2447 quod

1314 2445 1384 2482 est:
1413 2444 1478 2483 Tu
1499 2445 1566 2488 ⁴vel
1596 2445 1691 2482 male
1715 2445 1827 2493 jacias
1850 2472 1860 2488 ‚
1898 2443 1958 2480 vel
1987 2443 2013 2480 fi
2042 2444 2140 2481 forte
2156 2445 2274 2494 jac'tus
2291 2448 2367 2496 ipse

1313 2494 1409 2533 bene
1429 2496 1627 2540 ceciderit,
1654 2507 1742 2533 eum
1776 2494 1826 2532 illi
1859 2495 2047 2537 remittas,
2076 2493 2151 2532 five
2173 2499 2366 2539 concedas.

1315 2547 1414 2584 Nam
1428 2547 1626 2596 quomodo
1645 2547 1728 2584 alias
1747 2545 1827 2582 dari
1839 2545 2366 2600 jaetaintelligamus?Proin1

1314 2597 1360 2635 de
1381 2609 1451 2646 ego
1471 2599 1578 2647 plane
1599 2599 1738 2642 fateor,
1767 2608 1830 2634 me
1850 2599 1948 2634 hunc
1966 2595 2092 2634 locum
2116 2608 2243 2645 parum
2256 2599 2364 2638 intel-

1313 2647 1438 2696 ligere.
1493 2650 1547 2687 Ut
1568 2657 1692 2686 tamen
1714 2646 1851 2697 aliquid
1872 2647 1933 2684 hic
1955 2646 2132 2685 addamus
2153 2676 2164 2692 ,
2190 2650 2292 2698 quod
2310 2650 2366 2697 le-,

1316 2698 1458 2737 &torem
1476 2700 1610 2748 juvet,
1637 2698 1851 2740 sciendum,
1879 2709 1965 2736 curn
1986 2695 2193 2736 tesserarum
2217 2701 2370 2748 ludum,

1317 2749 1379 2797 qui
1401 2750 1557 2797 plurium
1581 2750 1806 2798 punctorum
1836 2748 1910 2786 five
1940 2749 2122 2786 unitatum
2141 2749 2284 2799 jafium
2308 2753 2363 2791 vi·

1317 2799 1415 2838 ciffet
1430 2800 1660 2850 ,depositum
1681 2799 2183 2844 auferebataastecssmivee
2205 2801 2364 2849 παίζειν,

1314 2851 1512 2900 antiquitus
1534 2854 1571 2889 &
1591 2852 1733 2889 Graece
1764 2851 1902 2888 vocari.
1931 2857 2039 2886 autor
2061 2850 2190 2888 Pollux
2210 2852 2303 2890 libro
2326 2865 2364 2902 9.

1313 2901 1491 2940 MICYLL.
1536 2903 1662 2940 Locus
1684 2901 1848 2939 difficilis.
1883 2899 1944 2937 sed
1963 2900 2119 2948 suspicor
2139 2902 2199 2940 hic
2228 2902 2364 2952 aliquid

1312 2951 1424 2989 latere
1464 2952 1509 2990 de
1545 2952 1719 2990 turricula
1746 2951 1806 2988 vel
1840 2962 1957 2998 pyrgo
1976 2978 1986 2994 ,
2024 2952 2060 2988 in
2096 2961 2209 3000 quem
2240 2954 2363 2992 mitte·

1313 3001 1441 3039 bantur
1461 3001 1622 3040 tesserae.
1649 3003 1769 3045 forte,
1802 3010 1970 3051 pyr-gozgue
1993 3011 2104 3038 rotato
2130 3003 2265 3040 mittere
2286 3005 2362 3045 &c.

1313 3060 1354 3089 ut
1373 3051 1414 3089 fit
1434 3051 1550 3089 sensus
1572 3049 1735 3089 docuisse
1765 3053 1946 3099 quosdam
1976 3062 2052 3099 quo
2073 3053 2190 3090 modo
2213 3054 2363 3099 deceat,

1312 3110 1434 3139 rotato
1467 3102 1593 3139 fritillo
1626 3103 1676 3140 ita
1697 3103 1845 3139 mittere
1871 3100 2014 3138 tesseras
2034 3128 2045 3144 ,
2073 3110 2113 3138 ut
2142 3103 2228 3140 felix
2244 3104 2362 3154 ja6⁷tus

1313 3153 1460 3190 eveniat
1474 3179 1483 3192 ‚
1506 3153 1543 3189 δε
1557 3164 1641 3190 cum
1662 3163 1703 3190 tu
1726 3151 1863 3190 miseris
1877 3178 1886 3193 ,
1899 3161 1974 3198 quo
1997 3151 2115 3188 modo
2129 3151 2269 3191 tesseras
2288 3155 2362 3195 illas

1313 3202 1398 3240 dare
1419 3202 1587 3240 collusori
1620 3203 1751 3240 debeas
1774 3229 1785 3246 ‚
1819 3209 1859 3238 ut
1879 3201 1938 3237 ille
1968 3201 2157 3240 infelicem
2186 3205 2364 3254 faciatja-

1313 3253 1426 3292 etum.
1455 3253 1551 3290 Nam
1578 3254 1615 3290 ὅτ
1629 3254 1703 3290 hoc
1724 3251 1946 3289 fraudulenti
1965 3251 2140 3291 aleatores
2162 3254 2275 3292 hodie
2296 3255 2366 3295 cat-

1310 3304 1415 3352 lent,
1441 3312 1481 3344 ut
1512 3304 1605 3343 aleas
1636 3303 1715 3351 illi,
1739 3303 1804 3353 qui
1830 3302 1954 3352 jacere
1985 3302 2119 3352 debet,
2146 3305 2195 3343 ita
2223 3304 2310 3342 dent
2328 3306 2366 3345 in

2212 3365 2368 3404 manus,
