2495 3675
749 153 810 210 P.
886 118 1306 211 oV1D11

1382 152 1914 220 NASONIS

541 252 668 311 Hos
693 267 753 310 tu
779 256 862 310 vel
887 256 1087 328 fugiam,
1125 259 1239 317 vel,
1264 254 1301 308 fi
1323 255 1438 308 satis
1464 255 1570 309 oris
1595 255 1839 325 habebis,

620 328 935 400 Oedipodas
958 329 1122 383 facito
1146 329 1571 400 Telegonosque
1597 347 1775 385 voceS.

405 418 501 469 115
541 400 740 472 Deque
767 401 969 465 tribus,
1008 419 1240 464 rnone0,
1280 402 1315 454 1i
1348 418 1483 472 quae
1511 402 1607 455 tibi
1632 421 1757 456 cura
1785 409 2048 476 parentiS,

621 471 705 529 Ne
731 491 1056 546 quemquam
1073 512 1086 536 ,
1126 474 1364 545 quamvis
1390 473 1497 545 ipse
1523 474 1770 539 docebit,
1809 496 1966 534 ames,

555 549 689 604 Sunt
715 564 935 618 quoque
963 554 1197 600 mutatae
1224 560 1305 600 ter
1330 549 1571 619 quinque
1595 550 1869 606 volumina
1896 553 2131 618 formae,

626 621 811 690 Nuper
839 618 902 671 ab
927 618 1187 691 exsequiis
1211 620 1442 673 carmina
1466 635 1612 692 rapta
1639 622 1796 677 meis:

550 694 657 751 His
683 690 882 745 mando
912 691 1083 754 dicaS,
1118 692 1257 754 inter
1285 706 1484 746 mutata
1509 694 1694 748 referri

412 786 512 822 120

262 1031 378 1083 rena]
408 1027 652 1081 Tanaquillus
673 1027 787 1066 Faber
807 1027 852 1067 ad
875 1031 1039 1070 Lucretii
1061 1030 1193 1070 librum
1207 1042 1312 1082 quar-

263 1094 343 1122 tum
364 1095 444 1134 pag.
465 1094 552 1131 499.
581 1080 841 1130 corrigendum
864 1083 1005 1121 censet:

314 1155 408 1194 Hos,
438 1148 520 1199 qui,
547 1145 636 1197 quod
658 1158 754 1182 nemo
772 1145 875 1195 nescit
889 1174 900 1192 ,
926 1160 1046 1184 amare
1068 1147 1199 1186 docent.

263 1203 414 1243 Heius.
443 1204 588 1242 Placeat
607 1205 684 1253 ejus
705 1203 871 1246 auribus,
900 1205 1041 1242 nostrae
1054 1207 1168 1255 magis
1192 1207 1316 1256 vulga-

264 1255 302 1294 ta
320 1258 525 1305 capiuntur.
543 1263 727 1303 praeterea
748 1254 963 1293 sententiam
983 1257 1077 1294 hanc
1093 1257 1223 1295 Ovidii
1245 1256 1316 1295 effe

264 1315 369 1356 putat
388 1321 400 1350 ;
439 1306 503 1355 qui
524 1306 661 1344 docent
680 1315 803 1344 amare
822 1334 832 1351 ,
869 1307 971 1356 quod
1001 1308 1123 1346 cuncti
1145 1308 1220 1346 fine
1239 1320 1319 1346 ma-

262 1357 457 1406 gistrorum
490 1367 603 1405 opera
632 1365 831 1394 noverunt.
874 1357 976 1407 quod
1004 1369 1081 1396 non
1114 1368 1217 1407 puto.
1252 1358 1313 1397 sed

263 1407 479 1446 dehortatur
499 1407 632 1446 librum
662 1407 766 1444 suum
790 1435 801 1452 ,
840 1417 881 1446 ut
913 1409 1031 1458 fugiat
1061 1410 1187 1447 fratres
1207 1410 1313 1456 suos,

263 1470 335 1496 nec
354 1458 457 1503 illos,
485 1459 573 1507 qui,
592 1466 633 1496 ut
655 1469 786 1495 omnes
815 1469 976 1505 norunt,
1003 1472 1125 1498 amare
1153 1460 1315 1506 docent,

265 1517 368 1547 amet
392 1537 403 1554 ,
441 1518 482 1547 ut
510 1521 601 1546 mox
622 1510 778 1558 apertius
796 1508 964 1548 declarat.
1000 1511 1113 1549 haesit
1142 1512 1255 1550 Faber
1278 1514 1315 1550 in

266 1560 403 1598 vocula
421 1560 480 1598 illa
501 1573 642 1610 quoque.
662 1559 762 1609 quasi
781 1559 932 1599 inferret
953 1562 1064 1599 etiam
1086 1563 1176 1600 alios
1200 1573 1316 1601 artem

268 1611 419 1649 amandi
451 1612 598 1649 docere.
643 1612 680 1648 in
719 1622 797 1648 uno
826 1611 967 1650 Moreti
999 1622 1074 1650 erat
1096 1642 1105 1657 ‚
1149 1614 1197 1650 Hi
1227 1626 1318 1659 tres,

267 1663 361 1710 quod
371 1674 444 1701 cuc.
471 1663 507 1699 in
529 1662 669 1705 Servii,
683 1661 730 1697 Hi
748 1662 822 1709 qus',
841 1663 944 1711 quod
965 1663 1068 1701 Fabri
1088 1664 1321 1703 emendatio-

265 1714 304 1750 ni
325 1714 451 1751 favere
470 1711 599 1760 posset.
627 1714 724 1749 forte
745 1713 919 1761 scripserit
943 1714 1067 1752 Naso:

325 1773 391 1812 Hic
406 1774 482 1822 (vel
495 1772 562 1822 fic)
583 1787 733 1824 quoque,
761 1775 853 1823 quod
869 1790 965 1814 nemo
987 1778 1090 1826 nescit
1103 1792 1244 1824 ,amare
1260 1779 1318 1816 do-

451 1835 539 1863 cent.

268 1884 356 1924 licet
374 1885 519 1922 latitent
542 1884 689 1924 obscura
708 1894 833 1935 parte,
858 1888 896 1926 &
914 1888 1028 1926 velint
1056 1891 1227 1928 notitiam
1250 1890 1319 1929 ho-

268 1936 414 1974 minurn
435 1934 595 1984 effugere
608 1964 617 1980 ,
641 1946 766 1975 tamen
784 1950 916 1977 omnes
935 1950 1072 1978 norunt
1091 1942 1169 1979 illos
1182 1942 1318 1980 docere

267 1997 385 2026 artem
405 1987 654 2032 miratoriam,
679 1989 766 2037 quia
790 1990 894 2027 fuere
925 1990 1038 2028 causta
1069 1992 1184 2029 exsilii
1217 1994 1315 2038 mei,

269 2050 365 2088 quae
386 2038 560 2076 omnibus
582 2048 670 2076 nota
702 2038 761 2076 est.
797 2039 842 2077 de
875 2041 942 2079 illis
968 2042 1148 2090 particulis
1162 2040 1212 2091 fic
1232 2058 1317 2092 quo·

270 2102 336 2138 que
354 2088 428 2127 vid.
450 2088 494 2126 ad
522 2102 586 2126 111.
603 2091 685 2127 Art.
705 2091 790 2138 265.
818 2091 878 2129 ubi
895 2090 946 2139 fic
977 2094 1014 2130 &
1033 2092 1107 2138 hic,
1136 2093 1226 2130 hanc
1246 2095 1319 2133 ἃς.

271 2141 498 2179 commutari
519 2139 725 2178 docuimus.
753 2140 886 2179 Buam.

327 2219 412 2257 113.
439 2214 507 2244 Hos
528 2206 605 2256 tu.]
636 2207 768 2251 Malo,
795 2221 887 2258 quos.
917 2208 1063 2247 Herus.

325 2278 406 2310 114.
433 2265 676 2315 Telegonasque
695 2269 832 2319 voces]
873 2269 1015 2307 Similes
1037 2270 1251 2319 Telegoni,
1277 2284 1320 2310 ac

272 2328 337 2366 per
366 2319 440 2354 hoc
471 2320 671 2364 patricidas.
728 2320 946 2369 Telegonus
977 2330 1099 2358 autem
1130 2324 1251 2361 Ulixis
1274 2335 1320 2361 ex

273 2369 381 2406 Circe
403 2367 494 2405 filius
517 2370 610 2415 fuit,
637 2371 701 2419 qui
732 2382 817 2408 cum
852 2370 1090 2415 adoleviffet,
1118 2374 1156 2410 &
1176 2383 1319 2422 patrem

273 2418 413 2456 visendi
434 2430 475 2456 ac
497 2421 743 2468 cognoscendi
764 2422 859 2459 miro
886 2421 1003 2459 studio
1022 2421 1109 2461 effer
1128 2424 1295 2462 accensus
1309 2452 1320 2469 ,

274 2469 462 2513 Ithacam,
490 2482 567 2519 quo
591 2472 650 2509 ille
666 2473 744 2521 jam
776 2481 995 2515 reverterat,
1025 2483 1173 2521 petens,
1202 2474 1222 2512 a
1243 2488 1321 2512 rna-

274 2528 328 2558 tre
348 2521 513 2569 jaculum
530 2548 540 2566 ‚
566 2523 603 2559 in
625 2535 700 2571 quo
721 2524 924 2561 Pastinacae
945 2526 1106 2562 marinae
1130 2525 1229 2573 spina
1248 2526 1322 2564 fixa

274 2579 384 2615 erat,
420 2583 467 2609 ne
503 2572 653 2611 inermis
683 2573 989 2621 proficisceretur,
1017 2577 1168 2624 accepit.
1222 2577 1320 2615 Cum

276 2632 366 2658 vero
392 2622 552 2660 Ithacam
584 2624 801 2671 pervenill‘et
822 2652 832 2667 ‚
868 2625 991 2674 ibique
1013 2626 1063 2663 sui
1087 2628 1192 2674 patris
1210 2639 1324 2675 pecu-

278 2670 365 2707 dum
391 2673 560 2719 praedam
593 2675 750 2719 faceret,
780 2676 955 2719 Ulixem,
979 2677 1042 2723 qui
1072 2676 1119 2713 co
1147 2680 1324 2722 accurrit,

279 2721 504 2760 utdamnum
523 2734 704 2773 repararet
718 2753 728 2768 ‚
755 2725 818 2762 illo
836 2725 961 2773 jaculo
981 2726 1110 2763 inscius
1130 2727 1326 2766 interfecit.

279 2771 368 2807 Hoc
391 2773 438 2808 ita
459 2784 577 2812 narrat
605 2775 816 2813 Scholialles
847 2777 1005 2813 Homeri
1027 2777 1062 2813 in
1088 2776 1250 2826 Odyssea
1272 2784 1320 2816 A.

281 2821 399 2858 Aliter
429 2823 632 2864 Eustatliius
661 2826 797 2864 ibidem
821 2853 831 2869 ‚
869 2827 932 2875 qui
955 2827 1170 2874 Oppianum
1194 2828 1325 2866 aueto-

281 2872 519 2916 remlaudat;
551 2877 651 2924 cujus
681 2877 840 2914 carmina
871 2878 1069 2915 Latinitate
1099 2879 1232 2917 donata
1260 2880 1324 2919 hic

282 2934 421 2968 ponere
452 2935 528 2960 non
557 2937 617 2962 me
648 2927 792 2970 taedet3
824 2940 965 2977 eaque,
992 2939 1030 2966 ut
1052 2941 1106 2967 res
1129 2933 1247 2980 magis
1269 2933 1323 2969 in-

280 2972 484 3020 telligatur,
513 2985 556 3010 ex
578 2976 651 3013 alto
671 2987 855 3026 repetam:

334 3037 503 3084 Nascitur
522 3051 676 3077 extrema
699 3044 808 3080 cauda
827 3046 1032 3092 penetrabile
1053 3047 1162 3085 telum

335 3088 503 3134 Z'rygontss
524 3093 612 3137 sunt
635 3092 698 3127 telo
715 3093 806 3130 vires
819 3122 828 3137 ‚
856 3106 1052 3145 tetrumque
1071 3112 1243 3137 venenum
1258 3116 1269 3137 :

337 3143 419 3175 Non
449 3139 577 3176 vivum
613 3142 804 3193 quidquam

452 3200 663 3238 peremptum

333 3245 497 3288 Trygones
512 3270 521 3285 ,
550 3244 734 3291 Gladiique
756 3256 885 3282 vorant
899 3275 908 3291 ‚
938 3248 975 3283 ni
991 3247 1118 3297 spicula
1136 3250 1248 3298 figant

330 3296 476 3339 Antea,
500 3302 664 3343 purpureo
687 3295 889 3349 lanientque
912 3297 1085 3338 cadavera
1103 3302 1181 3341 telo.

829 3172 839 3189 ‚
887 3159 953 3182 non
982 3147 1177 3197 quidquam
1217 3161 1326 3190 morte

624 765 894 820 Fortunae
923 767 1128 819 vultum
1155 782 1380 837 corpora
1408 766 1553 839 posse
1579 785 1744 823 meae,

2251 899 2412 958 Nam-
2484 934 2485 937 ¹

1420 1037 1513 1069 Cum
1536 1032 1658 1072 Gladii
1670 1035 1798 1083 gelidos
1816 1036 1968 1087 diffiilvit
1981 1039 2122 1088 spiritus
2140 1050 2262 1087 artus,

1419 1088 1612 1134 Corruptus
1624 1086 1741 1134 subito
1763 1088 1901 1137 languet
1922 1091 2129 1139 sortiffimus
2148 1091 2231 1142 enfis
2244 1120 2253 1135 ‚

1423 1140 1516 1171 Cum
1537 1136 1673 1173 domino
1691 1147 1832 1186 pereunt
1859 1140 1973 1186 vires,
2001 1143 2175 1193 telumque
2200 1143 2418 1194 relinquuntss

1422 1185 1490 1221 Nil
1508 1197 1583 1222 tam
1600 1188 1792 1235 pestiferum
1807 1218 1816 1234 ,
1835 1191 1942 1236 saevo
1961 1192 2014 1229 nil
2033 1194 2177 1231 vulnere
2196 1196 2334 1244 majus,

1425 1237 1588 1284 Trygonis
1607 1251 1830 1288 quaecunque
1851 1242 1925 1278 viri
1947 1245 2126 1281 mavortia
2145 1246 2215 1283 tela

1423 1291 1511 1322 Sunt
1527 1288 1727 1335 fabrefacla
1749 1304 1860 1328 manu
1874 1320 1884 1336 ,
1913 1293 1971 1329 vel
1989 1294 2080 1332 dura
2095 1297 2219 1333 incude
2233 1297 2344 1345 polita

1426 1337 1581 1385 ⁴Spicula,
1609 1353 1698 1388 quae
1718 1339 1743 1377 ὰ
1763 1341 1867 1389 Persis
1888 1343 1982 1391 nigro
1993 1345 2080 1393 sunt
2101 1347 2212 1384 tinbla
2229 1362 2383 1386 veneno:

1425 1393 1499 1424 Nec
1519 1389 1757 1436 talessaciunt
1777 1392 1898 1441 plagas
1912 1421 1922 1438 ,
1951 1407 2010 1431 nec
2029 1396 2178 1435 vulnera
2204 1409 2310 1435 tanta
2324 1427 2334 1443 ,

1426 1440 1589 1487 Trygonis
1607 1441 1715 1478 vivae
1732 1454 1908 1491 quantum
1930 1445 1973 1490 est
1992 1445 2163 1485 horrenda
2183 1449 2333 1498 sagitta.

1424 1492 1480 1536 1:st
1507 1491 1599 1527 nobis
1616 1492 1739 1528 audire
1760 1495 1886 1539 timor,
1913 1495 1972 1532 vel
1993 1497 2100 1534 dicere
2119 1500 2232 1545 versu.

1425 1540 1620 1578 Indomitas
1631 1544 1754 1589 servat
1772 1545 1866 1582 vires
1887 1550 2036 1595 Trygone
2052 1557 2224 1599 perempta
2239 1578 2249 1594 ‚

1429 1592 1677 1642 Invidiamque
1696 1605 1787 1631 tenet
1807 1595 1909 1632 robur
1922 1625 1932 1641 ‚
1962 1611 2030 1635 non
2049 1610 2182 1650 corpora
2195 1602 2312 1651 solum

1425 1643 1593 1680 Mortalis
1615 1645 1703 1692 capit
1723 1645 1785 1690 ista
1807 1646 1897 1691 lues,
1922 1648 1981 1695 sed
1995 1650 2088 1697 saxa
2107 1653 2252 1700 peredit.

1425 1697 1472 1729 Et
1493 1694 1623 1731 virides
1644 1695 1753 1732 laedit
1773 1709 1909 1741 ramos,
1931 1697 1966 1746 fi
1980 1702 2170 1740 comminus
2187 1704 2266 1741 illos

1426 1749 1464 1781 A
1469 1745 1600 1792 ttigerit
1614 1773 1624 1789 ,
1647 1755 1792 1795 pereunt
1806 1748 1951 1798 plantae
1978 1752 2136 1800 ramique
2156 1755 2308 1795 virentes
2320 1785 2337 1804 „

1427 1796 1604 1832 Gramina
1631 1811 1710 1833 vere
1732 1811 1820 1834 novo
1837 1802 1995 1837 contarfla
2014 1801 2090 1839 labe
2106 1817 2297 1852 necantur,

1429 1845 1645 1897 Arboreique
1661 1847 1792 1885 cadunt
1823 1853 2008 1889 auctumni
2027 1863 2172 1903 tempore
2180 1858 2296 1904 foetus
2307 1886 2319 1903 ,

1429 1898 1464 1934 Si
1485 1897 1590 1933 radix
1604 1900 1712 1946 saevo
1732 1900 1843 1945 fuerit
1861 1915 2020 1939 mucrone
2040 1916 2186 1945 notata:

1426 1952 1481 1984 At
1498 1949 1607 1996 primo
1628 1950 1758 1987 virides
1776 1950 1946 1989 labuntur
1965 1954 2074 2003 stipite
2082 1957 2227 2003 frondes
2240 1987 2250 2004 ,

1423 1999 1579 2035 siccatur
1598 2010 1763 2045 truncus,
1789 2001 1872 2050 fluit
1889 2014 1933 2043 (φ
1952 2006 2050 2043 velut
2070 2020 2171 2057 aegra
2191 2010 2338 2060 labascit

1426 2049 1566 2093 Arbor,
1597 2053 1744 2099 corrupti
1765 2052 1932 2102 languent
1954 2069 2031 2092 cum
2054 2059 2168 2096 robore
2183 2063 2288 2101 rami.

1427 2106 1468 2136 In
1481 2101 1597 2148 jaculo
1620 2113 1733 2139 mater
1753 2103 1904 2142 donavit
1925 2107 2090 2144 Daedala
2113 2110 2212 2148 Circe

1429 2151 1587 2200 Telegono
1608 2164 1690 2189 nato
1710 2154 1818 2191 telum
1833 2183 1843 2199 ‚
1872 2166 1911 2192 ut
1928 2157 2146 2204 prosterneret
2164 2161 2278 2208 hostes.

1427 2202 1494 2238 Hic
1512 2202 1653 2239 Ithacae
1671 2204 1828 2252 appulsus
1846 2207 1966 2254 magni
1986 2209 2147 2255 genitoris
2166 2211 2278 2261 abegit

1428 2258 1608 2290 Armenta
1620 2281 1629 2295 ,
1659 2266 1702 2293 (φ
1722 2254 1857 2292 clarum
1876 2255 1955 2293 belli
1973 2257 2110 2296 virtute
2125 2270 2306 2309 parentem

1428 2303 1572 2350 Letifera
1592 2304 1755 2341 incautus
1773 2305 1865 2355 misit
1884 2320 2045 2345 mucrone
2056 2310 2122 2358 sub
2140 2318 2292 2353 Orcum:

1429 2354 1549 2401 (Hunc
1567 2368 1732 2405 quaerens
1753 2355 1894 2394 Ithacae
1914 2358 2084 2405 lustrabat
2100 2363 2224 2411 pascua
2245 2366 2354 2418 laeta)

1429 2405 1615 2452 Emensum
1638 2417 1731 2444 terra
1746 2435 1755 2449 ,
1782 2418 1825 2447 (φ’
1844 2408 1941 2446 mille
1955 2411 2106 2458 pericula
2118 2417 2216 2461 ponti
2229 2445 2240 2462 ,

1429 2461 1474 2493 Et
1489 2456 1619 2504 paffitm
1640 2457 1743 2495 duros
1762 2457 1857 2507 longo
1873 2461 1934 2506 sub
1955 2467 2072 2498 Marte
2093 2463 2222 2503 labores
2236 2495 2248 2513 ‚

1428 2511 1473 2543 Et
1494 2507 1609 2544 multa
1634 2517 1811 2559 expertum
1832 2511 1956 2559 Trigon
1979 2515 2152 2551 maiflavit
2175 2517 2308 2557 Ulixem
2321 2537 2333 2566 ;

1428 2563 1551 2607 Atque
1572 2559 1692 2596 ducem
1705 2559 1776 2608 fhlo
1790 2560 1979 2609 prostravit
1999 2563 2144 2602 vulnere
2165 2578 2320 2608 tantum.

1379 2621 1525 2671 Quibus
1554 2633 1600 2658 ex
1629 2621 1720 2659 locis
1759 2621 1935 2660 distichon
1979 2625 2065 2663 illud
2098 2637 2143 2665 ex
2183 2630 2457 2673 eruditiffimo'

1380 2675 1580 2719 poemate,
1609 2672 1711 2721 quod
1731 2671 1802 2711 Ibis
1815 2673 2039 2722 inscribitur,
2065 2675 2123 2718 221ss
2141 2680 2221 2727 567.
2247 2682 2428 2724 facillime*

1379 2722 1599 2770 intelligetur
1613 2735 1622 2760 ι

1433 2785 1560 2835 Offibus
1580 2789 1685 2840 inque
1700 2791 1768 2827 tuis
1788 2792 1849 2829 teli
1861 2805 1968 2840 genus
1987 2792 2125 2832 haereat
2145 2797 2258 2846 illud,

1483 2839 1652 2877 Traditur
1674 2842 1779 2878 Icarii
1799 2856 1863 2890 quo
1891 2843 2034 2890 cecidisse
2051 2859 2164 2894 gener.

1381 2903 1526 2941 Vulnus
1542 2912 1668 2942 autem
1697 2916 1742 2941 ex
1770 2903 1935 2952 ejusdem
1963 2906 2168 2949 Pastinacae
2189 2914 2319 2953 aculeo
2346 2922 2426 2957 me·-v

1379 2954 1538 2991 dicinam
1564 2955 1698 2991 nullam
1715 2982 1726 2998 ‚
1753 2964 1894 3001 praeter·
1913 2956 2066 2996 Achillis
2088 2961 2221 3000 hastam
2244 2971 2423 3014 reperire,

1380 3004 1440 3041 lib.
1463 3016 1489 3041 1.
1508 3016 1586 3052 cap.
1604 3004 1658 3050 58.
1683 3003 1729 3040 de
1744 3006 1972 3043 Animalium
1997 3008 2088 3046 Hist.
2106 3012 2224 3051 scribit
2245 3015 2424 3057 AEli’anus.

1381 3055 1503 3102 Hujus
1533 3055 1644 3091 etiam
1670 3053 1881 3102 Telegoni,
1910 3057 1995 3105 qui,
2021 3059 2217 3100 interfeero
2241 3077 2361 3113 patre,
2388 3070 2424 3107 in

1382 3105 1523 3142 Italiam
1544 3104 1704 3141 reversus
1728 3105 1933 3143 Tusculum
1956 3110 2142 3155 condidit,
2174 3119 2346 3156 meminit
2370 3120 2425 3157 O-

1381 3156 1498 3194 vidius
1528 3154 1600 3203 ipse
1632 3155 1696 3193 lib.
1719 3168 1772 3192 xv.
1801 3155 1888 3193 Fast.
1915 3157 1977 3194 sub
2007 3161 2223 3210 principium
2247 3194 2257 3210 ,
2297 3171 2334 3206 ὃς
2365 3170 2426 3209 lib.

1382 3218 1445 3244 ιιι,
1492 3205 1539 3242 de
1573 3205 1694 3243 Ponto
1722 3206 1846 3254 Elegia
1879 3219 1906 3244 1.
1942 3206 2003 3245 ubi
2024 3212 2073 3249 ita
2095 3215 2143 3251 est
2171 3215 2217 3254 de
2248 3218 2355 3258 Circe
2372 3220 2428 3258 lo·

1417 3267 1525 3295 uens:

1388 3270 1413 3309 q
1442 3305 1639 3356 Zelegonive
1656 3314 1779 3355 parens
1797 3310 1976 3348 vertendis
1995 3323 2082 3351 nata
2098 3314 2232 3366 figuris.

2348 3369 2434 3418 Me·¹
