2495 3675
445 129 1008 233 EPISTOLARUM
1045 166 1154 226 Ex
1191 164 1479 224 ΡοΝΤα
1515 164 1637 224 Lm.
1673 167 1733 225 11.
1773 169 1952 233 Emer.
1991 176 2028 232 ι.

446 270 628 326 Indice
654 285 708 325 te
734 269 934 329 didici,
972 283 1144 338 nuper
1176 264 1391 320 visenda
1420 258 1582 344 coissJe

504 345 810 399 Innumeras
833 354 1018 412 gentes
1043 340 1110 393 ad
1136 339 1309 394 Ducis
1346 354 1439 391 ora
1476 336 1567 390 sul.

432 418 696 491 Quaeque
722 416 862 485 capit
893 411 1038 468 vastis
1065 411 1381 465 immensum
1408 406 1687 464 moenibus
1713 411 1899 467 orbem
1916 451 1933 476 ‚

505 489 770 562 Holpitiis
797 487 1030 540 Romam
1058 482 1147 537 vix
1169 483 1400 537 habuilse
1429 485 1622 538 locum.

431 561 525 617 Tu
550 564 681 617 mihi
706 556 949 619 narrasti,
988 572 1112 609 cum
1140 555 1317 609 multis
1344 556 1545 609 lucibus
1569 567 1691 611 ante

2203 193 2300 248 751

287 578 355 628 25

498 634 721 690 Fuderit
748 630 986 685 adfiduas
1011 627 1220 682 nubilus
1249 629 1443 681 Auster
1471 645 1658 699 aquaS,

424 705 661 763 Lumine
685 702 895 760 coelesti
924 702 1101 756 Solem
1129 699 1314 753 fulsisse
1341 701 1614 761 serenum,

490 780 633 835 Cum
660 774 841 852 populi
868 776 1018 829 vultu
1047 772 1405 827 conveniente
1434 773 1538 827 die.

418 852 606 925 Atque
633 855 703 905 ita
729 849 1018 908 νὶἇὶοῑεῐῐι,
1053 864 1179 899 cum
1206 863 1400 916 magno
1428 847 1573 900 vocis
1599 845 1833 910 honore,

275 942 342 987 30

493 925 691 979 Bellica
719 919 938 976 laudatis
965 919 1106 972 dona
1133 918 1336 972 dedisse
1365 920 1515 973 viris:

417 997 681 1070 Claraque
708 996 1003 1048 sumturum
1032 989 1194 1064 picias
1221 990 1436 1061 insignia
1462 992 1658 1056 vesteS,

491 1069 643 1124 Tura
673 1069 815 1140 prius
844 1064 1026 1120 sanffls
1053 1063 1354 1136 imposuiss'e
1379 1065 1539 1119 focis:

409 1141 785 1214 Justitiamque
809 1141 884 1195 sui
913 1139 1048 1192 caste
1074 1135 1292 1209 placasse
1320 1137 1590 1200 Parentis;
1634 1164 1636 1167 ·

488 1216 581 1270 Illo
608 1233 741 1288 quae
769 1213 1028 1283 templum
1059 1209 1277 1280 pefiore
1305 1210 1509 1281 semper
1537 1210 1707 1265 habet.

273 1307 337 1356 35
414 1290 648 1363 Quique
675 1288 826 1349 ierit,
863 1283 1277 1352 felixadjefium
1304 1283 1562 1354 plausibus
1586 1301 1778 1351 omen;

489 1362 729 1434 Saxaque
758 1359 945 1415 roratis
969 1356 1230 1411 erubuisse
1256 1354 1399 1411 tofis,

2131 1487 2263 1544 Pro-

115 1623 162 1662 ad
180 1622 335 1661 Petron.
356 1635 442 1663 cxi.
469 1625 508 1663 &
529 1623 575 1662 ad
595 1623 656 1661 lib.
680 1635 707 1660 1.
734 1621 892 1660 Metam..
917 1633 1001 1660 100.
1031 1623 1070 1661 δε
1100 1623 1167 1661 inf.
1225 1631 1283 1669 37.
1313 1618 1487 1668 Iliensibus
1523 1618 1561 1656 in
1586 1620 1681 1657 omni
1710 1633 1824 1659 rerum
1851 1622 2102 1674 verborumque
2136 1623 2262 1663 honore

116 1686 181 1712 ιιι.
203 1686 256 1712 1v.
277 1685 338 1720 27.
364 1687 434 1713 nec
451 1685 576 1713 tamen
599 1673 706 1712 facile
728 1673 855 1711 mentis
873 1672 1030 1722 repudio
1050 1703 1060 1719 ,
1080 1675 1165 1724 quia
1220 1671 1282 1709 abs
1296 1674 1330 1718 se
1347 1670 1504 1708 oriundos
1519 1676 1685 1707 Romanos
1699 1673 1976 1718 praeferentibus.
1992 1675 2086 1722 apud
2098 1676 2259 1715 eundem

113 1725 246 1773 gaudia
270 1734 404 1783 mente·
422 1726 688 1775 percipiuntur.
723 1725 773 1762 ita
793 1737 861 1763 111.
892 1725 982 1762 Am.
1001 1736 1074 1763 vu.
1101 1723 1166 1773 63.

117 1777 228 1813 tacita
240 1776 403 1821 formavi
418 1777 550 1825 gaudia
572 1786 696 1813 mente.
721 1775 854 1814 Burin.

166 1836 229 1914 ιζ.
257 1826 321 1863 Ad
340 1826 475 1879 ducis.]
515 1827 583 1864 Sub
602 1827 698 1864 ducis
719 1825 821 1865 Bafil.
843 1827 880 1865 &
901 1826 1038 1864 Barthii
1054 1853 1065 1871 ,
1092 1825 1156 1875 qui

119 1888 187 1926 pro
215 1885 262 1915 at.

163 1939 226 1976 23.
253 1930 419 1980 Quaeque
436 1930 527 1979 capit
547 1928 669 1979 latis.]
724 1929 768 1966 In
798 1927 927 1966 iisdem
949 1927 1044 1966 libris
1064 1927 1159 1965 anti-

110 1979 193 2026 quis
208 2006 218 2022 ,
244 1979 364 2025 vastis.
391 1981 561 2019 ConAu.
616 1980 689 2018 Pro
712 1978 913 2023 moenibus,
940 1977 1076 2015 viribus
1094 1978 1157 2023 Ju-

114 2029 212 2066 nian.
234 2043 322 2080 quae
342 2032 430 2080 capit
448 2032 486 2068 in
509 2033 544 2068 Ρ.
568 2030 667 2068 Dan.

161 2091 221 2124 24.
250 2080 449 2131 mavinia]
488 2080 631 2129 Hospitii
650 2081 802 2119 Putean.
826 2080 865 2117 δε
885 2078 960 2116 duo
979 2078 1052 2115 alii.
1080 2083 1151 2113 Ha-

107 2128 255 2178 spitibus
274 2131 425 2179 septem.

159 2191 221 2227 25.
250 2181 434 2231 Lucibus.]
465 2181 623 2219 Flatibus
633 2183 784 2220 Putean.
805 2182 844 2218 &
861 2178 1027 2217 Combii.
1043 2190 1150 2222 mox,

108 2230 280 2267 Funderet
303 2231 417 2269 Servii
441 2233 479 2269 &
508 2233 629 2270 Patav.
654 2229 801 2268 nubibus
833 2231 945 2269 etiam
973 2228 1080 2266 Leid.
1110 2229 1149 2266 ὅ(

107 2281 275 2330 quinque
294 2281 366 2320 alii.
391 2283 429 2320 &
455 2281 570 2320 editio
592 2281 728 2320 Bersm.

161 2354 222 2389 27.
252 2346 408 2382 Numine
428 2344 549 2390 coelesti
569 2344 677 2381 Solem
688 2341 814 2392 fulsiffe
827 2340 1030 2391 serenum]
1071 2341 1146 2378 Ur-

102 2391 174 2430 fini
192 2394 306 2438 liber,
333 2395 462 2444 luxiJJe.
493 2396 660 2432 Cxomu.
701 2394 846 2430 Lumine
862 2405 907 2430 ex
930 2393 1041 2430 tribus
1063 2391 1145 2430 scri-

107 2444 188 2492 ptis.
216 2445 362 2482 Heius.
394 2445 546 2482 Numine
567 2444 686 2491 coelesti
708 2444 825 2480 lumen
839 2443 974 2492 fluxisse
994 2442 1145 2480 P.Dan.

107 2495 230 2540 forte,
257 2496 378 2533 limine
398 2496 541 2540 coelesti,
573 2503 611 2533 ut
633 2494 763 2532 millies
791 2494 836 2531 de
862 2503 948 2532 ortu
976 2492 1058 2530 solis
1075 2493 1145 2531 hac

106 2555 203 2584 voce
231 2554 401 2589 utuntur,
431 2558 525 2595 quae
546 2545 648 2595 saepe
670 2557 756 2583 cum
785 2544 917 2582 lumine
935 2552 1145 2582 commuta-

107 2603 187 2641 tur,
208 2605 248 2635 ut
271 2610 283 2633 1
300 2599 393 2634 Met.
415 2599 546 2643 767.&
569 2609 614 2633 11.
634 2598 770 2643 Met.4.
796 2595 870 2633 vid.
887 2595 933 2633 ad
955 2608 997 2632 11.
1012 2595 1144 2632 Amor.

106 2657 160 2684 vi.
185 2659 214 2684 r.
243 2649 451 2697 conjecerat
472 2649 509 2685 &
531 2647 703 2684 Heinfius
721 2676 732 2690 ,
764 2660 904 2684 munere
933 2645 1066 2683 coelesii.
1089 2645 1143 2682 lu·

107 2697 188 2746 xtffe
206 2700 316 2737 etiarn
347 2700 482 2748 Regius
501 2699 538 2735 ὅ(
558 2697 634 2735 duo
654 2698 727 2736 alii.
754 2698 888 2736 Burm.

160 2763 221 2801 28.
249 2763 395 2813 Vultu]
434 2764 523 2800 Non
544 2761 694 2799 damno.
710 2772 796 2798 nam
816 2759 1145 2807 serenumxcoelum

109 2812 239 2852 serenis
262 2816 300 2852 δε
322 2813 491 2862 hilaribus
514 2812 702 2850 convenit.
731 2810 789 2848 sed
818 2818 944 2848 tamen
974 2809 1146 2855 mallem,

109 2863 226 2902 euleu:
255 2864 437 2902 candidati
466 2865 564 2901 enim
591 2863 755 2901 Romani
779 2861 904 2898 diebus
922 2861 1036 2898 laetis.
1061 2872 1147 2897 can-

111 2915 215 3003 gidus
240 2927 327 2953 vero
350 2915 426 2954 dies
445 2913 602 2953 candido
625 2913 736 2952 cultui
758 2911 885 2961 populi
907 2911 1141 2959 congruebat.

143 2979 242 3005 unm.

161 3029 220 3066 29.
248 3024 340 3056 Cum
363 3030 508 3065 magnae
527 3016 618 3054 vocis
638 3013 789 3062 honore]
820 3020 951 3062 Magno
962 3025 1054 3051 unus
1067 3012 1144 3049 Va-

109 3067 261 3106 ticanus.
290 3070 435 3106 Heius.
465 3075 557 3105 Cum
580 3066 689 3103 multo
709 3066 801 3102 vocis
821 3066 943 3101 honore
974 3064 1145 3102 Francos.

109 3118 158 3155 est
178 3128 300 3156 autem
324 3120 416 3156 vocis
435 3118 541 3155 honor
556 3118 738 3161 laudatio,
767 3125 806 3153 ut
817 3117 930 3153 moris
949 3124 1144 3157 erat,cum

108 3170 309 3218 imperator
330 3182 415 3213 eos,
443 3171 505 3217 qui
525 3183 578 3207 res
597 3169 740 3216 egregie
755 3165 953 3216 gelimam,
981 3165 1146 3203 militari·

108 3219 172 3258 bus
206 3221 309 3258 donis
337 3229 493 3257 ornaret.
521 3220 686 3257 Frontin.
711 3231 776 3255 ιιι.
799 3230 881 3255 xvx.
914 3230 941 3255 1.
976 3228 1020 3255 (9⁴
1043 3218 1146 3264 super

105 3271 289 3307 verborum
313 3272 471 3307 honorem
500 3285 581 3322 equo
617 3282 746 3320 quoque
773 3268 934 3305 donavit.
970 3268 1032 3305 ubi
1063 3266 1136 3305 vid.

103 3319 266 3361 Tennul.
282 3324 319 3360 &
332 3324 380 3360 ita
393 3320 517 3370 paffim
530 3321 635 3359 honor
645 3319 1140 3359 verberum.Livius.xxxv11.

1218 1722 1281 1760 lib.
1301 1735 1386 1760 xxx.
1411 1734 1466 1766 ῖς.
1494 1721 1596 1758 addit
1617 1721 1731 1759 verbis
1758 1723 1931 1761 honorem.
1966 1727 2026 1762 ubi
2055 1734 2153 1773 patet
2181 1741 2262 1764 ver-

1219 1773 1271 1810 bis
1294 1772 1364 1810 effe
1396 1772 1542 1809 ablativi
1566 1772 1684 1809 casus:
1713 1784 1798 1810 nam
1821 1782 1926 1811 antea
1946 1774 2042 1812 dona
2061 1776 2125 1823 ipsi
2148 1777 2260 1815 dede-

1211 1832 1286 1867 rat,
1315 1822 1449 1861 deinde
1482 1823 1652 1859 oratione
1684 1823 1743 1859 vel
1773 1823 1889 1862 verbis
1918 1826 2099 1863 honorem
2123 1827 2261 1876 adjicit.

1211 1885 1303 1912 mox
1324 1885 1391 1923 pro
1412 1871 1503 1910 dena
1525 1872 1562 1910 in
1585 1873 1674 1910 Mss.
1693 1872 1832 1912 Barthii
1861 1884 1962 1918 erat,
1990 1877 2154 1923 dampna.
2180 1890 2260 1915 ma-

1210 1925 1256 1963 le.
1275 1937 1398 1974 neque
1417 1923 1549 1961 rec'tius
1580 1922 1821 1963 Bersmannus
1852 1926 1912 1963 hic
1945 1927 2166 1965 donativum
2198 1929 2259 1967 vel

1213 1976 1440 2025 congiarium
1462 1974 1649 2022 intelligit:
1682 1976 1848 2014 militaria
1868 1976 1964 2014 enim
1995 1978 2114 2022 dona,
2144 1979 2257 2018 hastas

1211 2037 1316 2073 puras
1331 2055 1342 2070 ,
1369 2025 1524 2064 armillas
1546 2025 1618 2061 δῖε.
1637 2026 1757 2063 innuit
1781 2034 1790 2069 3
1842 2037 1880 2064 ut
1901 2028 2140 2067 notissimum.
2171 2030 2259 2068 Ho-

1208 2085 1270 2114 rat.
1299 2089 1345 2114 11.
1363 2076 1472 2124 Epist.
1495 2087 1543 2111 11.
1569 2086 1627 2123 32.
1654 2075 1751 2113 donis
1779 2087 1925 2113 ornatur
1944 2078 2095 2123 honestis.
2126 2079 2255 2119 Boum-

1261 2156 1323 2194 33.
1351 2143 1568 2191 Justitiaque
1580 2143 1638 2189 sui
1657 2143 1762 2188 castos
1777 2143 1918 2194 placasse
1932 2145 2128 2195 parentes.]
2178 2147 2254 2184 Ne-

1209 2207 1275 2233 mo
1299 2195 1468 2243 intelligit
1489 2222 1499 2237 ,
1529 2202 1567 2231 ut
1595 2194 1731 2240 opinor
1754 2222 1764 2238 ,
1803 2196 1892 2242 quid
1922 2197 2013 2234 haec
2042 2196 2101 2234 fibi
2125 2198 2254 2235 velint.

1209 2246 1438 2283 Sarravianus
1452 2272 1460 2287 ,
1491 2244 1721 2281 Combianus
1737 2273 1746 2287 ‚
1777 2247 1813 2282 ὃ(
1832 2258 1922 2284 unus
1936 2247 2127 2286 Mediceus
2139 2274 2150 2293 ,
2164 2259 2250 2287 cum

1205 2298 1321 2344 prima
1343 2296 1507 2334 editione
1528 2296 1566 2332 &
1588 2295 1757 2344 Scaligeri
1779 2295 1969 2345 Excerptis
1985 2326 1996 2342 ‚

1254 2359 1509 2411 Justitiamque
1522 2360 1579 2408 sui
1600 2359 1683 2406 caste
1702 2358 1844 2408 placaffe
1859 2361 2024 2408 parentis.

1201 2426 1359 2473 optime,
1382 2424 1448 2462 nili
1470 2424 1572 2473 quod
1595 2425 1730 2472 priores
1755 2423 1852 2468 duo,
1880 2426 1987 2471 castae
2008 2454 2018 2469 ‚
2057 2427 2249 2469 mendose:

1201 2475 1284 2518 caste
1301 2477 1438 2525 placare
1469 2480 1555 2511 Deos
1576 2501 1587 2517 ,
1631 2482 1670 2511 ut
1701 2474 1783 2519 caste
1815 2474 1916 2510 colere
1952 2481 2036 2511 Deos
2068 2478 2243 2519 Ciceroni

1200 2525 1310 2574 Epist.
1335 2529 1379 2564 ad
1402 2526 1647 2563 Terentiam:
1676 2524 1759 2568 caste
1785 2529 1867 2560 Deos
1887 2525 1984 2562 adire
2016 2528 2051 2563 in
2081 2528 2149 2577 leg.
2171 2542 2242 2570 xxi.

1200 2577 1321 2614 Tabb.
1342 2577 1425 2622 caste
1438 2577 1540 2624 sacra
1556 2578 1692 2621 facere,
1721 2575 1758 2612 &
1778 2573 1904 2611 similia
1924 2576 2045 2624 passim
2070 2579 2104 2615 in
2126 2578 2241 2619 sacris.

1200 2628 1285 2665 vide
1306 2628 1424 2665 Notas
1449 2627 1536 2665 Fast.
1556 2638 1611 2663 iv.
1630 2625 1683 2668 iss.
1706 2625 1787 2667 726.
1818 2625 1992 2664 Ceterum
2016 2629 2124 2666 unice
2143 2629 2240 2669 hanc

1199 2679 1501 2716 emendationem
1524 2677 1669 2715 illustrat
1690 2675 1821 2714 Noster
1848 2676 1920 2724 ipse
1949 2678 2040 2716 infra
2069 2679 2129 2717 lib.
2153 2689 2241 2721 111.

1202 2730 1305 2779 Eleg.
1324 2739 1385 2767 v1.
1413 2729 1459 2767 de
1478 2727 1664 2776 Augusto:

1253 2795 1410 2845 Principe
1429 2807 1486 2830 nec
1507 2793 1612 2838 nostro
1636 2799 1725 2830 Deus
1746 2795 1792 2839 est
1814 2793 2024 2841 mansuetior
2044 2794 2158 2832 ullus:

1307 2844 1463 2893 Juftitiei
1481 2845 1571 2880 vires
1593 2853 1757 2893 temperat
1778 2845 1834 2880 ille
1851 2845 1941 2889 suas.

1252 2902 1370 2945 Nuper
1386 2909 1461 2944 eam
1485 2894 1611 2942 Caesar
1625 2896 1721 2940 facio
1739 2895 1778 2931 de
1795 2908 1966 2932 marmore
1985 2895 2107 2945 templo
2121 2924 2132 2942 ,

1301 2947 1394 2993 Jam
1415 2945 1547 2995 pridem
1567 2945 1675 2994 posuit
1703 2947 1830 2982 Mentis
1847 2948 1882 2981 in
1909 2947 1989 2984 aede
2003 2947 2100 2995 suae.

1199 3011 1297 3051 unde
1313 3012 1431 3060 liquet
1459 3011 1561 3048 versu
1590 3012 1763 3058 proximo
1786 3011 2029 3053 scribendum.
2071 3013 2128 3050 llio
2150 3027 2239 3062 quae

1200 3062 1368 3112 templum
1384 3064 1510 3111 pestere
1521 3062 1652 3111 ftmper
1673 3061 1773 3099 habet
1813 3075 1949 3112 nempe
1971 3066 2117 3110 justitia.
2146 3065 2238 3103 Vul-

1201 3115 1273 3163 gati
1294 3116 1331 3151 &
1355 3113 1496 3161 scripti,
1524 3126 1588 3162 quo
1607 3113 1784 3161 templum.
1807 3113 1872 3151 nisi
1893 3115 1996 3164 quod
2022 3116 2237 3152 Arondelia-

1201 3178 1268 3203 nus
1282 3177 1347 3213 pro
1368 3164 1505 3202 diversa
1535 3164 1718 3208 stitione,
1748 3165 1812 3201 Illa
1839 3179 1937 3213 quae.
1991 3167 2095 3202 Haec
2115 3165 2236 3212 praelo

1201 3214 1458 3254 commissurus
1486 3227 1585 3253 eram
1609 3244 1619 3259 ,
1656 3227 1739 3253 cum
1765 3216 1875 3253 incidi
1907 3217 1942 3254 in
1973 3216 2092 3263 magni
2131 3214 2239 3251 Scali-

1199 3268 1275 3316 geri
1310 3266 1353 3304 ad
1385 3267 1614 3314 Propertium
1656 3266 2017 3309 animadverfiones,
2075 3265 2135 3300 ubi
2164 3264 2240 3318 pari

1199 3318 1319 3357 modo
1342 3317 1594 3405 Ngonianum
1616 3317 1742 3360 locum
1763 3317 1969 3366 castigatum
1993 3313 2156 3358 offendi,
2185 3312 2240 3350 id-

1422 3379 1534 3407 cccc
1562 3380 1582 3405 2
2165 3374 2237 3412 que
