2495 3675
734 179 795 237 P.
869 171 1289 235 OVIDII

232 190 328 255 146

1362 172 1899 240 NASONIS

520 293 646 351 Hos
671 294 854 350 habuit
883 293 1088 348 vultus:
1127 291 1259 347 haec
1299 289 1368 345 illi
1393 289 1554 345 verba
1581 289 1757 348 fuere:

597 368 712 423 Hie
737 368 934 430 decor,
974 366 1103 420 haec
1132 365 1295 419 facies
1313 401 1328 426 ‚
1369 363 1455 418 hic
1482 365 1632 418 color
1657 366 1764 419 oris
1787 378 1922 422 erat.

374 458 476 513 775
516 441 593 497 Ut
618 441 749 495 solet
779 443 807 496 a
833 455 1028 510 magno
1053 436 1245 491 fluetus
1270 436 1608 507 languescere
1635 436 1798 501 flatu;

599 513 706 568 Sed
731 528 908 567 tamen
934 516 962 564 a
986 524 1182 573 vent0,
1210 510 1312 582 *qui

1337 510 1469 572 fuit,
1500 509 1642 563 unda
1670 525 1871 567 tumet:

523 587 611 642 Sic
631 627 645 648 ,
687 584 928 658 quamvis
951 581 1127 637 aberat
1154 583 1378 654 placitae
1405 583 1694 652 praesentia
1722 584 1958 649 formae,

599 661 780 730 Quem
808 656 1031 709 dederat
1063 656 1304 725 praesens
1333 654 1534 718 forma,
1573 657 1814 712 manebat
1841 676 2013 716 arnor.

527 732 728 790 A1·det;
772 729 831 783 &
858 727 1031 798 injusti
1060 728 1275 781 stimulis
1303 729 1530 798 agitatus
1558 731 1752 784 amoris

385 807 487 874 780

596 804 887 872 Comparat
914 800 1139 870 indigno
1163 799 1378 872 vimque
1408 799 1703 872 dolumque
1731 815 1871 857 toro,

524 876 717 932 Exitus
744 876 798 929 in
825 874 993 928 dubio
1020 872 1121 926 est:
1165 873 1480 927 audebimus
1508 874 1720 938 ultima,
1744 875 1899 932 dixit.

601 948 842 1010 Viderit,
883 946 1140 1000 audentes
1183 945 1384 1000 Forsne
1411 946 1630 1000 Deusne
1653 946 1819 1017 juvet.

522 1021 782 1090 Cepimus
806 1019 1058 1074 audendo
1087 1017 1293 1073 Gabios
1317 1036 1551 1092 quoque.
1593 1021 1708 1074 talia
1736 1021 1874 1077 fatus

599 1094 741 1149 Ense
769 1094 901 1148 latus
929 1092 1128 1164 cingit3
1173 1105 1430 1164 tergaque
1456 1091 1637 1165 preffit
1664 1095 1807 1166 equi.

284 1371 368 1406 771.
397 1361 449 1399 sis
477 1361 587 1408 fidit,
609 1356 658 1408 fic
689 1356 784 1394 culta
803 1353 922 1405 fuit.]
978 1354 1218 1400 Lucretiam,
1243 1361 1286 1393 ut

235 1413 398 1456 viderat,
422 1415 550 1450 animo
574 1409 797 1459 praesentem
829 1407 924 1444 fissit.
951 1407 1077 1444 NEAP.
1249 1457 1256 1462 ·

283 1474 366 1508 772.
397 1464 544 1511 Irijetlae
570 1461 650 1497 collo
671 1458 719 1508 sic
740 1460 877 1508 jacuere
893 1457 1045 1506 comaev]
1093 1457 1150 1495 Sic
1180 1457 1228 1495 est
1246 1469 1284 1495 ln

229 1515 397 1564 quinque
418 1514 513 1551 libris
531 1512 678 1560 scriptis.
698 1511 866 1547 CIOFAN.
905 1509 1007 1545 Libri
1029 1516 1191 1552 veteres,
1225 1514 1284 1544 In-

229 1567 335 1604 {cesae
358 1563 449 1601 collo.
481 1565 656 1602 NEAPOL.
706 1561 884 1607 Neglefflae
920 1572 1033 1595 comae
1060 1569 1285 1607 reponantur

223 1606 277 1655 “ex
298 1614 516 1653 auftoritate
536 1613 671 1651 codicis
691 1611 814 1648 Ursini
830 1639 839 1654 ‚
867 1619 1027 1658 quatuor
1047 1609 1285 1647 Farnefiano-

229 1679 312 1705 rum
340 1693 351 1711 ‚
389 1668 525 1703 Mazar.
556 1663 702 1702 Zulicli.
724 1661 901 1699 Arondel.
923 1660 1156 1709 aliorumque
1179 1672 1285 1699 com·

227 1718 401 1768 plurium.
429 1726 534 1754 vetus
553 1718 666 1764 po'e'ta
687 1713 782 1762 apud
803 1711 1040 1750 scholi-istem
1053 1711 1182 1750 Persii;

286 1781 409 1818 Fortia
420 1779 559 1829 neglec‘li
571 1776 739 1815 velabant
753 1776 840 1814 colla
857 1776 983 1826 capilli,

232 1839 287 1869 et:

283 1887 349 1919 Per
363 1882 431 1930 sua
453 1880 591 1930 neglebli
610 1878 810 1916 volitabant
832 1877 917 1916 colla
938 1877 1063 1928 capilli.

231 1931 434 1971 Terentius
459 1935 494 1970 in
521 1934 726 1970 Heautonr.

284 1994 420 2031 Pannis
437 1993 541 2044 obfita
556 2024 564 2039 ‚
586 1993 733 2043 negleb'la
749 2021 759 2038 ,
781 1992 968 2030 immunda
990 1991 1127 2029 illuvie.
1307 2038 1312 2043 ι

232 2055 367 2093 Noster
394 2055 456 2093 lib.
488 2068 523 2093 V.
554 2067 612 2103 79.
653 2055 792 2104 negleffii
822 2055 948 2105 capilli.
979 2054 1146 2104 Hypsipile
1172 2055 1284 2104 negle-

235 2107 291 2141 &a
319 2119 454 2143 comam
483 2106 597 2145 Statio
630 2107 753 2144 Theb.
786 2119 838 2145 1v.
871 2119 954 2156 743.
991 2118 1084 2144 unus
1118 2107 1257 2143 Moreti
1272 2134 1282 2151 ‚

234 2162 388 2205 Impexa.
416 2170 490 2194 non
515 2159 623 2196 male.
651 2157 793 2195 HEms.
816 2158 965 2207 Jnjeffiae
987 2158 1098 2195 etiam
1121 2158 1284 2204 Johann.

234 2207 363 2245 Sarisb.
385 2209 566 2256 Metalog.
585 2209 645 2246 lib.
659 2221 711 2245 1v.
726 2221 802 2256 cap.
822 2221 878 2246 10.
902 2210 988 2246 citat
1002 2221 1010 2245 :
1024 2209 1062 2245 &
1077 2236 1086 2253 ,
1105 2207 1155 2257 sic
1167 2208 1284 2245 decue-

235 2271 272 2294 re
291 2271 416 2295 comae.
436 2259 580 2307 injeorae
601 2259 765 2307 neglecflae
791 2260 969 2296 convenit
991 2259 1188 2296 Matronae
1209 2286 1218 2303 ,
1247 2267 1288 2297 ut

234 2309 332 2355 apud
350 2310 504 2347 Terent.
526 2311 662 2347 Heaut.
686 2323 730 2347 11.
760 2321 793 2358 3.
819 2309 977 2359 Capillus
995 2310 1136 2357 rejeHus
1157 2310 1286 2347 circum

235 2369 336 2409 eaput
359 2360 576 2409 negligenter.
606 2361 740 2399 BURM.

284 2421 371 2460 773.
401 2411 558 2461 Vultus]
589 2411 716 2449 Cultus
729 2409 1074 2449 Puteaneus&duo
1096 2409 1169 2448 alii.

286 2471 371 2506 774.
400 2462 464 2498 Hic
492 2462 625 2511 decan]
678 2462 745 2498 Hic
775 2462 884 2506 color,
910 2461 991 2508 h.f.
1022 2461 1077 2498 hic
1103 2461 1199 2498 decor
1218 2461 1284 2499 oris

233 2511 406 2550 Bernens.
420 2513 456 2549 δε
471 2513 578 2550 multi
590 2513 649 2550 alii
672 2523 754 2550 cum
770 2512 874 2550 editis
891 2512 1069 2560 plurimis.

287 2564 370 2607 776.
398 2564 587 2611 Qtisuit,
608 2563 706 2600 unda
728 2562 880 2612 tumet.]
911 2562 985 2610 Qi
1006 2562 1085 2610 fuit
1114 2571 1197 2599 ante
1221 2562 1281 2601 sex

234 2612 363 2660 scripti.
390 2614 448 2651 sed
469 2614 520 2653 nil
540 2614 684 2652 videtur
705 2614 940 2651 mutandum.
965 2613 1012 2651 A.
1036 2613 1176 2651 Gellius
1198 2615 1280 2652 No-

238 2663 353 2700 <stium
389 2664 597 2702 Atticarum
628 2666 686 2702 lib.
710 2677 756 2702 11.
781 2676 858 2712 cap.
891 2675 950 2711 30.
1007 2663 1149 2700 FluHus
1169 2691 1179 2707 ,
1219 2665 1280 2713 qui

229 2712 346 2761 flante
379 2715 552 2763 Aquilone
573 2715 725 2752 maximi
754 2725 798 2754 ω’
829 2713 1025 2750 creberrimi
1053 2715 1279 2758 excitantur,

225 2762 337 2811 simul
359 2777 398 2799 ac
417 2776 543 2802 ventus
559 2766 691 2815 posuit,
713 2765 914 2810 sternuntur
933 2775 976 2802 (θ’
995 2762 1280 2811 conflaccescunt,

241 2825 285 2852 ω’
307 2827 385 2850 mox
399 2813 529 2863 fluc'i'us
560 2817 616 2865 effe
647 2815 816 2865 definunt.
844 2825 882 2851 at
912 2828 980 2849 nrn
999 2814 1090 2850 idem
1114 2813 1283 2862 fitflante

237 2877 283 2900 au
300 2877 349 2899 tro
364 2891 373 2906 ,
404 2865 461 2901 ‘nel
481 2867 586 2912 africo
601 2895 610 2909 ‚
642 2867 764 2915 quibus
784 2867 862 2914 jam
886 2865 976 2902 nihil
993 2863 1201 2914 spirantibus
1219 2879 1285 2902 un-

239 2914 302 2950 dae
314 2926 432 2950 tamen
446 2918 564 2962 faciae
582 2918 714 2954 diutius
727 2927 863 2954 tument
878 2944 888 2959 ,
907 2929 950 2956 &⁴
971 2930 992 2952 a
1018 2927 1120 2952 vento
1140 2916 1279 2963 quidem

234 2965 450 3013 jamdudum
479 2968 693 3015 tranquillae
704 2972 789 3015 sunt
810 2996 818 3011 ‚
838 2967 901 3013 scd
921 2981 1016 3004 mare
1038 2967 1080 3011 est
1096 2967 1203 3003 etiam
1224 2977 1282 3003 at-

236 3029 301 3066 que
320 3016 426 3052 etiam
457 3018 724 3053 undabundum.
773 3021 855 3065 Ejus
887 3019 933 3054 rei
965 3020 1074 3065 cai-iffa
1094 3017 1151 3066 effe
1171 3020 1280 3066 conje-

237 3068 355 3102 effatur
369 3093 378 3109 ,
405 3067 612 3116 quodid-ensi
627 3096 636 3111 ,
660 3067 682 3103 [Ξ
695 3068 977 3115 septentrionibus
996 3082 1036 3103 ex
1057 3069 1178 3105 altiore
1197 3069 1280 3105 caeli

231 3126 332 3165 parte
352 3117 389 3153 in
402 3117 691 3154 mareimidmtes
708 3118 882 3166 ‚deorsum
903 3119 939 3153 in
952 3125 1124 3166 aquaru'm
1141 3121 1275 3166 prosim-

234 3168 282 3204 da
302 3167 600 3218 quasipraecipites
620 3169 842 3213 deseruntur,
870 3169 1049 3216 undasque
1059 3169 1201 3214 faciunt
1215 3183 1285 3206 non

229 3220 365 3267 prorsus
395 3218 582 3268 impulsas,
600 3219 658 3265 fed
681 3219 720 3254 vi
741 3220 836 3255 intus
873 3230 1070 3255 commotas.
1101 3220 1159 3256 ubi
1180 3221 1280 3267 plura

234 3268 279 3306 ad
309 3280 416 3308 rem..
460 3269 574 3308 Vides
614 3270 760 3309 interim
794 3272 832 3308 ὅ(
862 3270 935 3308 illic
965 3270 1100 3308 undam
1138 3281 1280 3310 tumere.

236 3319 376 3359 stirme.

2283 1225 2396 1280 Aca

1393 1353 1477 1399 780.
1506 1353 1650 1404 Vimque
1660 1357 1890 1408 metumque]
1920 1359 2014 1398 Tres
2033 1360 2230 1406 Vaticani,
2245 1360 2403 1412 ‘vimque‘

1340 1405 1535 1454 dolumque.
1558 1418 1634 1443 non
1660 1406 1836 1455 displicet.
1877 1410 2048 1448 Ciorau.
2103 1411 2205 1449 Libri
2226 1413 2394 1461 aliquot,

1342 1457 1486 1507 vimque
1523 1457 1708 1506 dolumque
1741 1469 1823 1496 toro.
1861 1461 2037 1499 Nestor..
2073 1462 2271 1512 Delumque
2303 1475 2389 1501 cuin

1340 1507 1664 1555 praestantioribus.
1694 1521 1760 1558 pro
1783 1510 2069 1559 injustistimiilis
2086 1514 2214 1550 amoris
2236 1514 2361 1552 malim
2379 1542 2391 1559 ‚

1340 1558 1454 1604 incesti
1473 1559 1612 1596 amoris.
1651 1560 1711 1597 De
1732 1561 1860 1607 incestis
1881 1563 2055 1599 amoribus
2071 1591 2080 1607 ,
2104 1565 2140 1600 ὅ(
2164 1566 2227 1612 qui
2246 1564 2306 1602 sub
2327 1564 2402 1603 illo&

1340 1609 1498 1647 nomine
1522 1610 1756 1656 censeantur,
1793 1612 1973 1652 videndus
2006 1615 2173 1652 Andreas
2196 1615 2392 1662 Querceus

1342 1661 1560 1711 Elogiorum
1580 1674 1658 1710 cap.
1678 1675 1746 1701 ΧΠ.
1776 1664 1988 1702 Hmusrus.
2016 1665 2215 1716 Dolumque
2235 1665 2393 1712 probum

1342 1712 1402 1749 est.
1440 1713 1571 1751 Livius
1601 1725 1714 1751 xxiii.
1740 1725 1794 1762 35·
1834 1715 1896 1752 Ubi
1926 1717 1965 1752 id
1985 1725 2112 1766 parum
2137 1716 2308 1766 proceffit,
2335 1717 2401 1754 do-

1341 1762 1416 1800 lum
1427 1764 1476 1800 ad
1485 1764 1660 1814 capiendos
1680 1780 1730 1803 eos
1750 1775 1947 1816 comparat.-

1393 1825 1475 1871 782..
1503 1826 1685 1864 Audentes
1705 1833 1851 1878 Forsque
1879 1829 2215 1880 Venusquejuvat.]
2265 1830 2324 1868 Sic
2345 1831 2390 1869 ii·-

1341 1874 1426 1914 dem
1456 1877 1533 1915 libri
1561 1890 1568 1914 :
1609 1878 1668 1916 alii
1697 1888 1768 1916 tres
1789 1906 1800 1923 ,
1845 1879 1976 1918 Fratris
2015 1884 2053 1919 ὃ(
2088 1880 2210 1918 Ursin.
2247 1887 2398 1932 Forsque

1341 1927 1498 1978 deusque.
1519 1928 1608 1966 alter
1629 1941 1719 1967 vero
1747 1931 1933 1979 optimus:
1964 1937 2109 1981 Forsque
2129 1942 2317 1981 metusque.
2329 1935 2394 1982 ju-

1339 1977 1463 2016 dicent
1495 1978 1692 2018 doe'tiores.
1722 1980 1893 2019 CIOPAN.
1921 1982 2022 2027 Alii,
2052 1989 2198 2031 Forsque
2218 1989 2396 2032 Venusque

1340 2030 1543 2078 &juvant.
1565 2031 1647 2076 vel,
1662 2037 1808 2082 Forsque
1826 2042 2014 2084 metusque.
2043 2034 2174 2071 Codex
2195 2034 2367 2072 Politiani
2382 2063 2394 2081 ‚

1339 2085 1463 2117 Forsne
1485 2086 1632 2119 Deusne.
1658 2083 1908 2131 quomodo&
1923 2085 2030 2122 Laeti
2051 2085 2141 2122 liber
2161 2085 2200 2122 ὃ(
2219 2086 2393 2123 unusPa-

1338 2132 1483 2170 tavinus
1514 2143 1558 2169 ex
1590 2133 1814 2171 melioribus.
1842 2135 1915 2172 huc
1946 2136 1984 2172 δε
2013 2135 2209 2172 Voffianus
2237 2136 2391 2180 alludit,

1338 2183 1377 2219 in
1396 2193 1473 2231 quo
1499 2209 1509 2223 ‚
1548 2189 1673 2221 Forsve
1694 2195 1861 2221 metusve.
1908 2185 2011 2233 Lege
2031 2213 2041 2229 ‚
2080 2185 2209 2221 Viderit
2227 2185 2401 2224 audentes·

1343 2237 1467 2270 Forsne
1485 2239 1624 2271 Deusne
1635 2235 1753 2283 juvet.
1780 2235 1925 2272 Viderit
1939 2235 2026 2272 Fors
2040 2236 2077 2272 ὅ(
2092 2236 2196 2272 Deus
2210 2264 2218 2279 ‚
2231 2244 2311 2274 uter
2322 2249 2388 2275 au·

1343 2283 1470 2321 dentes
1490 2285 1610 2333 juvet.
1659 2285 1756 2323 Vide
1785 2285 1831 2323 de
1857 2286 1932 2323 hoc
1955 2286 2134 2334 loquendi
2154 2287 2273 2324 modo
2294 2299 2391 2337 quae

1341 2342 1515 2372 notamus
1533 2334 1592 2372 lib.
1616 2347 1642 2373 1.
1670 2336 1780 2374 Pont.
1807 2335 1908 2386 Eleg.
1929 2349 1973 2374 11.
1994 2343 2118 2374 Forsne
2148 2342 2283 2374 Deusne
2304 2367 2314 2383 ‚
2350 2347 2391 2377 ut

1341 2385 1437 2432 apud
1467 2385 1621 2423 Statium
1655 2386 1778 2424 Theb.
1798 2400 1843 2425 11.
1866 2388 2029 2424 Audemi
2051 2393 2145 2424 Deus
2168 2400 2212 2428 Θ·
2234 2394 2392 2426 Fortuna

1338 2435 1472 2483 receffit.
1500 2436 1595 2484 apud
1619 2437 1842 2476 Ciceronem
1864 2439 2075 2488 frequenter
2094 2438 2202 2477 habes
2217 2467 2228 2485 ‚
2256 2445 2310 2476 De
2321 2440 2392 2489 istis

1339 2492 1495 2524 Fortuna
1514 2487 1659 2526 viderit.
1686 2490 1896 2527 Mezentius
1914 2489 2010 2538 apud
2033 2491 2184 2528 Maron.

1425 2613 1457 2649 ’d
1499 2561 1566 2619 “ast
1584 2562 1624 2600 de
1648 2576 1702 2600 me
1723 2561 1853 2601 divum
1868 2573 1969 2614 pater
1996 2576 2102 2617 atque
2122 2556 2305 2606 hominum
2330 2582 2389 2607 rex

1390 2619 1430 2649 Vi
1458 2623 1534 2650 erit.

1336 2679 1484 2765 Iglzgms.
1520 2680 1684 2718 Audaces
1703 2681 1741 2718 &
1757 2681 1819 2720 hic
1832 2693 1922 2721 unus
1937 2683 2085 2732 Regius.
2097 2683 2183 2721 Vid.
2205 2683 2248 2722 ad
2261 2697 2286 2722 1.
2306 2685 2388 2725 Art.

1365 2741 1388 2765 0
1419 2759 1425 2765 .
1816 2751 1829 2762 ·

1392 2790 1475 2836 784.
1504 2790 1672 2842 Cinxit.]
1704 2795 1822 2843 cingit
1841 2795 1976 2844 Regius
1995 2796 2033 2833 ὅτ
2054 2808 2193 2835 novem
2219 2799 2291 2838 alii.

1395 2854 1479 2898 787.
1519 2853 1624 2901 Ii‘ost'is
1655 2865 1694 2890 ut
1724 2856 1832 2905 hospes
1861 2856 1930 2893 init
1956 2857 2148 2906 penetralia
2178 2858 2390 2910 Collatini.]

1338 2904 1467 2941 Livius
1496 2903 1558 2941 lib.
1582 2918 1610 2942 1.
1649 2905 1710 2941 sub
1742 2906 1853 2943 finem
1887 2907 1954 2943 hac
1985 2908 2058 2955 ipsa
2091 2908 2135 2945 de
2167 2921 2217 2946 re.
2247 2915 2321 2948 Sex.
2349 2911 2395 2958 est

1338 2955 1570 3001 Tarquinius,
1599 2955 1659 3004 qui
1689 2954 1789 3002 hostis
1814 2967 1874 3005 pro
1909 2956 2032 3007 hospite
2056 2986 2066 3002 ,
2099 2960 2213 3007 priore
2240 2964 2332 2997 nocie
2351 2961 2394 2998 vi

1338 3017 1521 3047 armatus,
1550 3006 1638 3040 mihi
1658 3004 1791 3055 fibique
1809 3036 1817 3050 ,
1850 3005 1886 3053 fi
1902 3022 1964 3044 vos
1985 3009 2057 3046 viri
2075 3010 2147 3056 estis
2162 3037 2172 3054 ‚
2195 3011 2393 3058 pestiferum

1340 3056 1420 3093 hinc
1444 3055 1584 3102 abstulit
1613 3056 1797 3102 gaudium.
1852 3058 1948 3096 Tale
1979 3061 2089 3096 etiam
2123 3062 2311 3109 quippiam
2334 3063 2394 3100 hic

1342 3107 1473 3145 Noster
1503 3107 1539 3143 in
1580 3106 1687 3155 Epist.
1718 3108 1763 3145 ad
1793 3108 1918 3147 Parin:
1948 3112 2069 3159 Hospes
2097 3123 2145 3147 an
2176 3110 2274 3157 hostis
2301 3126 2390 3152 eras.

1341 3158 1511 3195 CxorAN.

1399 3208 1481 3254 787.
1512 3209 1707 3246 penetralia
1719 3208 1928 3258 Camarina]
1958 3209 2138 3248 Collatina
2159 3213 2392 3252 unusMedi=

1340 3272 1437 3299 cens.
1463 3259 1660 3307 quomodo
1675 3262 1768 3309 apud
1781 3261 1993 3297 Maronem.
2025 3273 2079 3299 v1.
2106 3273 2188 3309 774.

1390 3320 1652 3360 flicollatinas
1669 3323 1842 3373 imponent
1865 3323 2040 3363 montibus
2059 3337 2165 3364 arces.
2188 3326 2333 3416 Ηξέκε.
2356 3379 2359 3383 ,

2205 3388 2222 3425 7
2282 3407 2291 3417 .
2318 3383 2385 3426 Co·⁴
