<?xml version="1.0" encoding="UTF-8"?>
<!DOCTYPE html PUBLIC "-//W3C//DTD XHTML 1.0 Transitional//EN"
    "http://www.w3.org/TR/xhtml1/DTD/xhtml1-transitional.dtd">
<html xmlns="http://www.w3.org/1999/xhtml" xml:lang="en" lang="en">
 <head>
  <title>
</title>
<meta http-equiv="Content-Type" content="text/html;charset=utf-8" />
  <meta name='ocr-system' content='tesseract 3.04.00' />
  <meta name='ocr-capabilities' content='ocr_page ocr_carea ocr_par ocr_line ocrx_word'/>
</head>
<body>
  <div class='ocr_page' id='page_1' title='image "./publiiovidiinaso03ovid_0448.png"; bbox 0 0 2495 3675; ppageno 0'>
   <div class='ocr_carea' id='block_1_1' title="bbox 277 154 1329 241">
    <p class='ocr_par' dir='ltr' id='par_1_1' title="bbox 277 154 1329 241">
     <span class='ocr_line' id='line_1_1' title="bbox 277 154 1329 241; baseline -0.029 0"><span class='ocrx_word' id='word_1_1' title='bbox 277 187 380 241; x_wconf 60' lang='lat' dir='ltr'>n4</span> <span class='ocrx_word' id='word_1_2' title='bbox 773 154 1329 218; x_wconf 78' lang='lat' dir='ltr'>P.ovtD11</span> 
     </span>
    </p>
   </div>
   <div class='ocr_carea' id='block_1_2' title="bbox 1400 133 1933 220">
    <p class='ocr_par' dir='ltr' id='par_1_2' title="bbox 1400 133 1933 220">
     <span class='ocr_line' id='line_1_2' title="bbox 1400 133 1933 220; baseline 0.017 -9"><span class='ocrx_word' id='word_1_3' title='bbox 1400 133 1933 220; x_wconf 71' lang='lat' dir='ltr'>NAsouts</span> 
     </span>
    </p>
   </div>
   <div class='ocr_carea' id='block_1_3' title="bbox 428 253 2126 1059">
    <p class='ocr_par' dir='ltr' id='par_1_3' title="bbox 428 253 2126 1059">
     <span class='ocr_line' id='line_1_3' title="bbox 675 253 2099 337; baseline 0.003 -19"><span class='ocrx_word' id='word_1_4' title='bbox 675 261 854 318; x_wconf 73' lang='lat' dir='ltr'>Ostera</span> <span class='ocrx_word' id='word_1_5' title='bbox 883 263 971 316; x_wconf 76' lang='lat' dir='ltr'>lux</span> <span class='ocrx_word' id='word_1_6' title='bbox 998 259 1204 315; x_wconf 86' lang='lat' dir='ltr'>melior.</span> <span class='ocrx_word' id='word_1_7' title='bbox 1246 257 1452 328; x_wconf 83' lang='lat' dir='ltr'>superat</span> <span class='ocrx_word' id='word_1_8' title='bbox 1479 253 1745 337; x_wconf 70' lang='lat' dir='ltr'>Masinissa</span> <span class='ocrx_word' id='word_1_9' title='bbox 1770 258 2099 334; x_wconf 89' lang='lat' dir='ltr'>Syphacem;</span> 
     </span>
     <span class='ocr_line' id='line_1_4' title="bbox 431 258 1802 404; baseline -0.004 -12"><span class='ocrx_word' id='word_1_10' title='bbox 431 353 532 404; x_wconf 86' lang='lat'>770</span> <span class='ocrx_word' id='word_1_11' title='bbox 572 258 665 398; x_wconf 79' lang='lat' dir='ltr'>P</span> <span class='ocrx_word' id='word_1_12' title='bbox 746 337 816 391; x_wconf 77' lang='lat' dir='ltr'>Et</span> <span class='ocrx_word' id='word_1_13' title='bbox 843 335 1041 390; x_wconf 84' lang='lat' dir='ltr'>cecidit</span> <span class='ocrx_word' id='word_1_14' title='bbox 1070 332 1188 387; x_wconf 84' lang='lat' dir='ltr'>telis</span> <span class='ocrx_word' id='word_1_15' title='bbox 1215 329 1520 387; x_wconf 78' lang='lat' dir='ltr'>Hasdrubal</span> <span class='ocrx_word' id='word_1_16' title='bbox 1549 331 1658 402; x_wconf 86' lang='lat' dir='ltr'>iple</span> <span class='ocrx_word' id='word_1_17' title='bbox 1685 330 1802 387; x_wconf 79' lang='lat' dir='ltr'>suis,</span> 
     </span>
     <span class='ocr_line' id='line_1_5' title="bbox 717 403 2126 482; baseline 0.002 -18"><span class='ocrx_word' id='word_1_18' title='bbox 717 410 954 482; x_wconf 61' lang='lat' dir='ltr'>Empora</span> <span class='ocrx_word' id='word_1_19' title='bbox 980 409 1255 470; x_wconf 75' lang='lat' dir='ltr'>labuntur,</span> <span class='ocrx_word' id='word_1_20' title='bbox 1295 403 1576 477; x_wconf 85' lang='lat' dir='ltr'>tacitisque</span> <span class='ocrx_word' id='word_1_21' title='bbox 1606 403 1922 461; x_wconf 80' lang='lat' dir='ltr'><strong>senescimus</strong></span> <span class='ocrx_word' id='word_1_22' title='bbox 1947 412 2126 477; x_wconf 81' lang='lat' dir='ltr'>annis;</span> 
     </span>
     <span class='ocr_line' id='line_1_6' title="bbox 790 478 1988 553; baseline 0.002 -18"><span class='ocrx_word' id='word_1_23' title='bbox 790 484 859 536; x_wconf 55' lang='lat' dir='ltr'>hit</span> <span class='ocrx_word' id='word_1_24' title='bbox 885 482 1126 553; x_wconf 74' lang='lat' dir='ltr'>fugiunt,</span> <span class='ocrx_word' id='word_1_25' title='bbox 1164 478 1322 533; x_wconf 81' lang='lat' dir='ltr'>freno</span> <span class='ocrx_word' id='word_1_26' title='bbox 1347 494 1458 532; x_wconf 90' lang='lat' dir='ltr'>non</span> <span class='ocrx_word' id='word_1_27' title='bbox 1483 491 1819 553; x_wconf 83' lang='lat' dir='ltr'>remorante,</span> <span class='ocrx_word' id='word_1_28' title='bbox 1855 481 1988 537; x_wconf 67' lang='lat' dir='ltr'>dies,</span> 
     </span>
     <span class='ocr_line' id='line_1_7' title="bbox 576 550 1971 632; baseline -0.003 -21"><span class='ocrx_word' id='word_1_29' title='bbox 576 559 756 632; x_wconf 80' lang='lat' dir='ltr'>Quam</span> <span class='ocrx_word' id='word_1_30' title='bbox 783 556 893 610; x_wconf 89' lang='lat' dir='ltr'>cito</span> <span class='ocrx_word' id='word_1_31' title='bbox 923 565 1186 609; x_wconf 85' lang='lat' dir='ltr'>venerunt</span> <span class='ocrx_word' id='word_1_32' title='bbox 1213 551 1484 606; x_wconf 80' lang='lat' dir='ltr'>Fortunae</span> <span class='ocrx_word' id='word_1_33' title='bbox 1509 550 1686 606; x_wconf 83' lang='lat' dir='ltr'>Fortis</span> <span class='ocrx_word' id='word_1_34' title='bbox 1711 553 1971 610; x_wconf 74' lang='lat' dir='ltr'>honores!</span> 
     </span>
     <span class='ocr_line' id='line_1_8' title="bbox 649 623 1694 700; baseline -0.007 -15"><span class='ocrx_word' id='word_1_35' title='bbox 649 630 770 686; x_wconf 81' lang='lat' dir='ltr'>Post</span> <span class='ocrx_word' id='word_1_36' title='bbox 798 630 998 700; x_wconf 83' lang='lat' dir='ltr'>septem</span> <span class='ocrx_word' id='word_1_37' title='bbox 1026 630 1168 682; x_wconf 85' lang='lat' dir='ltr'>luces</span> <span class='ocrx_word' id='word_1_38' title='bbox 1188 625 1378 696; x_wconf 81' lang='lat' dir='ltr'>Junius</span> <span class='ocrx_word' id='word_1_39' title='bbox 1406 623 1549 679; x_wconf 70' lang='lat' dir='ltr'>attus</span> <span class='ocrx_word' id='word_1_40' title='bbox 1575 626 1694 679; x_wconf 86' lang='lat' dir='ltr'>erit.</span> 
     </span>
     <span class='ocr_line' id='line_1_9' title="bbox 428 696 1909 775; baseline -0.003 -15"><span class='ocrx_word' id='word_1_41' title='bbox 428 720 529 775; x_wconf 81' lang='lat'>775</span> <span class='ocrx_word' id='word_1_42' title='bbox 565 703 673 767; x_wconf 88' lang='lat' dir='ltr'>Ite,</span> <span class='ocrx_word' id='word_1_43' title='bbox 715 705 883 757; x_wconf 84' lang='lat' dir='ltr'>Deam</span> <span class='ocrx_word' id='word_1_44' title='bbox 912 701 1034 755; x_wconf 82' lang='lat' dir='ltr'>laeti</span> <span class='ocrx_word' id='word_1_45' title='bbox 1063 700 1283 754; x_wconf 79' lang='lat' dir='ltr'>Fortem</span> <span class='ocrx_word' id='word_1_46' title='bbox 1307 697 1602 761; x_wconf 87' lang='lat' dir='ltr'>celebrate,</span> <span class='ocrx_word' id='word_1_47' title='bbox 1639 696 1909 771; x_wconf 72' lang='lat' dir='ltr'>Quirites:</span> 
     </span>
     <span class='ocr_line' id='line_1_10' title="bbox 647 769 1722 846; baseline -0.005 -14"><span class='ocrx_word' id='word_1_48' title='bbox 647 779 704 833; x_wconf 87' lang='lat' dir='ltr'>In</span> <span class='ocrx_word' id='word_1_49' title='bbox 730 776 946 830; x_wconf 76' lang='lat' dir='ltr'>Tiberis</span> <span class='ocrx_word' id='word_1_50' title='bbox 971 774 1084 846; x_wconf 69' lang='lat' dir='ltr'>ripa</span> <span class='ocrx_word' id='word_1_51' title='bbox 1110 789 1328 827; x_wconf 89' lang='lat' dir='ltr'>munera</span> <span class='ocrx_word' id='word_1_52' title='bbox 1353 770 1521 844; x_wconf 85' lang='lat' dir='ltr'>Regis</span> <span class='ocrx_word' id='word_1_53' title='bbox 1548 769 1722 827; x_wconf 85' lang='lat' dir='ltr'>habet.</span> 
     </span>
     <span class='ocr_line' id='line_1_11' title="bbox 574 843 1950 922; baseline -0.002 -16"><span class='ocrx_word' id='word_1_54' title='bbox 574 852 700 907; x_wconf 86' lang='lat' dir='ltr'>Pars</span> <span class='ocrx_word' id='word_1_55' title='bbox 730 849 897 922; x_wconf 82' lang='lat' dir='ltr'>pede,</span> <span class='ocrx_word' id='word_1_56' title='bbox 935 865 1052 919; x_wconf 81' lang='lat' dir='ltr'>pars</span> <span class='ocrx_word' id='word_1_57' title='bbox 1078 847 1238 901; x_wconf 83' lang='lat' dir='ltr'>etiam</span> <span class='ocrx_word' id='word_1_58' title='bbox 1263 844 1424 900; x_wconf 87' lang='lat' dir='ltr'>celeri</span> <span class='ocrx_word' id='word_1_59' title='bbox 1449 843 1721 899; x_wconf 72' lang='lat' dir='ltr'>decurrite</span> <span class='ocrx_word' id='word_1_60' title='bbox 1745 845 1950 918; x_wconf 65' lang='lat' dir='ltr'>cymba.</span> 
     </span>
     <span class='ocr_line' id='line_1_12' title="bbox 649 916 1803 993; baseline -0.004 -15"><span class='ocrx_word' id='word_1_61' title='bbox 649 924 765 978; x_wconf 81' lang='lat' dir='ltr'>Nec</span> <span class='ocrx_word' id='word_1_62' title='bbox 795 924 996 993; x_wconf 82' lang='lat' dir='ltr'>pudeat</span> <span class='ocrx_word' id='word_1_63' title='bbox 1021 934 1179 993; x_wconf 82' lang='lat' dir='ltr'>potos</span> <span class='ocrx_word' id='word_1_64' title='bbox 1202 918 1330 976; x_wconf 84' lang='lat' dir='ltr'>inde</span> <span class='ocrx_word' id='word_1_65' title='bbox 1356 916 1533 972; x_wconf 89' lang='lat' dir='ltr'>redire</span> <span class='ocrx_word' id='word_1_66' title='bbox 1560 917 1803 973; x_wconf 89' lang='lat' dir='ltr'>domum.</span> 
     </span>
     <span class='ocr_line' id='line_1_13' title="bbox 576 991 1850 1059; baseline -0.005 -7"><span class='ocrx_word' id='word_1_67' title='bbox 576 997 738 1052; x_wconf 88' lang='lat' dir='ltr'>Ferte</span> <span class='ocrx_word' id='word_1_68' title='bbox 775 1008 1059 1049; x_wconf 78' lang='lat' dir='ltr'>coronatae</span> <span class='ocrx_word' id='word_1_69' title='bbox 1085 994 1334 1059; x_wconf 71' lang='lat' dir='ltr'>iuvenum</span> <span class='ocrx_word' id='word_1_70' title='bbox 1365 991 1608 1047; x_wconf 85' lang='lat' dir='ltr'>convivia</span> <span class='ocrx_word' id='word_1_71' title='bbox 1636 992 1850 1054; x_wconf 85' lang='lat' dir='ltr'>lintres;</span> 
     </span>
    </p>
   </div>
   <div class='ocr_carea' id='block_1_4' title="bbox 430 1069 532 1137">
    <p class='ocr_par' dir='ltr' id='par_1_4' title="bbox 430 1069 532 1137">
     <span class='ocr_line' id='line_1_14' title="bbox 430 1069 532 1137; baseline 0 -13"><span class='ocrx_word' id='word_1_72' title='bbox 430 1069 532 1137; x_wconf 76' lang='lat'>780</span> 
     </span>
    </p>
   </div>
   <div class='ocr_carea' id='block_1_5' title="bbox 645 1063 1896 1140">
    <p class='ocr_par' dir='ltr' id='par_1_5' title="bbox 645 1063 1896 1140">
     <span class='ocr_line' id='line_1_15' title="bbox 645 1063 1896 1140; baseline -0.001 -18"><span class='ocrx_word' id='word_1_73' title='bbox 645 1070 930 1140; x_wconf 78' lang='lat' dir='ltr'>Multaque</span> <span class='ocrx_word' id='word_1_74' title='bbox 960 1083 1055 1138; x_wconf 87' lang='lat' dir='ltr'>per</span> <span class='ocrx_word' id='word_1_75' title='bbox 1078 1066 1277 1120; x_wconf 82' lang='lat' dir='ltr'>medias</span> <span class='ocrx_word' id='word_1_76' title='bbox 1302 1063 1421 1118; x_wconf 84' lang='lat' dir='ltr'>vina</span> <span class='ocrx_word' id='word_1_77' title='bbox 1447 1063 1695 1118; x_wconf 85' lang='lat' dir='ltr'>bibantur</span> <span class='ocrx_word' id='word_1_78' title='bbox 1717 1083 1896 1137; x_wconf 79' lang='lat' dir='ltr'>aquaS.</span> 
     </span>
    </p>
   </div>
   <div class='ocr_carea' id='block_1_6' title="bbox 575 1136 2101 1282">
    <p class='ocr_par' dir='ltr' id='par_1_6' title="bbox 575 1136 2101 1282">
     <span class='ocr_line' id='line_1_16' title="bbox 575 1136 2101 1211; baseline -0.002 -13"><span class='ocrx_word' id='word_1_79' title='bbox 575 1144 730 1199; x_wconf 85' lang='lat' dir='ltr'>Plebs</span> <span class='ocrx_word' id='word_1_80' title='bbox 756 1142 884 1195; x_wconf 89' lang='lat' dir='ltr'>colit</span> <span class='ocrx_word' id='word_1_81' title='bbox 910 1140 1070 1194; x_wconf 86' lang='lat' dir='ltr'>hanc:</span> <span class='ocrx_word' id='word_1_82' title='bbox 1113 1139 1264 1211; x_wconf 87' lang='lat' dir='ltr'>quia,</span> <span class='ocrx_word' id='word_1_83' title='bbox 1301 1136 1394 1209; x_wconf 85' lang='lat' dir='ltr'>qui</span> <span class='ocrx_word' id='word_1_84' title='bbox 1422 1137 1625 1208; x_wconf 86' lang='lat' dir='ltr'>posuit,</span> <span class='ocrx_word' id='word_1_85' title='bbox 1670 1138 1740 1192; x_wconf 90' lang='lat' dir='ltr'>de</span> <span class='ocrx_word' id='word_1_86' title='bbox 1768 1138 1922 1210; x_wconf 88' lang='lat' dir='ltr'>plebe</span> <span class='ocrx_word' id='word_1_87' title='bbox 1946 1140 2101 1200; x_wconf 77' lang='lat' dir='ltr'>fuiffe</span> 
     </span>
     <span class='ocr_line' id='line_1_17' title="bbox 648 1208 1866 1282; baseline -0.003 -11"><span class='ocrx_word' id='word_1_88' title='bbox 648 1215 867 1279; x_wconf 78' lang='lat' dir='ltr'>Fertur,</span> <span class='ocrx_word' id='word_1_89' title='bbox 904 1215 959 1267; x_wconf 73' lang='grc' dir='ltr'>δε</span> <span class='ocrx_word' id='word_1_90' title='bbox 988 1231 1057 1268; x_wconf 83' lang='lat' dir='ltr'>ex</span> <span class='ocrx_word' id='word_1_91' title='bbox 1087 1211 1272 1266; x_wconf 83' lang='lat' dir='ltr'>humili</span> <span class='ocrx_word' id='word_1_92' title='bbox 1300 1211 1502 1282; x_wconf 86' lang='lat' dir='ltr'>sceptra</span> <span class='ocrx_word' id='word_1_93' title='bbox 1529 1208 1700 1266; x_wconf 79' lang='lat' dir='ltr'>tuliffe</span> <span class='ocrx_word' id='word_1_94' title='bbox 1726 1211 1866 1267; x_wconf 82' lang='lat' dir='ltr'>loco.</span> 
     </span>
    </p>
   </div>
   <div class='ocr_carea' id='block_1_7' title="bbox 264 1475 1326 2645">
    <p class='ocr_par' dir='ltr' id='par_1_7' title="bbox 264 1475 1326 2645">
     <span class='ocr_line' id='line_1_18' title="bbox 330 1475 1325 1535; baseline -0.008 -15"><span class='ocrx_word' id='word_1_95' title='bbox 330 1483 403 1532; x_wconf 87' lang='lat'>769</span> <span class='ocrx_word' id='word_1_96' title='bbox 433 1483 565 1534; x_wconf 77' lang='lat' dir='ltr'>Postera</span> <span class='ocrx_word' id='word_1_97' title='bbox 595 1482 659 1519; x_wconf 71' lang='lat' dir='ltr'>lux</span> <span class='ocrx_word' id='word_1_98' title='bbox 688 1479 808 1519; x_wconf 89' lang='lat' dir='ltr'>melior</span> <span class='ocrx_word' id='word_1_99' title='bbox 834 1509 844 1526; x_wconf 91' lang='lat'>,</span> <span class='ocrx_word' id='word_1_100' title='bbox 873 1480 1024 1535; x_wconf 34' lang='lat' dir='ltr'>superat·</span> <span class='ocrx_word' id='word_1_101' title='bbox 1044 1475 1238 1526; x_wconf 81' lang='lat' dir='ltr'>Masam‘fflz</span> <span class='ocrx_word' id='word_1_102' title='bbox 1263 1481 1325 1525; x_wconf 74' lang='lat' dir='ltr'>Sy-</span> 
     </span>
     <span class='ocr_line' id='line_1_19' title="bbox 270 1527 1325 1587; baseline -0.007 -14"><span class='ocrx_word' id='word_1_103' title='bbox 270 1535 458 1587; x_wconf 69' lang='lat' dir='ltr'>phacem]</span> <span class='ocrx_word' id='word_1_104' title='bbox 515 1534 668 1572; x_wconf 83' lang='lat' dir='ltr'>Orosius</span> <span class='ocrx_word' id='word_1_105' title='bbox 687 1532 779 1571; x_wconf 84' lang='lat' dir='ltr'>libro</span> <span class='ocrx_word' id='word_1_106' title='bbox 805 1531 965 1580; x_wconf 87' lang='lat' dir='ltr'>superius</span> <span class='ocrx_word' id='word_1_107' title='bbox 996 1537 1140 1585; x_wconf 78' lang='lat' dir='ltr'>citato,</span> <span class='ocrx_word' id='word_1_108' title='bbox 1166 1540 1243 1577; x_wconf 89' lang='lat' dir='ltr'>cap.</span> <span class='ocrx_word' id='word_1_109' title='bbox 1269 1527 1325 1566; x_wconf 83' lang='lat'>18.</span> 
     </span>
     <span class='ocr_line' id='line_1_20' title="bbox 273 1578 1326 1637; baseline -0.01 -11"><span class='ocrx_word' id='word_1_110' title='bbox 273 1588 482 1637; x_wconf 82' lang='lat' dir='ltr'>Syphacem</span> <span class='ocrx_word' id='word_1_111' title='bbox 515 1587 720 1635; x_wconf 85' lang='lat' dir='ltr'>fugientem</span> <span class='ocrx_word' id='word_1_112' title='bbox 759 1584 904 1621; x_wconf 84' lang='lat' dir='ltr'>Laelius</span> <span class='ocrx_word' id='word_1_113' title='bbox 932 1583 970 1620; x_wconf 85' lang='lat'>&amp;</span> <span class='ocrx_word' id='word_1_114' title='bbox 1003 1578 1194 1637; x_wconf 76' lang='lat' dir='ltr'>Masamffa</span> <span class='ocrx_word' id='word_1_115' title='bbox 1218 1590 1326 1628; x_wconf 86' lang='lat' dir='ltr'>cepe-</span> 
     </span>
     <span class='ocr_line' id='line_1_21' title="bbox 273 1632 1325 1690; baseline -0.01 -13"><span class='ocrx_word' id='word_1_116' title='bbox 273 1647 358 1676; x_wconf 88' lang='lat' dir='ltr'>runt</span> <span class='ocrx_word' id='word_1_117' title='bbox 383 1666 395 1683; x_wconf 90' lang='lat'>,</span> <span class='ocrx_word' id='word_1_118' title='bbox 423 1647 543 1676; x_wconf 85' lang='lat' dir='ltr'>cetera</span> <span class='ocrx_word' id='word_1_119' title='bbox 571 1634 772 1674; x_wconf 88' lang='lat' dir='ltr'>multitudo</span> <span class='ocrx_word' id='word_1_120' title='bbox 804 1634 944 1672; x_wconf 86' lang='lat' dir='ltr'>Cirtam</span> <span class='ocrx_word' id='word_1_121' title='bbox 974 1632 1143 1680; x_wconf 76' lang='lat' dir='ltr'>confugit</span> <span class='ocrx_word' id='word_1_122' title='bbox 1165 1658 1194 1687; x_wconf 29' lang='grc' dir='ltr'>,ι</span> <span class='ocrx_word' id='word_1_123' title='bbox 1212 1642 1325 1690; x_wconf 73' lang='lat' dir='ltr'>quam</span> 
     </span>
     <span class='ocr_line' id='line_1_22' title="bbox 270 1683 1326 1739; baseline -0.008 -13"><span class='ocrx_word' id='word_1_124' title='bbox 270 1687 464 1727; x_wconf 85' lang='lat' dir='ltr'>Masanissa</span> <span class='ocrx_word' id='word_1_125' title='bbox 487 1694 738 1737; x_wconf 79' lang='lat' dir='ltr'>oppugnatam</span> <span class='ocrx_word' id='word_1_126' title='bbox 760 1686 797 1724; x_wconf 88' lang='lat' dir='ltr'>in</span> <span class='ocrx_word' id='word_1_127' title='bbox 821 1685 1052 1723; x_wconf 89' lang='lat' dir='ltr'>deditionem</span> <span class='ocrx_word' id='word_1_128' title='bbox 1076 1690 1225 1730; x_wconf 87' lang='lat' dir='ltr'>recepit.</span> <span class='ocrx_word' id='word_1_129' title='bbox 1261 1683 1326 1739; x_wconf 74' lang='lat' dir='ltr'>Sy-</span> 
     </span>
     <span class='ocr_line' id='line_1_23' title="bbox 270 1732 1326 1790; baseline -0.006 -13"><span class='ocrx_word' id='word_1_130' title='bbox 270 1741 428 1788; x_wconf 90' lang='lat' dir='ltr'>phacem</span> <span class='ocrx_word' id='word_1_131' title='bbox 469 1740 515 1777; x_wconf 87' lang='lat' dir='ltr'>ad</span> <span class='ocrx_word' id='word_1_132' title='bbox 544 1739 757 1787; x_wconf 86' lang='lat' dir='ltr'>Scipionem</span> <span class='ocrx_word' id='word_1_133' title='bbox 788 1737 923 1774; x_wconf 82' lang='lat' dir='ltr'>catenis</span> <span class='ocrx_word' id='word_1_134' title='bbox 955 1734 1121 1772; x_wconf 72' lang='lat' dir='ltr'>vinetum</span> <span class='ocrx_word' id='word_1_135' title='bbox 1151 1732 1326 1790; x_wconf 76' lang='lat' dir='ltr'>deduxit,</span> 
     </span>
     <span class='ocr_line' id='line_1_24' title="bbox 271 1785 1326 1840; baseline -0.006 -11"><span class='ocrx_word' id='word_1_136' title='bbox 271 1801 386 1840; x_wconf 87' lang='lat' dir='ltr'>quem</span> <span class='ocrx_word' id='word_1_137' title='bbox 426 1791 550 1837; x_wconf 81' lang='lat' dir='ltr'>Scipio</span> <span class='ocrx_word' id='word_1_138' title='bbox 582 1801 667 1828; x_wconf 88' lang='lat' dir='ltr'>cum</span> <span class='ocrx_word' id='word_1_139' title='bbox 699 1787 906 1837; x_wconf 84' lang='lat' dir='ltr'>ingentibus</span> <span class='ocrx_word' id='word_1_140' title='bbox 933 1786 1052 1835; x_wconf 88' lang='lat' dir='ltr'>spoliis</span> <span class='ocrx_word' id='word_1_141' title='bbox 1087 1785 1326 1834; x_wconf 83' lang='lat' dir='ltr'>plurimisque</span> 
     </span>
     <span class='ocr_line' id='line_1_25' title="bbox 270 1835 1324 1893; baseline -0.005 -14"><span class='ocrx_word' id='word_1_142' title='bbox 270 1843 426 1890; x_wconf 89' lang='lat' dir='ltr'>captivis</span> <span class='ocrx_word' id='word_1_143' title='bbox 463 1842 627 1878; x_wconf 86' lang='lat' dir='ltr'>Romam</span> <span class='ocrx_word' id='word_1_144' title='bbox 667 1839 949 1888; x_wconf 88' lang='lat' dir='ltr'>producendum</span> <span class='ocrx_word' id='word_1_145' title='bbox 992 1836 1124 1875; x_wconf 86' lang='lat' dir='ltr'>Laelio</span> <span class='ocrx_word' id='word_1_146' title='bbox 1166 1835 1324 1893; x_wconf 78' lang='lat' dir='ltr'>tradidit.</span> 
     </span>
     <span class='ocr_line' id='line_1_26' title="bbox 271 1888 1324 1944; baseline -0.006 -14"><span class='ocrx_word' id='word_1_147' title='bbox 271 1891 335 1930; x_wconf 91' lang='lat' dir='ltr'>De</span> <span class='ocrx_word' id='word_1_148' title='bbox 367 1890 559 1930; x_wconf 80' lang='lat' dir='ltr'>Masaniffa</span> <span class='ocrx_word' id='word_1_149' title='bbox 581 1890 745 1930; x_wconf 85' lang='lat' dir='ltr'>mirabile</span> <span class='ocrx_word' id='word_1_150' title='bbox 775 1889 950 1938; x_wconf 83' lang='lat' dir='ltr'>quiddam</span> <span class='ocrx_word' id='word_1_151' title='bbox 973 1895 1092 1926; x_wconf 86' lang='lat' dir='ltr'>narrat</span> <span class='ocrx_word' id='word_1_152' title='bbox 1123 1888 1256 1925; x_wconf 89' lang='lat' dir='ltr'>Cicero</span> <span class='ocrx_word' id='word_1_153' title='bbox 1285 1899 1324 1944; x_wconf 78' lang='lat' dir='ltr'>in</span> 
     </span>
     <span class='ocr_line' id='line_1_27' title="bbox 270 1938 1325 1997; baseline -0.007 -16"><span class='ocrx_word' id='word_1_154' title='bbox 270 1943 421 1982; x_wconf 89' lang='lat' dir='ltr'>Catone</span> <span class='ocrx_word' id='word_1_155' title='bbox 452 1943 589 1992; x_wconf 87' lang='lat' dir='ltr'>Majori</span> <span class='ocrx_word' id='word_1_156' title='bbox 612 1956 620 1980; x_wconf 90' lang='lat'><strong>:</strong></span> <span class='ocrx_word' id='word_1_157' title='bbox 671 1941 730 1980; x_wconf 91' lang='lat' dir='ltr'>ubi</span> <span class='ocrx_word' id='word_1_158' title='bbox 757 1941 806 1979; x_wconf 90' lang='lat' dir='ltr'>ita</span> <span class='ocrx_word' id='word_1_159' title='bbox 841 1940 889 1978; x_wconf 89' lang='lat' dir='ltr'>est</span> <span class='ocrx_word' id='word_1_160' title='bbox 911 1953 919 1977; x_wconf 75' lang='grc' dir='ltr'><strong><em>ε</em></strong></span> <span class='ocrx_word' id='word_1_161' title='bbox 966 1940 1134 1976; x_wconf 80' lang='lat' dir='ltr'>Arbitror</span> <span class='ocrx_word' id='word_1_162' title='bbox 1161 1948 1194 1975; x_wconf 79' lang='lat' dir='ltr'>te</span> <span class='ocrx_word' id='word_1_163' title='bbox 1220 1938 1325 1997; x_wconf 58' lang='lat' dir='ltr'>aurit-</span> 
     </span>
     <span class='ocr_line' id='line_1_28' title="bbox 271 1991 1324 2047; baseline -0.005 -16"><span class='ocrx_word' id='word_1_164' title='bbox 271 2008 308 2031; x_wconf 84' lang='lat' dir='ltr'>re</span> <span class='ocrx_word' id='word_1_165' title='bbox 329 2022 340 2039; x_wconf 93' lang='lat'>‚</span> <span class='ocrx_word' id='word_1_166' title='bbox 378 1994 482 2043; x_wconf 85' lang='lat' dir='ltr'>Scipio</span> <span class='ocrx_word' id='word_1_167' title='bbox 504 2022 513 2038; x_wconf 95' lang='lat'>,</span> <span class='ocrx_word' id='word_1_168' title='bbox 564 1993 674 2043; x_wconf 82' lang='lat' dir='ltr'>hospes</span> <span class='ocrx_word' id='word_1_169' title='bbox 709 2002 790 2029; x_wconf 85' lang='lat' dir='ltr'>tuus</span> <span class='ocrx_word' id='word_1_170' title='bbox 826 1991 1020 2040; x_wconf 73' lang='lat' dir='ltr'>Masanifflz</span> <span class='ocrx_word' id='word_1_171' title='bbox 1042 2017 1053 2036; x_wconf 90' lang='lat'>,</span> <span class='ocrx_word' id='word_1_172' title='bbox 1091 2004 1179 2047; x_wconf 82' lang='lat' dir='ltr'>quae</span> <span class='ocrx_word' id='word_1_173' title='bbox 1205 1991 1324 2036; x_wconf 81' lang='lat' dir='ltr'>factat</span> 
     </span>
     <span class='ocr_line' id='line_1_29' title="bbox 270 2040 1324 2093; baseline -0.004 -11"><span class='ocrx_word' id='word_1_174' title='bbox 270 2045 371 2083; x_wconf 86' lang='lat' dir='ltr'>hodie</span> <span class='ocrx_word' id='word_1_175' title='bbox 394 2074 404 2090; x_wconf 92' lang='lat'>,</span> <span class='ocrx_word' id='word_1_176' title='bbox 462 2045 654 2093; x_wconf 80' lang='lat' dir='ltr'>nonaginta</span> <span class='ocrx_word' id='word_1_177' title='bbox 695 2056 803 2080; x_wconf 82' lang='lat' dir='ltr'>annos</span> <span class='ocrx_word' id='word_1_178' title='bbox 850 2052 956 2079; x_wconf 79' lang='lat' dir='ltr'>natus</span> <span class='ocrx_word' id='word_1_179' title='bbox 981 2069 991 2085; x_wconf 91' lang='lat'>,</span> <span class='ocrx_word' id='word_1_180' title='bbox 1038 2055 1118 2078; x_wconf 84' lang='lat' dir='ltr'>cum</span> <span class='ocrx_word' id='word_1_181' title='bbox 1163 2040 1324 2090; x_wconf 76' lang='lat' dir='ltr'>ingreffus</span> 
     </span>
     <span class='ocr_line' id='line_1_30' title="bbox 269 2092 1324 2146; baseline -0.005 -13"><span class='ocrx_word' id='word_1_182' title='bbox 269 2096 337 2134; x_wconf 78' lang='lat' dir='ltr'>iter</span> <span class='ocrx_word' id='word_1_183' title='bbox 363 2096 507 2146; x_wconf 77' lang='lat' dir='ltr'>pedibus</span> <span class='ocrx_word' id='word_1_184' title='bbox 542 2096 585 2143; x_wconf 76' lang='lat' dir='ltr'>fit</span> <span class='ocrx_word' id='word_1_185' title='bbox 607 2124 617 2142; x_wconf 93' lang='lat'>,</span> <span class='ocrx_word' id='word_1_186' title='bbox 653 2095 691 2133; x_wconf 83' lang='lat' dir='ltr'>in</span> <span class='ocrx_word' id='word_1_187' title='bbox 724 2107 850 2143; x_wconf 81' lang='lat' dir='ltr'>equum</span> <span class='ocrx_word' id='word_1_188' title='bbox 887 2093 1025 2130; x_wconf 85' lang='lat' dir='ltr'>omnino</span> <span class='ocrx_word' id='word_1_189' title='bbox 1061 2106 1130 2129; x_wconf 86' lang='lat' dir='ltr'>non</span> <span class='ocrx_word' id='word_1_190' title='bbox 1166 2092 1324 2141; x_wconf 83' lang='lat' dir='ltr'>ascende-</span> 
     </span>
     <span class='ocr_line' id='line_1_31' title="bbox 269 2143 1324 2198; baseline -0.003 -14"><span class='ocrx_word' id='word_1_191' title='bbox 269 2162 345 2192; x_wconf 87' lang='lat' dir='ltr'>re;</span> <span class='ocrx_word' id='word_1_192' title='bbox 384 2161 462 2185; x_wconf 86' lang='lat' dir='ltr'>cum</span> <span class='ocrx_word' id='word_1_193' title='bbox 500 2161 584 2198; x_wconf 80' lang='lat' dir='ltr'>equo</span> <span class='ocrx_word' id='word_1_194' title='bbox 605 2175 615 2190; x_wconf 95' lang='lat'>‚</span> <span class='ocrx_word' id='word_1_195' title='bbox 652 2158 693 2184; x_wconf 86' lang='lat' dir='ltr'>ex</span> <span class='ocrx_word' id='word_1_196' title='bbox 728 2159 810 2195; x_wconf 83' lang='lat' dir='ltr'>equo</span> <span class='ocrx_word' id='word_1_197' title='bbox 847 2158 915 2182; x_wconf 87' lang='lat' dir='ltr'>non</span> <span class='ocrx_word' id='word_1_198' title='bbox 949 2144 1143 2192; x_wconf 74' lang='lat' dir='ltr'>descendere</span> <span class='ocrx_word' id='word_1_199' title='bbox 1167 2159 1178 2180; x_wconf 91' lang='lat'>.·</span> <span class='ocrx_word' id='word_1_200' title='bbox 1227 2143 1324 2181; x_wconf 87' lang='lat' dir='ltr'>nullo</span> 
     </span>
     <span class='ocr_line' id='line_1_32' title="bbox 269 2193 1325 2245; baseline -0.007 -9"><span class='ocrx_word' id='word_1_201' title='bbox 269 2197 409 2243; x_wconf 73' lang='lat' dir='ltr'>imbre,</span> <span class='ocrx_word' id='word_1_202' title='bbox 449 2197 544 2235; x_wconf 85' lang='lat' dir='ltr'>nullo</span> <span class='ocrx_word' id='word_1_203' title='bbox 573 2198 700 2245; x_wconf 84' lang='lat' dir='ltr'>frigore</span> <span class='ocrx_word' id='word_1_204' title='bbox 735 2196 893 2241; x_wconf 82' lang='lat' dir='ltr'>adduci,</span> <span class='ocrx_word' id='word_1_205' title='bbox 928 2205 968 2232; x_wconf 83' lang='lat' dir='ltr'>ut</span> <span class='ocrx_word' id='word_1_206' title='bbox 1005 2195 1111 2242; x_wconf 81' lang='lat' dir='ltr'>capite</span> <span class='ocrx_word' id='word_1_207' title='bbox 1137 2203 1245 2243; x_wconf 82' lang='lat' dir='ltr'>operto</span> <span class='ocrx_word' id='word_1_208' title='bbox 1262 2193 1325 2243; x_wconf 82' lang='lat' dir='ltr'>fit·</span> 
     </span>
     <span class='ocr_line' id='line_1_33' title="bbox 266 2246 1323 2298; baseline -0.004 -10"><span class='ocrx_word' id='word_1_209' title='bbox 266 2249 317 2288; x_wconf 86' lang='lat' dir='ltr'>Et</span> <span class='ocrx_word' id='word_1_210' title='bbox 337 2250 537 2298; x_wconf 84' lang='lat' dir='ltr'>Eutropius</span> <span class='ocrx_word' id='word_1_211' title='bbox 555 2249 615 2286; x_wconf 89' lang='lat' dir='ltr'>lib.</span> <span class='ocrx_word' id='word_1_212' title='bbox 637 2259 689 2286; x_wconf 73' lang='lat' dir='ltr'>iv.</span> <span class='ocrx_word' id='word_1_213' title='bbox 718 2247 899 2284; x_wconf 89' lang='lat' dir='ltr'>Detertio</span> <span class='ocrx_word' id='word_1_214' title='bbox 919 2246 1017 2284; x_wconf 92' lang='lat' dir='ltr'>bello</span> <span class='ocrx_word' id='word_1_215' title='bbox 1031 2246 1172 2285; x_wconf 91' lang='lat' dir='ltr'>Punico</span> <span class='ocrx_word' id='word_1_216' title='bbox 1187 2275 1198 2292; x_wconf 89' lang='lat'>,</span> <span class='ocrx_word' id='word_1_217' title='bbox 1219 2250 1323 2298; x_wconf 88' lang='lat' dir='ltr'>quod</span> 
     </span>
     <span class='ocr_line' id='line_1_34' title="bbox 265 2297 1320 2342; baseline -0.002 -3"><span class='ocrx_word' id='word_1_218' title='bbox 265 2312 368 2340; x_wconf 89' lang='lat' dir='ltr'>anno</span> <span class='ocrx_word' id='word_1_219' title='bbox 399 2302 448 2338; x_wconf 86' lang='lat' dir='ltr'>V.</span> <span class='ocrx_word' id='word_1_220' title='bbox 469 2300 513 2338; x_wconf 93' lang='lat' dir='ltr'>C.</span> <span class='ocrx_word' id='word_1_221' title='bbox 542 2313 566 2338; x_wconf 83' lang='lat' dir='ltr'>n</span> <span class='ocrx_word' id='word_1_222' title='bbox 585 2312 619 2337; x_wconf 89' lang='lat' dir='ltr'>c.</span> <span class='ocrx_word' id='word_1_223' title='bbox 648 2311 709 2337; x_wconf 91' lang='lat' dir='ltr'>1v.</span> <span class='ocrx_word' id='word_1_224' title='bbox 748 2298 831 2342; x_wconf 91' lang='lat' dir='ltr'>vel,</span> <span class='ocrx_word' id='word_1_225' title='bbox 860 2306 900 2335; x_wconf 92' lang='lat' dir='ltr'>ut</span> <span class='ocrx_word' id='word_1_226' title='bbox 927 2297 1007 2341; x_wconf 87' lang='lat' dir='ltr'>alii,</span> <span class='ocrx_word' id='word_1_227' title='bbox 1047 2309 1123 2335; x_wconf 81' lang='lat' dir='ltr'>nc.</span> <span class='ocrx_word' id='word_1_228' title='bbox 1151 2311 1205 2336; x_wconf 78' lang='lat' dir='ltr'>vx.</span> <span class='ocrx_word' id='word_1_229' title='bbox 1235 2311 1320 2339; x_wconf 84' lang='lat' dir='ltr'>mo-</span> 
     </span>
     <span class='ocr_line' id='line_1_35' title="bbox 265 2349 1319 2400; baseline -0.004 -10"><span class='ocrx_word' id='word_1_230' title='bbox 265 2358 346 2390; x_wconf 85' lang='lat' dir='ltr'>tum</span> <span class='ocrx_word' id='word_1_231' title='bbox 381 2351 441 2389; x_wconf 89' lang='lat' dir='ltr'>est.</span> <span class='ocrx_word' id='word_1_232' title='bbox 494 2357 560 2388; x_wconf 90' lang='lat' dir='ltr'>Per</span> <span class='ocrx_word' id='word_1_233' title='bbox 586 2351 677 2388; x_wconf 84' lang='lat' dir='ltr'>idem</span> <span class='ocrx_word' id='word_1_234' title='bbox 701 2377 712 2394; x_wconf 86' lang='lat'>,</span> <span class='ocrx_word' id='word_1_235' title='bbox 747 2349 899 2397; x_wconf 88' lang='lat' dir='ltr'>inquit,</span> <span class='ocrx_word' id='word_1_236' title='bbox 937 2357 1071 2398; x_wconf 82' lang='lat' dir='ltr'>tempus</span> <span class='ocrx_word' id='word_1_237' title='bbox 1105 2350 1319 2400; x_wconf 80' lang='lat' dir='ltr'>Masam&#39;ſja,</span> 
     </span>
     <span class='ocr_line' id='line_1_36' title="bbox 266 2398 1318 2451; baseline 0 -12"><span class='ocrx_word' id='word_1_238' title='bbox 266 2402 402 2440; x_wconf 86' lang='lat' dir='ltr'>amicus</span> <span class='ocrx_word' id='word_1_239' title='bbox 429 2401 548 2451; x_wconf 85' lang='lat' dir='ltr'>Populi</span> <span class='ocrx_word' id='word_1_240' title='bbox 576 2408 617 2439; x_wconf 91' lang='lat' dir='ltr'>R.</span> <span class='ocrx_word' id='word_1_241' title='bbox 637 2413 729 2438; x_wconf 87' lang='lat' dir='ltr'>anno</span> <span class='ocrx_word' id='word_1_242' title='bbox 757 2399 854 2436; x_wconf 85' lang='lat' dir='ltr'>vitae</span> <span class='ocrx_word' id='word_1_243' title='bbox 867 2398 955 2448; x_wconf 81' lang='lat' dir='ltr'>suae</span> <span class='ocrx_word' id='word_1_244' title='bbox 973 2410 1110 2440; x_wconf 78' lang='lat' dir='ltr'>xcvrt.</span> <span class='ocrx_word' id='word_1_245' title='bbox 1139 2412 1318 2450; x_wconf 85' lang='lat' dir='ltr'>mortuus,</span> 
     </span>
     <span class='ocr_line' id='line_1_37' title="bbox 266 2450 1321 2502; baseline -0.001 -10"><span class='ocrx_word' id='word_1_246' title='bbox 266 2465 381 2492; x_wconf 71' lang='lat' dir='ltr'>XLIV.</span> <span class='ocrx_word' id='word_1_247' title='bbox 402 2452 489 2500; x_wconf 84' lang='lat' dir='ltr'>filiis</span> <span class='ocrx_word' id='word_1_248' title='bbox 515 2452 653 2490; x_wconf 66' lang='lat' dir='ltr'>reliblis.</span> <span class='ocrx_word' id='word_1_249' title='bbox 715 2450 900 2500; x_wconf 85' lang='lat' dir='ltr'>Scipionem</span> <span class='ocrx_word' id='word_1_250' title='bbox 928 2450 1114 2497; x_wconf 73' lang='lat' dir='ltr'>divifhrem</span> <span class='ocrx_word' id='word_1_251' title='bbox 1140 2452 1237 2502; x_wconf 87' lang='lat' dir='ltr'>regni</span> <span class='ocrx_word' id='word_1_252' title='bbox 1264 2454 1321 2491; x_wconf 84' lang='lat' dir='ltr'>in-</span> 
     </span>
     <span class='ocr_line' id='line_1_38' title="bbox 264 2502 1320 2554; baseline 0.001 -12"><span class='ocrx_word' id='word_1_253' title='bbox 264 2513 318 2543; x_wconf 85' lang='lat' dir='ltr'>ter</span> <span class='ocrx_word' id='word_1_254' title='bbox 339 2504 430 2554; x_wconf 85' lang='lat' dir='ltr'>filios</span> <span class='ocrx_word' id='word_1_255' title='bbox 456 2505 514 2554; x_wconf 83' lang='lat' dir='ltr'>effe</span> <span class='ocrx_word' id='word_1_256' title='bbox 531 2502 641 2553; x_wconf 78' lang='lat' dir='ltr'>juffi&#39;t.</span> <span class='ocrx_word' id='word_1_257' title='bbox 684 2503 746 2541; x_wconf 91' lang='lat' dir='ltr'>De</span> <span class='ocrx_word' id='word_1_258' title='bbox 776 2514 853 2551; x_wconf 88' lang='lat' dir='ltr'>quo</span> <span class='ocrx_word' id='word_1_259' title='bbox 879 2502 990 2540; x_wconf 77' lang='lat' dir='ltr'>etiam</span> <span class='ocrx_word' id='word_1_260' title='bbox 1016 2502 1182 2542; x_wconf 87' lang='lat' dir='ltr'>Valerius</span> <span class='ocrx_word' id='word_1_261' title='bbox 1215 2504 1320 2546; x_wconf 85' lang='lat' dir='ltr'>Max.</span> 
     </span>
     <span class='ocr_line' id='line_1_39' title="bbox 265 2553 1320 2605; baseline 0.002 -11"><span class='ocrx_word' id='word_1_262' title='bbox 265 2555 327 2594; x_wconf 89' lang='lat' dir='ltr'>lib.</span> <span class='ocrx_word' id='word_1_263' title='bbox 360 2567 432 2593; x_wconf 84' lang='lat' dir='ltr'>nx.</span> <span class='ocrx_word' id='word_1_264' title='bbox 473 2567 552 2604; x_wconf 91' lang='lat' dir='ltr'>cap.</span> <span class='ocrx_word' id='word_1_265' title='bbox 587 2567 644 2605; x_wconf 87' lang='lat'>13.</span> <span class='ocrx_word' id='word_1_266' title='bbox 693 2555 732 2593; x_wconf 87' lang='lat'>&amp;</span> <span class='ocrx_word' id='word_1_267' title='bbox 760 2553 819 2592; x_wconf 87' lang='lat' dir='ltr'>lib.</span> <span class='ocrx_word' id='word_1_268' title='bbox 850 2565 904 2592; x_wconf 84' lang='lat' dir='ltr'>1x.</span> <span class='ocrx_word' id='word_1_269' title='bbox 940 2564 1016 2601; x_wconf 88' lang='lat' dir='ltr'>cap.</span> <span class='ocrx_word' id='word_1_270' title='bbox 1047 2566 1103 2602; x_wconf 89' lang='lat'>14.</span> <span class='ocrx_word' id='word_1_271' title='bbox 1150 2555 1320 2597; x_wconf 69' lang='lat' dir='ltr'>Ctorau.</span> 
     </span>
     <span class='ocr_line' id='line_1_40' title="bbox 264 2606 607 2645; baseline 0 -1"><span class='ocrx_word' id='word_1_272' title='bbox 264 2606 434 2645; x_wconf 82' lang='lat' dir='ltr'>Proxima</span> <span class='ocrx_word' id='word_1_273' title='bbox 453 2607 607 2644; x_wconf 88' lang='lat' dir='ltr'>Moreti.</span> 
     </span>
    </p>
   </div>
   <div class='ocr_carea' id='block_1_8' title="bbox 268 2688 1319 2981">
    <p class='ocr_par' dir='ltr' id='par_1_8' title="bbox 268 2688 1319 2981">
     <span class='ocr_line' id='line_1_41' title="bbox 321 2688 1318 2741; baseline 0.007 -17"><span class='ocrx_word' id='word_1_274' title='bbox 321 2689 406 2736; x_wconf 82' lang='lat'>769.</span> <span class='ocrx_word' id='word_1_275' title='bbox 435 2689 573 2738; x_wconf 87' lang='lat' dir='ltr'>Postera</span> <span class='ocrx_word' id='word_1_276' title='bbox 605 2689 667 2727; x_wconf 84' lang='lat' dir='ltr'>lux</span> <span class='ocrx_word' id='word_1_277' title='bbox 696 2688 853 2738; x_wconf 63' lang='lat' dir='ltr'>melion]</span> <span class='ocrx_word' id='word_1_278' title='bbox 917 2700 1008 2726; x_wconf 84' lang='lat' dir='ltr'>v111.</span> <span class='ocrx_word' id='word_1_279' title='bbox 1035 2689 1218 2730; x_wconf 81' lang='lat' dir='ltr'>Kalendas</span> <span class='ocrx_word' id='word_1_280' title='bbox 1251 2692 1318 2741; x_wconf 91' lang='lat' dir='ltr'>Sy-</span> 
     </span>
     <span class='ocr_line' id='line_1_42' title="bbox 268 2737 1319 2789; baseline 0.007 -15"><span class='ocrx_word' id='word_1_281' title='bbox 268 2737 364 2786; x_wconf 83' lang='lat' dir='ltr'>phax</span> <span class='ocrx_word' id='word_1_282' title='bbox 383 2740 441 2777; x_wconf 89' lang='lat' dir='ltr'>ille</span> <span class='ocrx_word' id='word_1_283' title='bbox 462 2740 482 2777; x_wconf 75' lang='lat' dir='ltr'>a</span> <span class='ocrx_word' id='word_1_284' title='bbox 506 2741 680 2789; x_wconf 86' lang='lat' dir='ltr'>Scipione</span> <span class='ocrx_word' id='word_1_285' title='bbox 710 2740 891 2777; x_wconf 86' lang='lat' dir='ltr'>Africano</span> <span class='ocrx_word' id='word_1_286' title='bbox 910 2738 1072 2778; x_wconf 92' lang='lat' dir='ltr'>secundo</span> <span class='ocrx_word' id='word_1_287' title='bbox 1102 2742 1241 2788; x_wconf 88' lang='lat' dir='ltr'>praelio</span> <span class='ocrx_word' id='word_1_288' title='bbox 1261 2743 1319 2781; x_wconf 89' lang='lat' dir='ltr'>di·</span> 
     </span>
     <span class='ocr_line' id='line_1_43' title="bbox 268 2788 1314 2839; baseline 0.007 -15"><span class='ocrx_word' id='word_1_289' title='bbox 268 2797 388 2832; x_wconf 87' lang='lat' dir='ltr'>rutus;</span> <span class='ocrx_word' id='word_1_290' title='bbox 419 2793 526 2828; x_wconf 81' lang='lat' dir='ltr'>tertio</span> <span class='ocrx_word' id='word_1_291' title='bbox 553 2791 669 2830; x_wconf 59' lang='lat' dir='ltr'>vietus</span> <span class='ocrx_word' id='word_1_292' title='bbox 688 2792 727 2829; x_wconf 70' lang='grc' dir='ltr'>δε</span> <span class='ocrx_word' id='word_1_293' title='bbox 749 2799 873 2839; x_wconf 83' lang='lat' dir='ltr'>captus</span> <span class='ocrx_word' id='word_1_294' title='bbox 899 2788 919 2827; x_wconf 76' lang='lat' dir='ltr'>a</span> <span class='ocrx_word' id='word_1_295' title='bbox 942 2791 983 2829; x_wconf 87' lang='lat' dir='ltr'>C.</span> <span class='ocrx_word' id='word_1_296' title='bbox 1008 2791 1139 2829; x_wconf 87' lang='lat' dir='ltr'>Laelio</span> <span class='ocrx_word' id='word_1_297' title='bbox 1169 2793 1207 2830; x_wconf 66' lang='grc' dir='ltr'>δε</span> <span class='ocrx_word' id='word_1_298' title='bbox 1229 2794 1314 2831; x_wconf 88' lang='lat' dir='ltr'>Ma-</span> 
     </span>
     <span class='ocr_line' id='line_1_44' title="bbox 270 2837 1314 2894; baseline 0.008 -19"><span class='ocrx_word' id='word_1_299' title='bbox 270 2837 386 2876; x_wconf 66' lang='lat' dir='ltr'>smiffii</span> <span class='ocrx_word' id='word_1_300' title='bbox 414 2841 537 2889; x_wconf 80' lang='lat' dir='ltr'>Rege:</span> <span class='ocrx_word' id='word_1_301' title='bbox 566 2855 634 2881; x_wconf 90' lang='lat' dir='ltr'>nec</span> <span class='ocrx_word' id='word_1_302' title='bbox 657 2842 778 2880; x_wconf 88' lang='lat' dir='ltr'>multo</span> <span class='ocrx_word' id='word_1_303' title='bbox 798 2841 901 2890; x_wconf 88' lang='lat' dir='ltr'>post,</span> <span class='ocrx_word' id='word_1_304' title='bbox 932 2842 1044 2891; x_wconf 89' lang='lat' dir='ltr'>Cyrta</span> <span class='ocrx_word' id='word_1_305' title='bbox 1063 2844 1165 2892; x_wconf 85' lang='lat' dir='ltr'>regni</span> <span class='ocrx_word' id='word_1_306' title='bbox 1183 2853 1314 2894; x_wconf 88' lang='lat' dir='ltr'>caput,</span> 
     </span>
     <span class='ocr_line' id='line_1_45' title="bbox 270 2889 1315 2942; baseline 0.01 -17"><span class='ocrx_word' id='word_1_307' title='bbox 270 2889 504 2937; x_wconf 80' lang='lat' dir='ltr'>Sophonisba</span> <span class='ocrx_word' id='word_1_308' title='bbox 537 2904 630 2930; x_wconf 86' lang='lat' dir='ltr'>uxor</span> <span class='ocrx_word' id='word_1_309' title='bbox 651 2921 663 2939; x_wconf 88' lang='lat'>,</span> <span class='ocrx_word' id='word_1_310' title='bbox 709 2894 747 2931; x_wconf 67' lang='grc' dir='ltr'>ὅ(</span> <span class='ocrx_word' id='word_1_311' title='bbox 776 2892 875 2942; x_wconf 80' lang='lat' dir='ltr'>regia</span> <span class='ocrx_word' id='word_1_312' title='bbox 900 2894 1039 2933; x_wconf 87' lang='lat' dir='ltr'>familia</span> <span class='ocrx_word' id='word_1_313' title='bbox 1060 2922 1073 2940; x_wconf 95' lang='lat'>,</span> <span class='ocrx_word' id='word_1_314' title='bbox 1111 2905 1211 2934; x_wconf 90' lang='lat' dir='ltr'>anno</span> <span class='ocrx_word' id='word_1_315' title='bbox 1242 2898 1315 2935; x_wconf 89' lang='lat' dir='ltr'>Ur-</span> 
     </span>
     <span class='ocr_line' id='line_1_46' title="bbox 269 2939 627 2981; baseline 0.011 -4"><span class='ocrx_word' id='word_1_316' title='bbox 269 2939 322 2978; x_wconf 88' lang='lat' dir='ltr'>bis</span> <span class='ocrx_word' id='word_1_317' title='bbox 351 2952 422 2977; x_wconf 78' lang='lat' dir='ltr'>Dt.</span> <span class='ocrx_word' id='word_1_318' title='bbox 452 2942 627 2981; x_wconf 64' lang='lat' dir='ltr'>Neapor..</span> 
     </span>
    </p>
   </div>
   <div class='ocr_carea' id='block_1_9' title="bbox 269 3021 1315 3126">
    <p class='ocr_par' dir='ltr' id='par_1_9' title="bbox 269 3021 1315 3126">
     <span class='ocr_line' id='line_1_47' title="bbox 323 3021 1315 3076; baseline 0.012 -18"><span class='ocrx_word' id='word_1_319' title='bbox 323 3021 407 3069; x_wconf 89' lang='lat'><strong>769.</strong></span> <span class='ocrx_word' id='word_1_320' title='bbox 438 3022 626 3070; x_wconf 72' lang='lat' dir='ltr'>Masamffa</span> <span class='ocrx_word' id='word_1_321' title='bbox 646 3025 871 3076; x_wconf 52' lang='lat' dir='ltr'>Syphacem]</span> <span class='ocrx_word' id='word_1_322' title='bbox 919 3026 1088 3075; x_wconf 76' lang='lat' dir='ltr'>SyphaX,</span> <span class='ocrx_word' id='word_1_323' title='bbox 1116 3036 1156 3068; x_wconf 87' lang='lat' dir='ltr'>ut</span> <span class='ocrx_word' id='word_1_324' title='bbox 1175 3042 1220 3068; x_wconf 89' lang='lat' dir='ltr'>ex</span> <span class='ocrx_word' id='word_1_325' title='bbox 1250 3030 1315 3070; x_wconf 87' lang='lat' dir='ltr'>Li-</span> 
     </span>
     <span class='ocr_line' id='line_1_48' title="bbox 269 3071 1315 3126; baseline 0.012 -17"><span class='ocrx_word' id='word_1_326' title='bbox 269 3071 335 3110; x_wconf 79' lang='lat' dir='ltr'>vio</span> <span class='ocrx_word' id='word_1_327' title='bbox 359 3083 476 3110; x_wconf 85' lang='lat' dir='ltr'>narrat</span> <span class='ocrx_word' id='word_1_328' title='bbox 497 3072 595 3111; x_wconf 84' lang='lat' dir='ltr'>idem</span> <span class='ocrx_word' id='word_1_329' title='bbox 628 3074 791 3113; x_wconf 81' lang='lat' dir='ltr'>Valerius</span> <span class='ocrx_word' id='word_1_330' title='bbox 810 3076 866 3113; x_wconf 65' lang='lat' dir='ltr'>lib,</span> <span class='ocrx_word' id='word_1_331' title='bbox 889 3089 923 3113; x_wconf 92' lang='lat' dir='ltr'>v.</span> <span class='ocrx_word' id='word_1_332' title='bbox 945 3090 1023 3126; x_wconf 90' lang='lat' dir='ltr'>cap.</span> <span class='ocrx_word' id='word_1_333' title='bbox 1041 3092 1068 3116; x_wconf 92' lang='lat'>1.</span> <span class='ocrx_word' id='word_1_334' title='bbox 1095 3081 1131 3118; x_wconf 90' lang='lat' dir='ltr'>in</span> <span class='ocrx_word' id='word_1_335' title='bbox 1155 3082 1315 3121; x_wconf 87' lang='lat' dir='ltr'>custodia</span> 
     </span>
    </p>
   </div>
   <div class='ocr_carea' id='block_1_10' title="bbox 268 3122 1317 3275">
    <p class='ocr_par' dir='ltr' id='par_1_10' title="bbox 268 3122 1317 3275">
     <span class='ocr_line' id='line_1_49' title="bbox 270 3122 1316 3176; baseline 0.012 -16"><span class='ocrx_word' id='word_1_336' title='bbox 270 3122 405 3161; x_wconf 86' lang='lat' dir='ltr'>Tiburi</span> <span class='ocrx_word' id='word_1_337' title='bbox 430 3132 596 3162; x_wconf 87' lang='lat' dir='ltr'>mortuus</span> <span class='ocrx_word' id='word_1_338' title='bbox 615 3125 684 3170; x_wconf 87' lang='lat' dir='ltr'>est;</span> <span class='ocrx_word' id='word_1_339' title='bbox 713 3138 824 3175; x_wconf 87' lang='lat' dir='ltr'>quem</span> <span class='ocrx_word' id='word_1_340' title='bbox 847 3127 998 3165; x_wconf 82' lang='lat' dir='ltr'>Senatus</span> <span class='ocrx_word' id='word_1_341' title='bbox 1020 3131 1167 3176; x_wconf 87' lang='lat' dir='ltr'>publico</span> <span class='ocrx_word' id='word_1_342' title='bbox 1186 3134 1316 3173; x_wconf 90' lang='lat' dir='ltr'>funere</span> 
     </span>
     <span class='ocr_line' id='line_1_50' title="bbox 271 3173 1317 3263; baseline 0.012 -52"><span class='ocrx_word' id='word_1_343' title='bbox 271 3173 502 3263; x_wconf 55' lang='lat' dir='ltr'>eff}re.¹¹dl³m</span> <span class='ocrx_word' id='word_1_344' title='bbox 526 3175 674 3215; x_wconf 87' lang='lat' dir='ltr'>censuit.</span> <span class='ocrx_word' id='word_1_345' title='bbox 700 3178 869 3218; x_wconf 74' lang='lat' dir='ltr'>CxorAN.</span> <span class='ocrx_word' id='word_1_346' title='bbox 915 3177 1092 3230; x_wconf 81' lang='lat' dir='ltr'>Mastniffa</span> <span class='ocrx_word' id='word_1_347' title='bbox 1112 3194 1243 3223; x_wconf 91' lang='lat' dir='ltr'>omnes</span> <span class='ocrx_word' id='word_1_348' title='bbox 1262 3185 1317 3223; x_wconf 86' lang='lat' dir='ltr'>fe·</span> 
     </span>
     <span class='ocr_line' id='line_1_51' title="bbox 268 3235 463 3275; baseline 0.01 -13"><span class='ocrx_word' id='word_1_349' title='bbox 268 3235 308 3263; x_wconf 76' lang='lat' dir='ltr'>re</span> <span class='ocrx_word' id='word_1_350' title='bbox 347 3235 463 3275; x_wconf 85' lang='lat' dir='ltr'>cripti.</span> 
     </span>
    </p>
   </div>
   <div class='ocr_carea' id='block_1_11' title="bbox 2285 1349 2432 1409">
    <p class='ocr_par' dir='ltr' id='par_1_11' title="bbox 2285 1349 2432 1409">
     <span class='ocr_line' id='line_1_52' title="bbox 2285 1349 2432 1409; baseline 0.034 -5"><span class='ocrx_word' id='word_1_351' title='bbox 2285 1349 2432 1409; x_wconf 85' lang='lat' dir='ltr'>Con-</span> 
     </span>
    </p>
   </div>
   <div class='ocr_carea' id='block_1_12' title="bbox 1381 1475 2457 1566">
    <p class='ocr_par' dir='ltr' id='par_1_12' title="bbox 1381 1475 2457 1566">
     <span class='ocr_line' id='line_1_53' title="bbox 1381 1475 2457 1532; baseline 0.018 -20"><span class='ocrx_word' id='word_1_352' title='bbox 1381 1475 1492 1514; x_wconf 82' lang='lat' dir='ltr'>Urbis</span> <span class='ocrx_word' id='word_1_353' title='bbox 1511 1486 1645 1513; x_wconf 73' lang='lat' dir='ltr'>Dvas.</span> <span class='ocrx_word' id='word_1_354' title='bbox 1666 1475 1710 1514; x_wconf 89' lang='lat' dir='ltr'>C.</span> <span class='ocrx_word' id='word_1_355' title='bbox 1734 1475 1892 1517; x_wconf 85' lang='lat' dir='ltr'>Claudio</span> <span class='ocrx_word' id='word_1_356' title='bbox 1916 1478 2071 1522; x_wconf 89' lang='lat' dir='ltr'>Nerone</span> <span class='ocrx_word' id='word_1_357' title='bbox 2091 1483 2129 1524; x_wconf 85' lang='lat'>&amp;</span> <span class='ocrx_word' id='word_1_358' title='bbox 2156 1485 2212 1526; x_wconf 89' lang='lat' dir='ltr'>M.</span> <span class='ocrx_word' id='word_1_359' title='bbox 2236 1487 2352 1529; x_wconf 92' lang='lat' dir='ltr'>Livio</span> <span class='ocrx_word' id='word_1_360' title='bbox 2374 1490 2436 1532; x_wconf 86' lang='lat' dir='ltr'>Sa·</span> <span class='ocrx_word' id='word_1_361' title='bbox 2455 1478 2457 1483; x_wconf 37' lang='lat'>⁸</span> 
     </span>
     <span class='ocr_line' id='line_1_54' title="bbox 1381 1525 1805 1566; baseline 0.002 -1"><span class='ocrx_word' id='word_1_362' title='bbox 1381 1527 1537 1565; x_wconf 85' lang='lat' dir='ltr'>linatore</span> <span class='ocrx_word' id='word_1_363' title='bbox 1561 1525 1659 1564; x_wconf 77' lang='lat' dir='ltr'>Coss.</span> <span class='ocrx_word' id='word_1_364' title='bbox 1679 1528 1805 1566; x_wconf 76' lang='lat' dir='ltr'>NEAP.</span> 
     </span>
    </p>
   </div>
   <div class='ocr_carea' id='block_1_13' title="bbox 1372 1598 2438 1899">
    <p class='ocr_par' dir='ltr' id='par_1_13' title="bbox 1372 1598 2438 1899">
     <span class='ocr_line' id='line_1_55' title="bbox 1436 1598 2434 1653; baseline 0.026 -26"><span class='ocrx_word' id='word_1_365' title='bbox 1436 1599 1521 1636; x_wconf 83' lang='lat'>771.</span> <span class='ocrx_word' id='word_1_366' title='bbox 1548 1599 1721 1634; x_wconf 85' lang='lat' dir='ltr'>Fortunae</span> <span class='ocrx_word' id='word_1_367' title='bbox 1747 1598 1860 1636; x_wconf 85' lang='lat' dir='ltr'>Fortis</span> <span class='ocrx_word' id='word_1_368' title='bbox 1889 1598 2071 1653; x_wconf 85' lang='lat' dir='ltr'>honores.]</span> <span class='ocrx_word' id='word_1_369' title='bbox 2127 1606 2225 1647; x_wconf 84' lang='lat' dir='ltr'>Nam</span> <span class='ocrx_word' id='word_1_370' title='bbox 2255 1608 2337 1650; x_wconf 87' lang='lat' dir='ltr'>sunt</span> <span class='ocrx_word' id='word_1_371' title='bbox 2369 1625 2434 1653; x_wconf 90' lang='lat' dir='ltr'>eo-</span> 
     </span>
     <span class='ocr_line' id='line_1_56' title="bbox 1383 1637 2434 1705; baseline 0.026 -28"><span class='ocrx_word' id='word_1_372' title='bbox 1383 1637 1469 1678; x_wconf 87' lang='lat' dir='ltr'>dem</span> <span class='ocrx_word' id='word_1_373' title='bbox 1492 1654 1581 1683; x_wconf 87' lang='lat' dir='ltr'>v111.</span> <span class='ocrx_word' id='word_1_374' title='bbox 1609 1645 1791 1686; x_wconf 88' lang='lat' dir='ltr'>Kalendas</span> <span class='ocrx_word' id='word_1_375' title='bbox 1808 1649 1932 1695; x_wconf 89' lang='lat' dir='ltr'>Julias.</span> <span class='ocrx_word' id='word_1_376' title='bbox 1967 1653 2029 1691; x_wconf 89' lang='lat' dir='ltr'>De</span> <span class='ocrx_word' id='word_1_377' title='bbox 2051 1654 2119 1694; x_wconf 87' lang='lat' dir='ltr'>hac</span> <span class='ocrx_word' id='word_1_378' title='bbox 2140 1659 2350 1701; x_wconf 88' lang='lat' dir='ltr'>celebritate</span> <span class='ocrx_word' id='word_1_379' title='bbox 2377 1665 2434 1705; x_wconf 92' lang='lat' dir='ltr'>M.</span> 
     </span>
     <span class='ocr_line' id='line_1_57' title="bbox 1384 1690 2438 1762; baseline 0.024 -33"><span class='ocrx_word' id='word_1_380' title='bbox 1384 1690 1503 1750; x_wconf 80' lang='lat' dir='ltr'>Varro</span> <span class='ocrx_word' id='word_1_381' title='bbox 1521 1694 1581 1734; x_wconf 78' lang='lat' dir='ltr'>lib.</span> <span class='ocrx_word' id='word_1_382' title='bbox 1604 1708 1639 1754; x_wconf 79' lang='lat' dir='ltr'>y.</span> <span class='ocrx_word' id='word_1_383' title='bbox 1666 1698 1712 1736; x_wconf 89' lang='lat' dir='ltr'>de</span> <span class='ocrx_word' id='word_1_384' title='bbox 1731 1699 1776 1739; x_wconf 81' lang='lat' dir='ltr'>L,</span> <span class='ocrx_word' id='word_1_385' title='bbox 1802 1700 1848 1738; x_wconf 87' lang='lat' dir='ltr'>L.</span> <span class='ocrx_word' id='word_1_386' title='bbox 1877 1703 1962 1740; x_wconf 87' lang='lat' dir='ltr'>Dies</span> <span class='ocrx_word' id='word_1_387' title='bbox 1987 1710 2160 1746; x_wconf 79' lang='lat' dir='ltr'>Fortunae</span> <span class='ocrx_word' id='word_1_388' title='bbox 2181 1712 2370 1762; x_wconf 79' lang='lat' dir='ltr'>appellatus</span> <span class='ocrx_word' id='word_1_389' title='bbox 2388 1715 2438 1754; x_wconf 79' lang='lat' dir='ltr'>ab</span> 
     </span>
     <span class='ocr_line' id='line_1_58' title="bbox 1383 1747 2437 1806; baseline 0.025 -27"><span class='ocrx_word' id='word_1_390' title='bbox 1383 1747 1499 1781; x_wconf 74' lang='lat' dir='ltr'>Servio</span> <span class='ocrx_word' id='word_1_391' title='bbox 1522 1747 1633 1785; x_wconf 77' lang='lat' dir='ltr'>Tullio</span> <span class='ocrx_word' id='word_1_392' title='bbox 1662 1755 1765 1799; x_wconf 82' lang='lat' dir='ltr'>Rege,</span> <span class='ocrx_word' id='word_1_393' title='bbox 1792 1752 1884 1802; x_wconf 85' lang='lat' dir='ltr'>quod</span> <span class='ocrx_word' id='word_1_394' title='bbox 1912 1754 1941 1791; x_wconf 86' lang='lat' dir='ltr'>is</span> <span class='ocrx_word' id='word_1_395' title='bbox 1960 1759 2094 1802; x_wconf 82' lang='lat' dir='ltr'>fanum</span> <span class='ocrx_word' id='word_1_396' title='bbox 2119 1762 2231 1800; x_wconf 83' lang='lat' dir='ltr'>Fortis</span> <span class='ocrx_word' id='word_1_397' title='bbox 2259 1755 2437 1806; x_wconf 68' lang='lat' dir='ltr'>Fortunae</span> 
     </span>
     <span class='ocr_line' id='line_1_59' title="bbox 1372 1794 2433 1858; baseline 0.026 -29"><span class='ocrx_word' id='word_1_398' title='bbox 1372 1794 1567 1852; x_wconf 31' lang='lat' dir='ltr'>secun-dum</span> <span class='ocrx_word' id='word_1_399' title='bbox 1598 1799 1749 1839; x_wconf 82' lang='lat' dir='ltr'>Tiberim</span> <span class='ocrx_word' id='word_1_400' title='bbox 1780 1813 1881 1840; x_wconf 86' lang='lat' dir='ltr'>extra</span> <span class='ocrx_word' id='word_1_401' title='bbox 1914 1806 2032 1845; x_wconf 87' lang='lat' dir='ltr'>urbem</span> <span class='ocrx_word' id='word_1_402' title='bbox 2063 1815 2213 1850; x_wconf 86' lang='lat' dir='ltr'>Romam</span> <span class='ocrx_word' id='word_1_403' title='bbox 2252 1814 2433 1858; x_wconf 77' lang='lat' dir='ltr'>dedicavit</span> 
     </span>
     <span class='ocr_line' id='line_1_60' title="bbox 1380 1845 1787 1899; baseline 0.029 -19"><span class='ocrx_word' id='word_1_404' title='bbox 1380 1845 1496 1890; x_wconf 77' lang='lat' dir='ltr'>Jumo</span> <span class='ocrx_word' id='word_1_405' title='bbox 1512 1852 1633 1899; x_wconf 71' lang='lat' dir='ltr'>menfi’.</span> <span class='ocrx_word' id='word_1_406' title='bbox 1662 1853 1787 1892; x_wconf 72' lang='lat' dir='ltr'><strong>NEAP.</strong></span> 
     </span>
    </p>
   </div>
   <div class='ocr_carea' id='block_1_14' title="bbox 1430 1917 2384 2031">
    <p class='ocr_par' dir='ltr' id='par_1_14' title="bbox 1430 1917 2384 2031">
     <span class='ocr_line' id='line_1_61' title="bbox 1432 1917 2384 1973; baseline 0.025 -24"><span class='ocrx_word' id='word_1_407' title='bbox 1432 1921 1503 1959; x_wconf 89' lang='lat'>772</span> <span class='ocrx_word' id='word_1_408' title='bbox 1532 1917 1772 1969; x_wconf 83' lang='lat' dir='ltr'>Remorante.]</span> <span class='ocrx_word' id='word_1_409' title='bbox 1791 1924 1984 1960; x_wconf 78' lang='lat' dir='ltr'>Revocante</span> <span class='ocrx_word' id='word_1_410' title='bbox 2004 1930 2087 1963; x_wconf 89' lang='lat' dir='ltr'>tres.</span> <span class='ocrx_word' id='word_1_411' title='bbox 2106 1927 2274 1968; x_wconf 83' lang='lat' dir='ltr'>retinente</span> <span class='ocrx_word' id='word_1_412' title='bbox 2292 1931 2384 1973; x_wconf 56' lang='lat' dir='ltr'>duoss</span> 
     </span>
     <span class='ocr_line' id='line_1_62' title="bbox 1430 1978 2137 2031; baseline 0.024 -19"><span class='ocrx_word' id='word_1_413' title='bbox 1430 1984 1511 2024; x_wconf 87' lang='lat'>774.</span> <span class='ocrx_word' id='word_1_414' title='bbox 1539 1978 1654 2031; x_wconf 83' lang='lat' dir='ltr'>Post.]</span> <span class='ocrx_word' id='word_1_415' title='bbox 1684 1987 1749 2019; x_wconf 81' lang='lat' dir='ltr'>Per</span> <span class='ocrx_word' id='word_1_416' title='bbox 1767 1982 1920 2024; x_wconf 89' lang='lat' dir='ltr'>Putean.</span> <span class='ocrx_word' id='word_1_417' title='bbox 1939 1985 1977 2024; x_wconf 91' lang='lat'>&amp;</span> <span class='ocrx_word' id='word_1_418' title='bbox 1998 1986 2137 2029; x_wconf 81' lang='lat' dir='ltr'>Sarrav.</span> 
     </span>
    </p>
   </div>
   <div class='ocr_carea' id='block_1_15' title="bbox 1375 2039 2471 2294">
    <p class='ocr_par' dir='ltr' id='par_1_15' title="bbox 1375 2039 2471 2294">
     <span class='ocr_line' id='line_1_63' title="bbox 1427 2039 2471 2104; baseline 0.029 -30"><span class='ocrx_word' id='word_1_419' title='bbox 1427 2039 1511 2086; x_wconf 88' lang='lat'><strong>776.</strong></span> <span class='ocrx_word' id='word_1_420' title='bbox 1539 2048 1583 2100; x_wconf 73' lang='lat' dir='ltr'>In</span> <span class='ocrx_word' id='word_1_421' title='bbox 1623 2045 1751 2101; x_wconf 63' lang='lat' dir='ltr'>ss&#39;iberis</span> <span class='ocrx_word' id='word_1_422' title='bbox 1788 2047 1903 2098; x_wconf 85' lang='lat' dir='ltr'>ripa.]</span> <span class='ocrx_word' id='word_1_423' title='bbox 1966 2052 2160 2091; x_wconf 83' lang='lat' dir='ltr'>Secundum</span> <span class='ocrx_word' id='word_1_424' title='bbox 2192 2057 2342 2098; x_wconf 84' lang='lat' dir='ltr'>Tiberim</span> <span class='ocrx_word' id='word_1_425' title='bbox 2377 2065 2430 2104; x_wconf 82' lang='lat' dir='ltr'>ait</span> <span class='ocrx_word' id='word_1_426' title='bbox 2470 2079 2471 2082; x_wconf 51' lang='lat'>¹</span> 
     </span>
     <span class='ocr_line' id='line_1_64' title="bbox 1375 2088 2433 2153; baseline 0.025 -27"><span class='ocrx_word' id='word_1_427' title='bbox 1375 2088 1519 2137; x_wconf 82' lang='lat' dir='ltr'>Varr03</span> <span class='ocrx_word' id='word_1_428' title='bbox 1548 2106 1726 2135; x_wconf 87' lang='lat' dir='ltr'>nimirum</span> <span class='ocrx_word' id='word_1_429' title='bbox 1754 2098 1846 2137; x_wconf 86' lang='lat' dir='ltr'>ultra</span> <span class='ocrx_word' id='word_1_430' title='bbox 1869 2100 2008 2141; x_wconf 89' lang='lat' dir='ltr'>flumen</span> <span class='ocrx_word' id='word_1_431' title='bbox 2033 2117 2042 2141; x_wconf 75' lang='grc' dir='ltr'><strong><em>ι</em></strong></span> <span class='ocrx_word' id='word_1_432' title='bbox 2079 2116 2166 2144; x_wconf 85' lang='lat' dir='ltr'>nam</span> <span class='ocrx_word' id='word_1_433' title='bbox 2199 2107 2317 2149; x_wconf 85' lang='lat' dir='ltr'>Fortis</span> <span class='ocrx_word' id='word_1_434' title='bbox 2339 2113 2433 2153; x_wconf 88' lang='lat' dir='ltr'>For·</span> 
     </span>
     <span class='ocr_line' id='line_1_65' title="bbox 1380 2147 2430 2210; baseline 0.023 -32"><span class='ocrx_word' id='word_1_435' title='bbox 1380 2148 1492 2180; x_wconf 87' lang='lat' dir='ltr'>tunae</span> <span class='ocrx_word' id='word_1_436' title='bbox 1520 2147 1704 2194; x_wconf 88' lang='lat' dir='ltr'>templum</span> <span class='ocrx_word' id='word_1_437' title='bbox 1738 2148 1847 2188; x_wconf 83' lang='lat' dir='ltr'>situm</span> <span class='ocrx_word' id='word_1_438' title='bbox 1880 2152 1917 2189; x_wconf 85' lang='lat' dir='ltr'>in</span> <span class='ocrx_word' id='word_1_439' title='bbox 1952 2153 2226 2195; x_wconf 72' lang='lat' dir='ltr'>Transtiberina</span> <span class='ocrx_word' id='word_1_440' title='bbox 2251 2163 2430 2210; x_wconf 81' lang='lat' dir='ltr'>regione;</span> 
     </span>
     <span class='ocr_line' id='line_1_66' title="bbox 1379 2191 2436 2259; baseline 0.027 -31"><span class='ocrx_word' id='word_1_441' title='bbox 1379 2191 1440 2228; x_wconf 86' lang='lat' dir='ltr'>vel</span> <span class='ocrx_word' id='word_1_442' title='bbox 1457 2205 1504 2249; x_wconf 78' lang='lat' dir='ltr'>ex</span> <span class='ocrx_word' id='word_1_443' title='bbox 1523 2206 1574 2251; x_wconf 36' lang='lat' dir='ltr'>eo·</span> <span class='ocrx_word' id='word_1_444' title='bbox 1593 2205 1691 2244; x_wconf 89' lang='lat' dir='ltr'>patet</span> <span class='ocrx_word' id='word_1_445' title='bbox 1711 2226 1722 2243; x_wconf 94' lang='lat'>,</span> <span class='ocrx_word' id='word_1_446' title='bbox 1749 2200 1853 2249; x_wconf 91' lang='lat' dir='ltr'>quod</span> <span class='ocrx_word' id='word_1_447' title='bbox 1874 2202 1972 2240; x_wconf 92' lang='lat' dir='ltr'>Naso</span> <span class='ocrx_word' id='word_1_448' title='bbox 1999 2204 2140 2252; x_wconf 85' lang='lat' dir='ltr'>subdit,</span> <span class='ocrx_word' id='word_1_449' title='bbox 2158 2209 2218 2248; x_wconf 87' lang='lat' dir='ltr'>vel</span> <span class='ocrx_word' id='word_1_450' title='bbox 2235 2221 2351 2259; x_wconf 89' lang='lat' dir='ltr'>ponte</span> <span class='ocrx_word' id='word_1_451' title='bbox 2370 2216 2436 2258; x_wconf 62' lang='lat' dir='ltr'>veli</span> 
     </span>
     <span class='ocr_line' id='line_1_67' title="bbox 1377 2244 2052 2294; baseline 0.021 -15"><span class='ocrx_word' id='word_1_452' title='bbox 1377 2244 1548 2283; x_wconf 70' lang='lat' dir='ltr'>navicula</span> <span class='ocrx_word' id='word_1_453' title='bbox 1565 2246 1654 2285; x_wconf 83' lang='lat' dir='ltr'>illud</span> <span class='ocrx_word' id='word_1_454' title='bbox 1672 2249 1898 2290; x_wconf 85' lang='lat' dir='ltr'>adeundum.</span> <span class='ocrx_word' id='word_1_455' title='bbox 1926 2254 2052 2294; x_wconf 75' lang='lat' dir='ltr'>NEAP.</span> 
     </span>
    </p>
   </div>
   <div class='ocr_carea' id='block_1_16' title="bbox 1429 2315 2177 2370">
    <p class='ocr_par' dir='ltr' id='par_1_16' title="bbox 1429 2315 2177 2370">
     <span class='ocr_line' id='line_1_68' title="bbox 1429 2315 2177 2370; baseline 0.025 -23"><span class='ocrx_word' id='word_1_456' title='bbox 1429 2321 1514 2359; x_wconf 85' lang='lat'>777.</span> <span class='ocrx_word' id='word_1_457' title='bbox 1540 2315 1761 2370; x_wconf 85' lang='lat' dir='ltr'>Decurrite.]</span> <span class='ocrx_word' id='word_1_458' title='bbox 1783 2320 1978 2369; x_wconf 83' lang='lat' dir='ltr'>Discurrite</span> <span class='ocrx_word' id='word_1_459' title='bbox 1997 2332 2067 2363; x_wconf 88' lang='lat' dir='ltr'>tres</span> <span class='ocrx_word' id='word_1_460' title='bbox 2086 2324 2177 2366; x_wconf 79' lang='lat' dir='ltr'>libri.</span> 
     </span>
    </p>
   </div>
   <div class='ocr_carea' id='block_1_17' title="bbox 1376 2390 2463 2654">
    <p class='ocr_par' dir='ltr' id='par_1_17' title="bbox 1376 2390 2463 2654">
     <span class='ocr_line' id='line_1_69' title="bbox 1427 2390 2428 2451; baseline 0.021 -29"><span class='ocrx_word' id='word_1_461' title='bbox 1427 2393 1516 2433; x_wconf 80' lang='lat'>779.</span> <span class='ocrx_word' id='word_1_462' title='bbox 1543 2390 1642 2424; x_wconf 80' lang='lat' dir='ltr'>Ferte</span> <span class='ocrx_word' id='word_1_463' title='bbox 1670 2401 1850 2429; x_wconf 84' lang='lat' dir='ltr'>coronatae</span> <span class='ocrx_word' id='word_1_464' title='bbox 1869 2394 2048 2441; x_wconf 85' lang='lat' dir='ltr'>juvenum</span> <span class='ocrx_word' id='word_1_465' title='bbox 2075 2399 2244 2437; x_wconf 83' lang='lat' dir='ltr'>convivia</span> <span class='ocrx_word' id='word_1_466' title='bbox 2280 2400 2403 2443; x_wconf 80' lang='lat' dir='ltr'>lintres</span> <span class='ocrx_word' id='word_1_467' title='bbox 2411 2407 2428 2451; x_wconf 81' lang='lat'>‚&#39;</span> 
     </span>
     <span class='ocr_line' id='line_1_70' title="bbox 1377 2434 2463 2502; baseline 0.025 -33"><span class='ocrx_word' id='word_1_468' title='bbox 1377 2434 1566 2486; x_wconf 80' lang='lat' dir='ltr'>Multaque</span> <span class='ocrx_word' id='word_1_469' title='bbox 1579 2446 1638 2487; x_wconf 90' lang='lat' dir='ltr'>per</span> <span class='ocrx_word' id='word_1_470' title='bbox 1658 2441 1791 2479; x_wconf 85' lang='lat' dir='ltr'>medias</span> <span class='ocrx_word' id='word_1_471' title='bbox 1807 2443 1898 2481; x_wconf 81' lang='lat' dir='ltr'>vina</span> <span class='ocrx_word' id='word_1_472' title='bbox 1925 2444 2093 2486; x_wconf 86' lang='lat' dir='ltr'>bibantur</span> <span class='ocrx_word' id='word_1_473' title='bbox 2115 2450 2268 2502; x_wconf 86' lang='lat' dir='ltr'>aquas.]</span> <span class='ocrx_word' id='word_1_474' title='bbox 2305 2454 2431 2495; x_wconf 85' lang='lat' dir='ltr'>Coro·</span> <span class='ocrx_word' id='word_1_475' title='bbox 2451 2468 2463 2476; x_wconf 65' lang='lat'><em>⁴</em></span> 
     </span>
     <span class='ocr_line' id='line_1_71' title="bbox 1376 2484 2459 2551; baseline 0.023 -30"><span class='ocrx_word' id='word_1_476' title='bbox 1376 2484 1555 2542; x_wconf 80' lang='lat' dir='ltr'>nabantur</span> <span class='ocrx_word' id='word_1_477' title='bbox 1584 2501 1697 2528; x_wconf 89' lang='lat' dir='ltr'>naves</span> <span class='ocrx_word' id='word_1_478' title='bbox 1727 2493 1823 2541; x_wconf 86' lang='lat' dir='ltr'>apud</span> <span class='ocrx_word' id='word_1_479' title='bbox 1857 2496 2051 2537; x_wconf 89' lang='lat' dir='ltr'>Romanos</span> <span class='ocrx_word' id='word_1_480' title='bbox 2086 2502 2212 2541; x_wconf 86' lang='lat' dir='ltr'>mense</span> <span class='ocrx_word' id='word_1_481' title='bbox 2247 2504 2360 2551; x_wconf 90' lang='lat' dir='ltr'>Junio</span> <span class='ocrx_word' id='word_1_482' title='bbox 2388 2507 2427 2545; x_wconf 89' lang='lat' dir='ltr'>in</span> <span class='ocrx_word' id='word_1_483' title='bbox 2452 2512 2459 2538; x_wconf 63' lang='lat'>¹,</span> 
     </span>
     <span class='ocr_line' id='line_1_72' title="bbox 1377 2534 2432 2598; baseline 0.025 -27"><span class='ocrx_word' id='word_1_484' title='bbox 1377 2534 1670 2595; x_wconf 75' lang='lat' dir='ltr'>Fortisfortunae</span> <span class='ocrx_word' id='word_1_485' title='bbox 1691 2543 1899 2585; x_wconf 86' lang='lat' dir='ltr'>celebritate</span> <span class='ocrx_word' id='word_1_486' title='bbox 1913 2575 1923 2592; x_wconf 94' lang='lat'>,</span> <span class='ocrx_word' id='word_1_487' title='bbox 1953 2549 1991 2586; x_wconf 70' lang='grc' dir='ltr'>δε</span> <span class='ocrx_word' id='word_1_488' title='bbox 2010 2561 2074 2598; x_wconf 91' lang='lat' dir='ltr'>per</span> <span class='ocrx_word' id='word_1_489' title='bbox 2094 2553 2260 2592; x_wconf 89' lang='lat' dir='ltr'>medium</span> <span class='ocrx_word' id='word_1_490' title='bbox 2276 2567 2432 2596; x_wconf 64' lang='lat' dir='ltr'>amnemr</span> 
     </span>
     <span class='ocr_line' id='line_1_73' title="bbox 1377 2590 2458 2654; baseline 0.023 -32"><span class='ocrx_word' id='word_1_491' title='bbox 1377 2598 1554 2626; x_wconf 83' lang='lat' dir='ltr'>convivia</span> <span class='ocrx_word' id='word_1_492' title='bbox 1595 2590 1788 2633; x_wconf 87' lang='lat' dir='ltr'>ducebant.</span> <span class='ocrx_word' id='word_1_493' title='bbox 1842 2598 2062 2640; x_wconf 89' lang='lat' dir='ltr'>Observavit</span> <span class='ocrx_word' id='word_1_494' title='bbox 2101 2604 2148 2642; x_wconf 93' lang='lat' dir='ltr'>L.</span> <span class='ocrx_word' id='word_1_495' title='bbox 2178 2606 2458 2654; x_wconf 65' lang='lat' dir='ltr'>Georgiusins&#39;ss</span> 
     </span>
    </p>
   </div>
   <div class='ocr_carea' id='block_1_18' title="bbox 1373 2636 2458 2735">
    <p class='ocr_par' dir='ltr' id='par_1_18' title="bbox 1373 2636 2458 2735">
     <span class='ocr_line' id='line_1_74' title="bbox 1373 2636 2458 2702; baseline 0.024 -30"><span class='ocrx_word' id='word_1_496' title='bbox 1373 2636 1434 2674; x_wconf 84' lang='lat' dir='ltr'>lib.</span> <span class='ocrx_word' id='word_1_497' title='bbox 1469 2637 1714 2694; x_wconf 73' lang='lat' dir='ltr'>deNavigiis.</span> <span class='ocrx_word' id='word_1_498' title='bbox 1751 2647 1923 2689; x_wconf 67' lang='lat' dir='ltr'>Cxomn.</span> <span class='ocrx_word' id='word_1_499' title='bbox 1976 2654 2144 2692; x_wconf 86' lang='lat' dir='ltr'>Coronati</span> <span class='ocrx_word' id='word_1_500' title='bbox 2172 2654 2339 2697; x_wconf 81' lang='lat' dir='ltr'>Sarravii.</span> <span class='ocrx_word' id='word_1_501' title='bbox 2365 2650 2458 2702; x_wconf 54' lang='lat' dir='ltr'>vi--s&#39;</span> 
     </span>
     <span class='ocr_line' id='line_1_75' title="bbox 1374 2687 2457 2735; baseline 0.015 -10"><span class='ocrx_word' id='word_1_502' title='bbox 1374 2687 1420 2725; x_wconf 86' lang='lat' dir='ltr'>de</span> <span class='ocrx_word' id='word_1_503' title='bbox 1441 2687 1487 2726; x_wconf 85' lang='lat' dir='ltr'>ad</span> <span class='ocrx_word' id='word_1_504' title='bbox 1508 2688 1568 2727; x_wconf 87' lang='lat' dir='ltr'>llb.</span> <span class='ocrx_word' id='word_1_505' title='bbox 1595 2703 1643 2730; x_wconf 83' lang='lat'>11.</span> <span class='ocrx_word' id='word_1_506' title='bbox 1669 2692 1725 2735; x_wconf 66' lang='lat' dir='ltr'>Ji&#39;ls.</span> <span class='ocrx_word' id='word_1_507' title='bbox 1743 2693 1809 2731; x_wconf 89' lang='lat' dir='ltr'>ult.</span> <span class='ocrx_word' id='word_1_508' title='bbox 2409 2697 2427 2709; x_wconf 40' lang='grc' dir='ltr'><em>Α</em></span> <span class='ocrx_word' id='word_1_509' title='bbox 2454 2703 2457 2706; x_wconf 55' lang='grc'><strong>’</strong></span> 
     </span>
    </p>
   </div>
   <div class='ocr_carea' id='block_1_19' title="bbox 1373 2743 2455 2850">
    <p class='ocr_par' dir='ltr' id='par_1_19' title="bbox 1373 2743 2455 2850">
     <span class='ocr_line' id='line_1_76' title="bbox 1427 2743 2455 2850; baseline 0.016 -53"><span class='ocrx_word' id='word_1_510' title='bbox 1427 2761 1511 2850; x_wconf 65' lang='grc' dir='ltr'><strong>7118ῐ.</strong></span> <span class='ocrx_word' id='word_1_511' title='bbox 1540 2760 1639 2799; x_wconf 87' lang='lat' dir='ltr'>Plebs</span> <span class='ocrx_word' id='word_1_512' title='bbox 1657 2762 1738 2801; x_wconf 85' lang='lat' dir='ltr'>colit</span> <span class='ocrx_word' id='word_1_513' title='bbox 1756 2763 1886 2817; x_wconf 84' lang='lat' dir='ltr'>hanc.]</span> <span class='ocrx_word' id='word_1_514' title='bbox 1942 2765 2037 2805; x_wconf 86' lang='lat' dir='ltr'>Inde</span> <span class='ocrx_word' id='word_1_515' title='bbox 2058 2763 2103 2804; x_wconf 87' lang='lat' dir='ltr'>ad</span> <span class='ocrx_word' id='word_1_516' title='bbox 2133 2765 2286 2809; x_wconf 82' lang='lat' dir='ltr'>olitores</span> <span class='ocrx_word' id='word_1_517' title='bbox 2308 2770 2424 2822; x_wconf 62' lang='grc' dir='ltr'>(ἶοῙιιςι</span> <span class='ocrx_word' id='word_1_518' title='bbox 2452 2743 2455 2754; x_wconf 59' lang='lat' dir='ltr'>r</span> 
     </span>
     <span class='ocr_line' id='line_1_77' title="bbox 1373 2822 1505 2850; baseline 0 0"><span class='ocrx_word' id='word_1_519' title='bbox 1373 2822 1435 2850; x_wconf 88' lang='lat' dir='ltr'>me</span> <span class='ocrx_word' id='word_1_520' title='bbox 1465 2824 1505 2850; x_wconf 88' lang='lat' dir='ltr'>a:</span> 
     </span>
    </p>
   </div>
   <div class='ocr_carea' id='block_1_20' title="bbox 1371 2872 2230 2965">
    <p class='ocr_par' dir='ltr' id='par_1_20' title="bbox 1371 2872 2230 2965">
     <span class='ocr_line' id='line_1_78' title="bbox 1371 2872 2230 2963; baseline 0.012 -54"><span class='ocrx_word' id='word_1_521' title='bbox 1371 2923 1409 2963; x_wconf 81' lang='lat' dir='ltr'>N</span> <span class='ocrx_word' id='word_1_522' title='bbox 1424 2877 1471 2910; x_wconf 82' lang='lat' dir='ltr'>Et</span> <span class='ocrx_word' id='word_1_523' title='bbox 1490 2872 1629 2914; x_wconf 83' lang='lat' dir='ltr'>celebres</span> <span class='ocrx_word' id='word_1_524' title='bbox 1647 2875 1759 2915; x_wconf 79' lang='lat' dir='ltr'>Fortis</span> <span class='ocrx_word' id='word_1_525' title='bbox 1778 2882 1952 2914; x_wconf 84' lang='lat' dir='ltr'>Fortunae</span> <span class='ocrx_word' id='word_1_526' title='bbox 1971 2876 2074 2916; x_wconf 81' lang='lat' dir='ltr'>dicite</span> <span class='ocrx_word' id='word_1_527' title='bbox 2095 2877 2230 2924; x_wconf 77' lang='lat' dir='ltr'>laudes,</span> 
     </span>
     <span class='ocr_line' id='line_1_79' title="bbox 1414 2935 1553 2965; baseline 0.014 -3"><span class='ocrx_word' id='word_1_528' title='bbox 1414 2935 1553 2965; x_wconf 63' lang='lat' dir='ltr'>eaeor..</span> 
     </span>
    </p>
   </div>
   <div class='ocr_carea' id='block_1_21' title="bbox 1372 3006 2423 3258">
    <p class='ocr_par' dir='ltr' id='par_1_21' title="bbox 1372 3006 2423 3258">
     <span class='ocr_line' id='line_1_80' title="bbox 1424 3006 2423 3062; baseline 0.014 -19"><span class='ocrx_word' id='word_1_529' title='bbox 1424 3006 1507 3053; x_wconf 89' lang='lat'>782.</span> <span class='ocrx_word' id='word_1_530' title='bbox 1536 3012 1583 3045; x_wconf 87' lang='lat' dir='ltr'>Et</span> <span class='ocrx_word' id='word_1_531' title='bbox 1613 3021 1655 3045; x_wconf 87' lang='lat' dir='ltr'>ex</span> <span class='ocrx_word' id='word_1_532' title='bbox 1676 3008 1806 3048; x_wconf 81' lang='lat' dir='ltr'>humili</span> <span class='ocrx_word' id='word_1_533' title='bbox 1822 3010 1956 3061; x_wconf 82' lang='lat' dir='ltr'>sceptra</span> <span class='ocrx_word' id='word_1_534' title='bbox 1977 3011 2086 3060; x_wconf 70' lang='lat' dir='ltr'>tulisse</span> <span class='ocrx_word' id='word_1_535' title='bbox 2105 3010 2216 3062; x_wconf 62' lang='lat' dir='ltr'>loco]</span> <span class='ocrx_word' id='word_1_536' title='bbox 2273 3013 2344 3054; x_wconf 87' lang='lat' dir='ltr'>Sed</span> <span class='ocrx_word' id='word_1_537' title='bbox 2363 3015 2423 3056; x_wconf 78' lang='lat' dir='ltr'>id&#39;·‘</span> 
     </span>
     <span class='ocr_line' id='line_1_81' title="bbox 1372 3058 2414 3114; baseline 0.011 -20"><span class='ocrx_word' id='word_1_538' title='bbox 1372 3058 1470 3095; x_wconf 92' lang='lat' dir='ltr'>circo</span> <span class='ocrx_word' id='word_1_539' title='bbox 1510 3058 1718 3098; x_wconf 87' lang='lat' dir='ltr'>Plutarchus</span> <span class='ocrx_word' id='word_1_540' title='bbox 1754 3062 1958 3101; x_wconf 86' lang='lat' dir='ltr'>Fortunam</span> <span class='ocrx_word' id='word_1_541' title='bbox 2000 3065 2230 3109; x_wconf 87' lang='lat' dir='ltr'>cognomine</span> <span class='ocrx_word' id='word_1_542' title='bbox 2268 3067 2414 3114; x_wconf 68' lang='grc' dir='ltr'>μικρὰν,</span> 
     </span>
     <span class='ocr_line' id='line_1_82' title="bbox 1374 3108 2420 3161; baseline 0.013 -18"><span class='ocrx_word' id='word_1_543' title='bbox 1374 3108 1411 3149; x_wconf 65' lang='grc' dir='ltr'>ἣν</span> <span class='ocrx_word' id='word_1_544' title='bbox 1436 3109 1590 3156; x_wconf 68' lang='grc' dir='ltr'><em>βρέβεμ,</em></span> <span class='ocrx_word' id='word_1_545' title='bbox 1617 3111 1739 3161; x_wconf 89' lang='lat' dir='ltr'>inquit</span> <span class='ocrx_word' id='word_1_546' title='bbox 1760 3141 1770 3158; x_wconf 95' lang='lat'>,</span> <span class='ocrx_word' id='word_1_547' title='bbox 1800 3115 1949 3151; x_wconf 73' lang='grc' dir='ltr'>καλοῦσι</span> <span class='ocrx_word' id='word_1_548' title='bbox 1969 3140 1980 3157; x_wconf 94' lang='grc'><em>,</em></span> <span class='ocrx_word' id='word_1_549' title='bbox 2009 3110 2156 3150; x_wconf 81' lang='lat' dir='ltr'>sacrasse</span> <span class='ocrx_word' id='word_1_550' title='bbox 2181 3126 2420 3156; x_wconf 78' lang='lat' dir='ltr'>commemo·</span> 
     </span>
     <span class='ocr_line' id='line_1_83' title="bbox 1372 3161 2415 3210; baseline 0.01 -13"><span class='ocrx_word' id='word_1_551' title='bbox 1372 3168 1425 3198; x_wconf 91' lang='lat' dir='ltr'>rat</span> <span class='ocrx_word' id='word_1_552' title='bbox 1436 3175 1448 3204; x_wconf 83' lang='lat'>;</span> <span class='ocrx_word' id='word_1_553' title='bbox 1476 3161 1666 3210; x_wconf 86' lang='lat' dir='ltr'>multaque</span> <span class='ocrx_word' id='word_1_554' title='bbox 1686 3163 1735 3200; x_wconf 89' lang='lat' dir='ltr'>ibi</span> <span class='ocrx_word' id='word_1_555' title='bbox 1756 3165 1840 3203; x_wconf 85' lang='lat' dir='ltr'>fana</span> <span class='ocrx_word' id='word_1_556' title='bbox 1870 3163 1988 3202; x_wconf 88' lang='lat' dir='ltr'>scribit</span> <span class='ocrx_word' id='word_1_557' title='bbox 2008 3162 2029 3201; x_wconf 72' lang='lat' dir='ltr'>a</span> <span class='ocrx_word' id='word_1_558' title='bbox 2060 3162 2189 3203; x_wconf 79' lang='lat' dir='ltr'>Servio</span> <span class='ocrx_word' id='word_1_559' title='bbox 2209 3167 2331 3207; x_wconf 87' lang='lat' dir='ltr'>eidem</span> <span class='ocrx_word' id='word_1_560' title='bbox 2351 3180 2415 3207; x_wconf 88' lang='lat' dir='ltr'>ex-</span> 
     </span>
     <span class='ocr_line' id='line_1_84' title="bbox 1372 3210 2418 3258; baseline 0.011 -10"><span class='ocrx_word' id='word_1_561' title='bbox 1372 3210 1526 3249; x_wconf 64' lang='lat' dir='ltr'>structa:</span> <span class='ocrx_word' id='word_1_562' title='bbox 1577 3221 1740 3251; x_wconf 87' lang='lat' dir='ltr'>attamen</span> <span class='ocrx_word' id='word_1_563' title='bbox 1777 3214 1863 3252; x_wconf 88' lang='lat' dir='ltr'>illud</span> <span class='ocrx_word' id='word_1_564' title='bbox 1895 3213 2013 3252; x_wconf 89' lang='lat' dir='ltr'>Fortis</span> <span class='ocrx_word' id='word_1_565' title='bbox 2050 3213 2236 3256; x_wconf 87' lang='lat' dir='ltr'>Fortunae</span> <span class='ocrx_word' id='word_1_566' title='bbox 2270 3219 2418 3258; x_wconf 58' lang='lat' dir='ltr'>silentio&lt;-</span> 
     </span>
    </p>
   </div>
   <div class='ocr_carea' id='block_1_22' title="bbox 1344 3260 2409 3312">
    <p class='ocr_par' dir='ltr' id='par_1_22' title="bbox 1344 3260 2409 3312">
     <span class='ocr_line' id='line_1_85' title="bbox 1344 3260 2409 3312; baseline 0.007 -13"><span class='ocrx_word' id='word_1_567' title='bbox 1344 3260 1541 3311; x_wconf 76' lang='lat' dir='ltr'>&#39;praeterit</span> <span class='ocrx_word' id='word_1_568' title='bbox 1562 3290 1572 3308; x_wconf 95' lang='lat'>‚</span> <span class='ocrx_word' id='word_1_569' title='bbox 1620 3263 1688 3302; x_wconf 82' lang='lat' dir='ltr'>nifi</span> <span class='ocrx_word' id='word_1_570' title='bbox 1720 3264 1882 3303; x_wconf 86' lang='lat' dir='ltr'>includat</span> <span class='ocrx_word' id='word_1_571' title='bbox 1911 3265 1947 3303; x_wconf 87' lang='lat' dir='ltr'>in</span> <span class='ocrx_word' id='word_1_572' title='bbox 1976 3266 2031 3304; x_wconf 90' lang='lat' dir='ltr'>his</span> <span class='ocrx_word' id='word_1_573' title='bbox 2050 3293 2061 3311; x_wconf 90' lang='lat'>‚</span> <span class='ocrx_word' id='word_1_574' title='bbox 2107 3266 2182 3304; x_wconf 70' lang='grc' dir='ltr'>Καὶ</span> <span class='ocrx_word' id='word_1_575' title='bbox 2215 3269 2254 3306; x_wconf 68' lang='grc' dir='ltr'>’τί</span> <span class='ocrx_word' id='word_1_576' title='bbox 2284 3271 2328 3306; x_wconf 72' lang='grc' dir='ltr'>ἄν</span> <span class='ocrx_word' id='word_1_577' title='bbox 2355 3280 2409 3312; x_wconf 63' lang='grc' dir='ltr'>τις</span> 
     </span>
    </p>
   </div>
   <div class='ocr_carea' id='block_1_23' title="bbox 325 3306 2406 3365">
    <p class='ocr_par' dir='ltr' id='par_1_23' title="bbox 325 3306 2406 3365">
     <span class='ocr_line' id='line_1_86' title="bbox 325 3306 2406 3365; baseline 0.005 -20"><span class='ocrx_word' id='word_1_578' title='bbox 325 3307 408 3348; x_wconf 85' lang='lat'>770.</span> <span class='ocrx_word' id='word_1_579' title='bbox 436 3306 637 3358; x_wconf 83' lang='lat' dir='ltr'>Hasdrubal</span> <span class='ocrx_word' id='word_1_580' title='bbox 651 3306 715 3359; x_wconf 81' lang='lat' dir='ltr'>ipse</span> <span class='ocrx_word' id='word_1_581' title='bbox 730 3308 846 3361; x_wconf 82' lang='lat' dir='ltr'>suis.]</span> <span class='ocrx_word' id='word_1_582' title='bbox 904 3309 1036 3353; x_wconf 86' lang='lat' dir='ltr'>1dfuit</span> <span class='ocrx_word' id='word_1_583' title='bbox 1056 3322 1186 3364; x_wconf 86' lang='lat' dir='ltr'>antea,</span> <span class='ocrx_word' id='word_1_584' title='bbox 1214 3326 1314 3358; x_wconf 82' lang='lat' dir='ltr'>anno</span> <span class='ocrx_word' id='word_1_585' title='bbox 1367 3312 1505 3364; x_wconf 69' lang='grc' dir='ltr'><em>ἐπεξίω</em></span> <span class='ocrx_word' id='word_1_586' title='bbox 1543 3317 1614 3360; x_wconf 63' lang='grc' dir='ltr'>’τὰς</span> <span class='ocrx_word' id='word_1_587' title='bbox 1650 3315 1779 3362; x_wconf 69' lang='grc' dir='ltr'>ἄλλαις</span> <span class='ocrx_word' id='word_1_588' title='bbox 1813 3316 2026 3365; x_wconf 68' lang='grc' dir='ltr'><em>ἐπωνυμίας.</em></span> <span class='ocrx_word' id='word_1_589' title='bbox 2077 3317 2116 3359; x_wconf 85' lang='lat' dir='ltr'>in</span> <span class='ocrx_word' id='word_1_590' title='bbox 2155 3318 2280 3362; x_wconf 76' lang='lat' dir='ltr'>libello</span> <span class='ocrx_word' id='word_1_591' title='bbox 2317 3330 2406 3356; x_wconf 89' lang='lat' dir='ltr'>vero</span> 
     </span>
    </p>
   </div>
   <div class='ocr_carea' id='block_1_24' title="bbox 2327 3371 2495 3433">
    <p class='ocr_par' dir='ltr' id='par_1_24' title="bbox 2327 3371 2495 3433">
     <span class='ocr_line' id='line_1_87' title="bbox 2327 3371 2495 3433; baseline 0.036 -28"><span class='ocrx_word' id='word_1_592' title='bbox 2327 3371 2412 3418; x_wconf 61' lang='grc' dir='ltr'>περὶ</span> <span class='ocrx_word' id='word_1_593' title='bbox 2494 3398 2495 3433; x_wconf 59' lang='lat'>3</span> 
     </span>
    </p>
   </div>
  </div>
 </body>
</html>
