2495 3675
253 176 352 228 4³2

727 151 787 206 P.
863 147 1278 210 OV.ID.II
1351 147 1883 216 NASONIS

553 251 814 307 Gramina
839 252 1100 306 continuo
1125 247 1311 302 loculis
1338 245 1613 317 depromit
1641 247 1876 305 eburnis:

412 344 517 395 750

631 325 948 380 profuerant
971 322 1166 377 Glauci
1189 318 1429 373 manibus
1453 319 1536 373 illa
1559 321 1733 391 prius:

559 398 786 468 [Tunc‚
823 415 948 450 cum
976 394 1270 448 observatas
1293 409 1460 463 augur
1488 392 1765 447 deseendit
1790 394 1846 448 in
1870 395 2084 463 herbas;

634 470 769 524 Usus
795 470 850 524 ὅτ
879 469 1075 522 auxilio
1102 465 1177 518 est
1203 466 1387 536 anguis
1411 465 1476 518 ab
1505 483 1678 537 angue
1705 467 1889 539 dato]

559 542 784 600 PeRora
810 555 891 594 ter
918 538 1096 609 tetigit
1115 575 1128 596 ‚
1166 552 1246 590 ter
1271 538 1430 592 verba
1455 538 1674 594 salubria
1695 539 1860 595 dixit:

633 615 954 685 Depofitum
981 614 1122 666 terra
1147 609 1346 664 sustulit
1372 611 1460 665 ille
1484 626 1661 684 caput.

422 711 524 762 755
564 691 748 746 Lucus
775 703 929 749 eum,
967 682 1311 755 nemorisque
1337 683 1449 746 tui,
1485 684 1782 757 Difiynna,
1821 690 2050 748 receffus

641 761 824 815 Celat:
866 759 1092 814 Aricino
1117 755 1341 811 Virbius
1367 757 1454 810 ille
1481 758 1613 811 lacu,

566 836 644 890 At
672 833 966 904 Clymenus
991 830 1306 901 Clothoque
1329 828 1544 888 dolent.
1578 831 1710 887 haec
1735 833 1821 889 fila
1851 838 2062 902 reneri,

639 904 755 962 Hic
780 906 894 961 fieri
923 903 1074 976 regni
1094 902 1211 974 jura
1233 902 1439 958 minora
1464 903 1556 958 sui.

272 1177 358 1216 vide
377 1175 424 1214 ad
455 1173 637 1223 Ep1st.1x.
660 1171 720 1210 61.
758 1172 798 1210 &
819 1181 912 1210 mox
939 1170 1100 1221 sequitur
1123 1172 1134 1216 3
1163 1171 1322 1210 reddam.

265 1228 531 1278 perdideratque
551 1224 691 1262 Moreti
712 1223 751 1261 &
769 1222 871 1261 alius.

323 1307 410 1343 747.
435 1290 639 1343 Namque.]
705 1291 864 1340 Jamque
884 1297 1056 1341 quatuor.
1075 1289 1153 1337 fine
1179 1289 1323 1328 crimine

272 1349 412 1386 Mazar.
434 1347 473 1383 ὅ(
493 1344 594 1382 alius.
621 1352 664 1382 φ’
686 1342 811 1379 cedant
830 1342 929 1380 idern
953 1343 1054 1379 Maz.
1076 1343 1114 1378 &
1135 1350 1218 1380 tres.

322 1423 406 1460 749.
434 1405 608 1456 Loculis.]
665 1404 787 1442 Loculo
812 1404 938 1442 eburno
967 1405 1111 1451 Junian.
1141 1404 1319 1455 depromsit

269 1463 371 1502 alius.
398 1457 534 1509 demisit
552 1457 654 1495 alius.
670 1456 796 1493 Glauci
809 1455 953 1505 piscibus
976 1455 1103 1493 itidem
1126 1467 1234 1494 unus,

322 1536 408 1574 750.
435 1519 561 1559 Glauci
590 1517 752 1557 manibus
779 1516 843 1553 illa
866 1515 1000 1566 prius.]
1063 1516 1177 1553 Hunc
1207 1517 1318 1554 etiam

269 1576 351 1614 vult
373 1576 470 1613 vitae
493 1571 678 1610 redditum
706 1569 750 1606 ab
781 1567 1016 1615 AEsculapioz
1046 1566 1149 1616 quod
1178 1566 1319 1604 fa&um

272 1626 293 1664 ᾗ
320 1625 480 1675 Polyido
500 1623 619 1661 scribit
647 1618 909 1668 Apollodorus.
937 1630 1049 1667 quern
1081 1619 1242 1655 omnino
1265 1619 1322 1656 vi-

272 1678 318 1717 de
337 1677 398 1716 lib.
416 1689 481 1715 ιιι.
507 1673 752 1711 Bibliotheces
771 1669 833 1708 sub
855 1670 1013 1708 initium.
1043 1669 1166 1706 NEAP.

326 1750 411 1787 751.
439 1741 536 1773 Tunc
547 1762 558 1779 ,
572 1746 650 1770 cum
662 1731 891 1781 observatas]
906 1730 1059 1770 Nullum
1074 1730 1325 1770 commodum

271 1789 414 1829 sensum
446 1785 609 1824 elicueris
639 1796 684 1821 ex
711 1784 786 1821 hoc
822 1782 985 1820 disticho.
1048 1785 1174 1831 Quare
1207 1790 1325 1820 certus

271 1841 351 1879 sum
367 1868 377 1882 ‚
403 1838 441 1876 id
459 1847 612 1886 quoque
630 1835 769 1883 spuriae
785 1832 856 1871 effe
874 1842 997 1871 notae.
1011 1833 1150 1871 Hans.
1172 1834 1240 1870 Pro
1260 1845 1326 1869 au-

270 1905 338 1942 gur
348 1888 573 1932 aliihabent,
595 1886 728 1935 anguis.
748 1883 979 1933 observandas
990 1883 1134 1922 Gloffae
1147 1883 1326 1932 Rumpfii.

273 1955 354 1980 cum
374 1939 470 1979 deest
494 1938 661 1976 ssernens.
679 1937 726 1973 ad
746 1935 889 1972 umbras
908 1937 1050 1974 Moreti
1079 1936 1116 1972 δε
1142 1936 1231 1973 duo.
1258 1948 1326 1972 un-

269 1994 339 2031 das
360 1991 514 2029 Moreti.
542 1989 677 2026 Vlitius
690 1987 836 2025 volebat
851 2016 860 2032 ‚
873 1997 949 2023 tum
959 1997 1191 2023 coacervatas.
1203 1985 1326 2024 Hein-

275 2044 346 2084 fius
367 2045 479 2082 etiam
493 2039 656 2078 tentabat
672 2067 680 2081 ‚
700 2039 821 2088 anguis
842 2038 1012 2086 descendit
1024 2053 1036 2083 3
1057 2039 1095 2076 ὅ(
1112 2037 1184 2088 seq.
1196 2037 1251 2082 Jr'ss.
1264 2049 1329 2075 au-

273 2109 364 2146 gur,
389 2094 449 2133 vel
470 2091 622 2129 Glaucus
644 2091 687 2128 ab
708 2104 828 2140 angue.

332 2171 417 2208 753.
446 2161 508 2193 Ter
529 2154 639 2191 verba
653 2154 815 2202 salubria
826 2152 958 2203 dixin]
988 2149 1190 2202 Apulejum
1210 2150 1247 2188 in
1271 2148 1327 2187 A·

277 2208 430 2263 poiogia
450 2209 499 2245 ita
518 2206 735 2244 scribentem
754 2217 830 2242 non
851 2203 1009 2251 legistis?
1041 2209 1169 2239 Veteres
1187 2200 1327 2251 quidem

279 2263 433 2305 medici,
462 2259 566 2295 etiam
591 2256 750 2293 carmina
773 2255 924 2291 remedia
952 2254 1141 2290 vulnerum
1175 2261 1325 2295 norant;

279 2324 321 2354 ut
339 2312 453 2352 omnis
471 2306 655 2350 vetustatis
676 2305 872 2352 certiffimus
893 2307 1012 2340 aanor
1030 2310 1198 2340 Homerus
1219 2303 1327 2339 docet.-

280 2366 342 2417 qui
353 2363 445 2413 facit
467 2357 570 2409 Ulyffi
587 2359 628 2395 de
646 2357 789 2394 vulnere
800 2356 1009 2405 sanguinem
1024 2352 1247 2402 profluentem
1256 2352 1330 2402 sisti

281 2413 498 2455 cantamine.
526 2409 618 2447 nihil
646 2409 739 2446 enim
760 2407 858 2457 ,quod
877 2407 1008 2457 salutis
1019 2403 1187 2452 ferendae
1206 2404 1330 2451 gra-tid

273 2469 321 2519 fit
351 2464 572 2511 criminosum
609 2461 664 2506 est.
734 2458 976 2496 Misereamur
1013 2456 1152 2495 caeculi
1182 2455 1329 2493 ethnici.

279 2522 462 2561 Nmpot.
490 2512 676 2551 precantia
711 2511 840 2549 Petav.

333 2589 417 2625 755.
450 2580 560 2611 Lucus
588 2585 667 2609 eum
689 2599 700 2616 ‚
737 2569 948 2619 nemorisque
976 2569 1028 2616 sui
1057 2568 1252 2618 Dio‘t'ymna
1279 2582 1331 2606 ro-

279 2632 361 2677 ceffu
390 2625 532 2670 Gelan]
589 2622 820 2660 Artimifium
854 2622 998 2658 Dianae
1031 2619 1215 2658 Tauricae
1235 2648 1245 2664 ,
1285 2620 1332 2657 de

282 2691 359 2728 quo
389 2678 492 2725 supra
517 2671 589 2713 lib.
619 2686 682 2711 ιιι,
719 2674 758 2710 ὃς
781 2672 840 2709 lib.
875 2683 954 2708 x1v.
985 2671 1239 2717 Metamorph.
1269 2670 1332 2707 ubi

282 2729 464 2779 quaedam
481 2755 490 2771 ‚
517 2738 596 2764 non
613 2724 762 2772 indigna
780 2722 867 2759 scitu
882 2750 892 2766 ,
921 2721 1016 2764 dixi,
1044 2731 1138 2768 quae
1159 2721 1242 2757 alias
1262 2721 1334 2756 im-

281 2781 496 2829 primentur.
524 2777 569 2814 de
590 2775 794 2823 Dielymna
807 2773 892 2810 vide
909 2783 1005 2822 quae
1024 2782 1068 2807 ex
1083 2771 1236 2807 Lutatio
1250 2770 1326 2807 col-

282 2830 355 2878 legi
367 2829 458 2865 libro
470 2827 630 2865 secundo
650 2822 943 2873 Metamorphos.
954 2822 1124 2859 CroFAN.
1151 2821 1223 2858 Vel
1238 2821 1327 2866 ,tui,

284 2881 422 2919 Sarrav.
443 2878 586 2915 Scribe:

337 2946 449 2976 Lucus
465 2954 540 2977 eum
565 2940 777 2988 nemorisque
794 2938 870 2983 tui,
899 2936 1080 2987 Ditft'ynna
1093 2965 1104 2983 ‚
1133 2934 1267 2986 reccffus

388 2991 501 3028 celat.

284 3064 370 3092 narn
391 3052 428 3089 in
447 3051 754 3094 Zulichemian0‚
784 3049 926 3099 receffus.
948 3050 1094 3087 Hans.

335 3128 418 3164 755.
446 3113 667 3163 Diolynnaq
724 3114 783 3149 De
812 3113 886 3148 hoc
908 3120 1163 3159 cognomento
1181 3113 1327 3151 Dianae

282 3167 340 3206 adi
362 3166 570 3204 Diodorum
595 3165 758 3202 Siculum
782 3162 1003 3208 Βιβλιιθῆκκς
1031 3163 1090 3200 111).
1113 3175 1149 3201 v.
1169 3175 1266 3214 quae
1286 3166 1324 3202 &

278 3218 510 3264 Βριτόμαρτις
530 3215 640 3256 diesin.
669 3216 794 3252 NEAP.

323 3284 410 3335 πό..
435 3283 581 3337 ariciae
607 3283 656 3331 est
688 3280 824 3335 visbius
848 3280 906 3332 me
929 3279 1048 3332 lacu-i
1102 3281 1163 3321 De
1186 3281 1323 3333 §firmo

2296 1039 2330 1109 J
2335 1056 2428 1114 up-

1378 1170 1493 1208 Ovid.
1525 1170 1588 1210 lib.
1617 1183 1681 1209 xv.
1708 1171 1965 1223 Metamorph.
1989 1175 2029 1214 δε
2061 1175 2235 1226 Virgilius
2264 1177 2325 1217 lib.
2356 1183 2431 1221 v11.'

1377 1221 1530 1260 AEneid.
1558 1223 1670 1260 Cror.

1430 1283 1515 1329 756.
1544 1282 1679 1320 Virbius
1697 1283 1756 1320 ille
1777 1284 1896 1336 lacus]
1953 1287 2045 1326 Inde
2066 1289 2220 1328 Flamen
2248 1290 2431 1331 Virbialis.'

1378 1332 1481 1389 cujus
1505 1343 1550 1370 ex
1572 1335 1744 1372 omnibus
1773 1337 2012 1386 antiquorum
2041 1339 2176 1391 scriptis
2206 1340 2322 1381 solum
2350 1353 2432 1391 me:

1378 1393 1488 1422 mmit
1508 1395 1674 1424 marmor
1692 1393 1798 1424 vetus
1818 1388 2056 1429 Romanum:

1503 1504 1663 1545 PRAEF.
1688 1505 1873 1549 IVVEN.

1503 1585 1659 1635 EQVO
1688 1587 1921 1629 PVBLICO

1507 1670 1753 1709 ADIECTO
1783 1671 1841 1710 IN
1866 1673 1915 1710 V.
1943 1672 2141 1714 DECVRJ

1510 1740 1749 1779 ORNATO
1778 1739 2018 1778 MILITIAE

1508 1816 1670 1855 PRAEF.
1698 1816 1828 1854 COH.
1856 1815 2068 1854 AFRICAE

1511 1885 1744 1925 FLAMINI
1772 1887 2029 1930 VIRBIALI.

1511 1965 1719 2004 AVGVRI
1745 1966 1925 2007 AEDILI.

1434 2039 1755 2079 AVGVSTALI
1783 2041 1834 2092 Q.
1863 2041 1914 2090 Q.
1941 2038 2218 2082 IVVENVM:

1384 2102 1568 2142 Neapoz.

1437 2215 1521 2253 757.
1550 2208 1605 2241 At
1626 2203 1802 2253 Lachefis,
1831 2203 1986 2254 Clotho.]
2023 2203 2131 2241 Duae
2152 2199 2309 2249 Parcae,
2336 2203 2433 2245 filiae

1384 2256 1486 2304 Jovis
1504 2267 1550 2293 ex
1572 2255 1784 2299 Themide,
1813 2254 1921 2292 Coeli
1941 2254 2023 2292 filia.
2052 2252 2306 2302 Apollodorus
2325 2256 2384 2294 lib.
2406 2270 2434 2295 1.

1385 2308 1556 2346 CrofAn.
1583 2306 1654 2344 Pro
1683 2304 1821 2355 Lachesi
1844 2307 1881 2343 in
1913 2317 1990 2342 uno
2008 2303 2149 2342 Farnes.
2170 2304 2315 2354 Regio,
2345 2318 2434 2346 meo

1385 2359 1459 2403 est,
1488 2359 1663 2396 Limenus.
1683 2357 1833 2395 Putean.
1849 2356 1999 2393 Limens.
2026 2356 2123 2397 aliis,
2145 2355 2339 2396 Limeneus.
2366 2358 2436 2396 Er-

1385 2412 1574 2452 furtanus,
1602 2407 1786 2446 elimenes.
1817 2408 1852 2445 in
1885 2407 2026 2444 Mazar.
2052 2405 2195 2443 Zulich.
2224 2407 2331 2454 prim.
2352 2408 2439 2447 Far-

1385 2461 1458 2499 nes.
1481 2459 1633 2510 aliisque
1652 2457 1840 2497 nonnullis
1871 2457 1965 2495 erasa
1988 2464 2093 2494 vetus
2110 2456 2235 2495 leelio.
2265 2459 2375 2497 etiam
2397 2461 2436 2498 in

1385 2512 1580 2550 Voffiano.
1608 2511 1670 2548 ubi
1689 2509 1811 2548 relie‘ca
1838 2508 1883 2546 ad
1911 2509 2115 2557 marginem
2145 2507 2280 2556 priscae
2309 2509 2440 2547 leftio-

1386 2564 1441 2602 nis
1470 2562 1724 2611 interpretatio
1759 2559 1934 2606 ridicula,
1962 2558 2135 2603 Limines,
2161 2558 2238 2607 sive
2276 2559 2438 2599 Limina:

1388 2620 1484 2651 Deus
1508 2614 1636 2650 dicitur
1655 2611 1712 2661 effe
1731 2611 1876 2648 liminis.
1921 2609 2056 2649 deinde
2083 2608 2255 2648 meliores
2281 2621 2437 2656 ornnes,
2475 2611 2495 2652 ‚⁴

1390 2665 1473 2702 haec
1482 2663 1549 2710 fila
1569 2664 1701 2708 teneri,
1729 2663 1795 2700 Hic
1818 2661 1895 2712 fieri
1914 2661 2018 2711 regni.
2067 2661 2180 2698 Latet
2199 2659 2298 2698 haud
2327 2661 2438 2701 dubie

1391 2715 1586 2753 mendum.
1622 2714 1765 2752 Scribe:
2488 2711 2490 2715 ’

1433 2791 1490 2823 At
1512 2786 1702 2836 Clymenus
1723 2787 1914 2835 Clothoque
1931 2784 2067 2827 dolem3
2096 2782 2176 2820 haec
2189 2780 2256 2830 fila
2274 2783 2386 2822 reneri
2392 2797 2406 2828 3

1487 2838 1554 2875 Hic
1568 2837 1648 2886 fieri
1666 2839 1759 2887 regni
1774 2840 1861 2888 jura
1880 2836 2014 2873 minora
2026 2834 2097 2881 sui.

1383 2899 1506 2938 Poss‘et
1535 2902 1573 2938 8<
1605 2901 1788 2950 Clymenos
1818 2900 1901 2948 legi.
1937 2896 2074 2945 singula
2103 2896 2308 2934 videamus.
2356 2896 2433 2935 Cur

1382 2951 1492 2988 Pluto
1532 2951 1722 2999 Clymenus
1755 2950 1892 2986 dicatur
1937 2948 2078 2985 causam
2113 2948 2175 2985 dat
2202 2947 2348 2984 Auctor
2381 2948 2432 2984 E-

1380 3001 1600 3049 tymologici
1617 3014 1624 3037 :
1654 3000 1839 3050 Khv'pczr&
1856 2997 1960 3050 ’ὄνόμοι
1991 2997 2108 3046 κύβιον
2128 2996 2250 3050 ἵρωῶὴ
2282 2998 2376 3050 παραὶ
2393 3000 2434 3036 τὸ

1381 3056 1495 3107 zado,
1520 3060 1556 3095 τὲ
1581 3056 1716 3107 δοξάζω.
1747 3060 1843 3108 {4125}
1874 3057 2023 3096 ὲπίθήπν
2054 3051 2132 3091 ἔδεε.
2163 3054 2292 3092 τετέςιν
2317 3052 2432 3091 371·οῶ-

1382 3130 1429 3150 τκ
1470 3116 1579 3151 καλῶν
1619 3115 1696 3164 πξός
1731 3111 1875 3162 exuriit,
1923 3105 1940 3151 ὃ)
1979 3110 1994 3146 ὁ
2032 3109 2124 3160 ’ἀῶ-ἒξ
2161 3104 2288 3146 πάντων
2326 3108 2433 3146 οἷκεᾶ-

1382 3166 1500 3215 μὸζυῶυ.
1555 3168 1591 3203 in
1635 3167 1862 3215 ,siritliologia
1904 3164 2134 3201 Graecorum
2177 3162 2434 3210 Epigramma-

1381 3231 1461 3259 turn
1499 3219 1591 3257 libro
1621 3218 1730 3256 tertio
1755 3245 1767 3263 ,
1801 3216 1919 3266 capite
1938 3212 1990 3258 εἰς
2007 3212 2092 3259 ’ὄρνις
2110 3239 2122 3259 ,
2157 3211 2434 3262 Epigrammate

1381 3275 1551 3325 ,Λυγκεῖ
2399 3312 2407 3325 ,

2356 3321 2431 3362 ,0νὲ
