2495 3675
249 171 355 237 492
738 163 802 221 Ρ.
876 161 1293 223 ovtott

1364 151 1899 220 NASONIS

551 257 728 317 Saltus
752 259 817 316 ab
840 262 940 317 hac
966 261 1108 318 terra
1132 258 1309 314 brevis
1333 253 1409 310 est
1431 252 1711 327 Tempyra
1735 257 1961 332 petenti,

626 332 752 390 Hac
777 334 1060 391 dominum
1087 346 1241 388 tenus
1268 327 1344 384 est
1368 326 1454 383 illa
1478 325 1660 383 secuta
1683 325 1851 383 suum.

265 543 394 595 rejicio
410 572 419 590 ‚
445 544 493 582 ita
503 543 640 584 rursum
653 552 779 584 tamen
793 545 955 584 dubitare
974 543 1075 583 soleo
1088 571 1099 588 ,
1112 553 1200 581 num
1213 542 1313 582 idem

266 594 370 634 locus
392 595 437 633 de
457 596 609 635 Lemno
633 599 753 646 potius
783 595 1014 643 accipiendus
1045 594 1109 638 sit,
1138 594 1240 643 cujus
1260 606 1316 633 re-

265 657 351 694 gem
379 646 576 696 aliquando
607 646 709 685 fuiffe
733 646 912 684 Astorem
937 646 1109 694 Hyginus
1133 644 1317 684 Fab.102,

267 697 368 734 dicit.
391 699 453 746 qui
475 697 520 734 de
555 698 755 736 Philoetete
774 697 952 746 loquens,
981 695 1001 734 a
1027 695 1200 740 Graecis,
1229 707 1315 734 cum

266 754 404 785 tetrum
433 747 587 785 odorem
626 748 782 785 vulneris
811 748 902 785 illius
932 748 1026 785 ferre
1055 758 1132 784 non
1151 745 1317 795 possent,

266 797 305 835 in
331 799 481 835 Lemno
503 798 668 836 relictum
695 798 763 842 ait,
792 798 914 847 ibique
938 797 958 835 a
989 797 1129 846 pastore
1149 799 1241 847 regis
1263 800 1318 836 A·

270 847 380 886 {toris
402 847 644 885 Phidimacho
676 848 900 897 Dolopionis
922 848 997 887 filio
1019 850 1195 886 nutritum
1211 877 1220 892 ,
1244 850 1316 887 &0

266 898 323 936 Ut
342 898 383 935 sit
411 898 526 935 sensus
552 913 560 935 2
590 899 784 948 Postquam
816 900 860 937 ad
895 899 1176 948 Hellespontum
1211 901 1316 938 veni·

265 959 371 993 mus,
401 950 436 986 in
464 950 606 987 laevam
639 950 806 987 fleximus
829 951 983 988 cursum.
1022 954 1059 987 &
1094 949 1137 988 ab
1165 950 1314 989 Actoris

264 999 354 1037 urbe
369 1027 379 1043 ,
407 1000 444 1036 in
475 999 586 1037 insula
608 1000 759 1038 Lemno
775 1029 785 1044 ,
820 1001 856 1038 in
879 1001 1042 1039 Imbrum
1074 1002 1192 1049 (hanc
1211 1002 1311 1040 enim

262 1060 330 1098 per
363 1049 536 1088 Imbriam
561 1059 690 1088 terram
721 1052 891 1099 accipio)
929 1054 1097 1100 proxime
1125 1053 1313 1100 navigavi-

265 1110 372 1143 mus,
401 1101 486 1139 inde
504 1102 540 1138 in
566 1102 880 1146 Samothraciam,
910 1104 981 1141 &c.
1013 1103 1145 1152 Neque
1166 1102 1310 1141 etiama

261 1151 394 1189 tabulis
428 1152 748 1202 Cosmographicis
794 1152 953 1191 dissentit
992 1154 1084 1191 11366
1116 1153 1312 1202 expositio.

260 1213 376 1251 quam
397 1210 521 1240 tamen
544 1215 591 1240 eo
621 1204 682 1242 1116
708 1203 849 1253 adjeci,
878 1216 954 1241 non
984 1214 1023 1242 ut
1045 1205 1203 1241 omnino
1225 1203 1312 1241 affe-

258 1264 379 1290 rerem
401 1265 507 1298 eam,
536 1254 595 1291 sed
625 1263 664 1292 ut
693 1255 768 1292 aliis
799 1255 984 1304 cogitandi
1017 1255 1207 1292 materiam
1231 1255 1311 1303 sup-

259 1303 479 1352 peditarem.
507 1305 618 1343 Multi
637 1314 761 1343 autem
788 1305 1018 1343 recensentur
1046 1306 1169 1354 paffim
1193 1305 1311 1343 Aeto-

259 1364 339 1398 res‚
368 1367 534 1405 quorum
562 1364 688 1394 tamen
720 1357 848 1405 reliqui
875 1384 885 1400 ,
924 1358 1008 1405 quia
1033 1356 1089 1393 vel
1122 1357 1157 1393 in
1186 1356 1310 1394 littore

258 1403 495 1450 Thessalico,
524 1406 583 1443 vel
603 1407 803 1452 Locrensi,
833 1407 892 1444 vel
919 1408 1029 1444 etiam
1052 1405 1308 1454 Peloponneso

257 1454 492 1500 habitarunt,
522 1457 567 1494 de
592 1469 721 1495 eorum
744 1459 894 1495 nemine
913 1457 1091 1495 hocloco
1114 1458 1226 1505 accipi
1240 1469 1307 1506 po-

254 1507 334 1544 test.
364 1508 541 1547 Mrcrtr..
573 1508 634 1545 Ab
659 1509 868 1555 Hyrmine,
898 1508 1033 1546 urbein
1050 1508 1306 1556 Elaea,quam

252 1568 303 1594 ex
320 1560 442 1596 matris
461 1558 542 1597 suae
563 1560 719 1597 nomine
738 1559 857 1597 Ac'tor
877 1558 1095 1598 aedificavit.
1120 1559 1308 1598 Pausanias

253 1606 294 1645 in
318 1609 448 1647 Eliacis
470 1609 535 1647 sub
550 1610 784 1657 principium.
811 1612 921 1659 Quae
944 1609 1055 1647 166110
1077 1622 1162 1648 vera
1183 1612 1306 1650 omni-

254 1669 309 1696 no
332 1661 423 1698 mihi
446 1660 610 1704 videtur,
639 1661 819 1698 clariffimi
845 1661 912 1698 viri
941 1661 1037 1698 Petri
1058 1661 1191 1710 Angeli
1220 1661 1306 1699 Bar-

254 1711 496 1760 gaeijudicio
516 1711 767 1759 comprobata.
795 1712 894 1750 Nam
910 1739 920 1755 ,
949 1721 988 1749 ut
1010 1720 1144 1750 notum
1165 1711 1305 1756 est,O-

252 1761 374 1799 vidius
400 1763 526 1800 navim
556 1761 656 1799 suam
682 1762 720 1800 in
759 1761 837 1800 sinu
866 1762 1108 1800 Corinthiaco
1141 1763 1304 1811 (idcirco

251 1812 377 1849 multo
400 1814 519 1850 minus
541 1814 718 1851 convenit
737 1813 932 1857 Cenchris,
960 1824 1056 1861 quae
1087 1821 1186 1851 extra
1205 1814 1304 1853 hunc

252 1861 373 1899 finum
406 1863 486 1901 sunt
507 1891 519 1908 ‚
567 1875 614 1900 ex
654 1864 887 1901 Athenarum
923 1863 1098 1912 regione)
1137 1863 1303 1903 habebat.

248 1911 455 1952 Discedens
475 1914 583 1963 igitur
608 1918 721 1963 poeta
740 1915 784 1952 ab
803 1914 950 1953 ACtoris
967 1914 1054 1952 urbe
1076 1924 1216 1963 praeter
1234 1915 1299 1954 Pe-

249 1962 499 2011 loponnesum
528 1965 564 2001 in
588 1964 752 2003 Imbrum
775 1967 954 2013 pervenit.
1007 1965 1068 2002 De
1085 1965 1233 2014 *Aetore
1252 1965 1301 2005 fic

249 2013 428 2063 Hyginus
449 2026 615 2065 cap.xtv.
628 2016 688 2054 ubi
709 2026 902 2055 enumerat
915 2018 1167 2065 Argonautas;
1192 2019 1301 2055 Λᾰῖον

246 2065 391 2114 Hippafi
409 2065 508 2114 filius
539 2079 581 2102 ex
613 2066 841 2116 Peloponnefh.
895 2070 1004 2117 Quae
1028 2067 1162 2111 verba,
1189 2079 1270 2105 eam
1288 2096 1298 2113 ‚

247 2126 361 2165 quam
382 2117 513 2164 posui,
550 2117 768 2157 sententiam
794 2118 898 2156 valde
922 2116 1157 2155 confirmant.
1185 2119 1299 2157 Cxor.

245 2166 413 2205 Absurda
429 2195 438 2210 ,
461 2176 500 2205 ut
519 2167 596 2216 jam
611 2170 755 2208 notavit
777 2169 1032 2207 eruditissimus
1050 2167 1240 2206 Maffonus
1261 2172 1299 2208 in

246 2217 326 2255 vita
346 2218 498 2261 Ovidii,
519 2220 705 2265 navigatio
719 2219 744 2256 11
765 2232 810 2256 ex
825 2229 932 2266 portu
945 2220 1217 2257 Cenchrearum
1230 2220 1299 2258 sol-

246 2279 339 2305 vens
358 2277 396 2306 ut
416 2269 535 2306 versus
563 2269 845 2317 Hellespontum
867 2269 1034 2307 tenderet
1049 2298 1057 2309 .
1087 2271 1296 2309 Herminen

243 2318 375 2356 urbem
396 2320 628 2367 praeteriret,
656 2331 750 2368 quae
771 2320 808 2357 in
835 2320 937 2357 hlide
955 2319 999 2356 ad
1019 2319 1165 2357 alteram
1191 2323 1299 2360 Pelo-

244 2369 401 2418 ponnesi
421 2369 561 2419 partem
586 2382 699 2418 prope
723 2379 892 2408 montem
918 2370 1098 2419 Cyllenen
1119 2373 1295 2410 eratolim

244 2419 311 2457 sita
326 2448 334 2464 ,
366 2420 404 2458 &
425 2432 524 2459 nunc
547 2421 643 2458 forte
665 2423 829 2468 perierat.
867 2431 963 2458 certe
985 2421 1112 2458 Strabo
1134 2433 1209 2458 non
1234 2435 1296 2460 ex·

243 2470 333 2508 11316
353 2470 417 2508 suo
438 2480 609 2520 tempore
628 2471 715 2509 dicit
734 2472 793 2509 lib.
822 2484 896 2510 vrit
930 2484 1009 2520 pag.
1030 2483 1110 2519 34¹·
1140 2484 1210 2521 ego
1234 2485 1296 2510 ve-

243 2531 287 2558 ro
306 2522 365 2559 hic
386 2522 474 2559 nihil
497 2534 556 2559 me
576 2522 699 2560 videre
722 2523 864 2567 fateor,
893 2535 963 2561 nec
992 2523 1129 2558 Affloris
1151 2523 1207 2560 vel
1230 2531 1298 2560 He-

244 2573 344 2608 c't'oris
365 2572 483 2609 urbem
503 2573 612 2617 scire,
641 2585 735 2622 quae
757 2574 866 2611 fuerit
910 2572 1187 2611 verosimillima
1206 2575 1297 2613 mihi

242 2621 388 2671 Micylli
404 2623 584 2671 expolitio
605 2624 648 2661 de
673 2626 824 2661 Lemno
847 2623 1003 2662 videtur.
1031 2624 1161 2661 Eunu.

301 2684 355 2722 18.
386 2685 515 2722 Imbria
536 2685 668 2735 terrm]
699 2686 854 2723 Terram
881 2686 1054 2722 imbriam
1078 2697 1158 2722 earn
1182 2685 1292 2730 dicit,

241 2744 354 2780 quam
375 2736 590 2773 selimbriam
613 2737 769 2778 Plinius,
798 2737 1058 2779 Ptolomaeus,
1087 2737 1294 2783 caeterique

243 2784 453 2830 appellant:
492 2787 549 2824 illa
580 2788 679 2824 enim
708 2788 745 2823 δε
777 2786 967 2823 Perinthus
996 2786 1031 2822 in
1061 2786 1294 2833 Propontidis

242 2832 367 2871 littore
390 2836 503 2873 fuere.
557 2838 654 2874 Nam
685 2837 710 2874 fi
742 2837 893 2874 Imbron
914 2836 1063 2873 insulam
1087 2837 1291 2884 acceperis,

242 2895 320 2920 non
344 2886 537 2931 procedet:
566 2887 744 2935 liquidem
776 2899 817 2924 ea
848 2887 908 2924 lita
938 2887 982 2924 611
1015 2886 1111 2923 haud
1131 2887 1242 2935 longe
1271 2886 1289 2924 3

243 2932 429 2972 Thra-:iae
461 2936 690 2974 Cherroneso
716 2966 726 2981 ,
769 2939 805 2975 in
841 2938 931 2974 mari
955 2937 1077 2985 AEgeo
1106 2938 1290 2975 Thraciae

243 2983 437 3032 adjacenti.
467 2987 581 3022 Poeta
603 2999 690 3024 vero
708 2989 783 3035 jain
809 2989 843 3024 in
870 2987 1134 3035 Propontidem
1160 3000 1290 3036 perve-

242 3043 357 3072 ner-at.
394 3034 469 3071 Nisi
493 3037 592 3073 malis
619 3038 840 3084 intelligere,
874 3039 973 3074 illum
998 3050 1073 3074 non
1094 3037 1288 3086 ingressum

243 3083 347 3123 fuilse
367 3085 648 3132 Hellespontum
670 3114 680 3128 ,
716 3088 774 3123 led
802 3086 965 3133 sEgeum
989 3090 1020 3124 61
1043 3089 1203 3126 vicinum
1226 3101 1288 3136 ap-

243 3134 386 3184 pellasse
409 3136 712 3182 H-llespontum,
741 3146 778 3173 ut
797 3137 966 3173 diximus.
995 3140 1183 3176 1111110111.
1223 3140 1290 3176 Er·

242 3197 304 3223 ror
324 3186 547 3234 graviiiimus
568 3186 653 3223 inde
674 3195 791 3227 ortus,
826 3188 926 3234 quoi
951 3188 1044 3223 male
1065 3201 1174 3234 aquas
1207 3190 1289 3226 Hel-

242 3236 461 3285 lespomiacas
498 3248 563 3284 pro
595 3237 670 3284 ipso
703 3238 845 3284 proprie
891 3237 910 3274 d
930 3236 990 3274 <ito
1044 3238 1285 3286 Hellesponto
1338 3238 1437 3276 ret-'le
1464 3238 1570 3275 sentit
1604 3265 1613 3279 ‚

2276 406 2419 464 Nam

1371 539 1452 579 cina
1478 539 1713 589 intelligatur}
1744 550 1832 579 nam
1861 537 2146 587 Hellespontum
2175 552 2251 580 non
2283 543 2423 583 tranfiit

1371 591 1527 635 Noster,
1553 591 1613 629 sed
1635 591 1783 630 flectens
1805 592 1842 630 in
1859 592 2002 628 laevam
2023 589 2068 627 ad
2086 589 2250 630 Imbrum
2268 620 2278 636 ‚
2305 595 2341 630 δε
2365 597 2420 632 in-

1372 642 1418 681 de
1444 642 1482 680 in
1509 643 1772 680 Samothracen
1794 671 1805 687 ‚
1843 641 1904 680 ubi
1934 641 2029 678 hanc
2059 640 2223 690 Elegiam
2252 643 2420 692 scripsisse

1372 693 1472 731 reete
1498 693 1656 731 ostendit
1673 692 1884 737 Massonus,
1909 693 2109 737 navigavit.
2137 693 2217 740 quis
2236 705 2325 731 vero
2336 707 2420 733 um·

1371 755 1484 794 quam
1503 743 1733 793 selymbriam
1760 744 1895 782 dietam
1924 740 2028 779 fuisse
2060 742 2232 780 lmbriam
2261 744 2419 785 somnia-

1374 793 1453 832 vit?
1484 795 1521 832 in
1541 796 1629 832 Mss.
1651 795 1698 833 est
1718 795 1860 833 Umbria
1875 822 1886 840 ,
1914 792 2074 830 Umbrica
2086 821 2097 839 ,
2127 793 2276 831 Imbrica
2290 822 2301 840 ,
2321 796 2420 834 Cim-

1372 845 1461 884 bria.
1485 844 1616 884 Euam.

1369 960 1390 999 d
1426 911 1601 999 rgssLezg
1617 909 1759 999 plenta]
1810 908 1957 996 Eocdegn
1975 906 2099 965 ‘modo
2117 906 2341 995 αξῖ6ζ3ἱι1111).
2361 921 2417 949 iv,

1361 973 1539 1058 ,Ιῖῑίενῗιηῖ
1557 1014 1575 1049 *e
1592 968 1870 1061 szpersssvpeosrtz
1884 973 1908 1055 ,o
1923 961 2416 1063 licvltrzzve'ntczsolvegmtfsgl‘ii

1368 1071 1493 1101 tamen
1515 1064 1583 1100 lem‘
1609 1063 1757 1112 legunt,
1784 1062 1888 1111 quod
1909 1060 2009 1099 sensu
2040 1059 2089 1097 est
2106 1058 2220 1097 idem.
2247 1060 2417 1102 Croni«.

1369 1113 1458 1152 Vid.
1477 1114 1522 1151 ad
1544 1113 1642 1161 Epist
1676 1125 1755 1150 xxv.
1769 1123 1829 1160 39.

1423 1176 1479 1211 19.
1509 1163 1693 1200 Zerinthia
1714 1163 1834 1199 littora
1853 1161 1987 1211 nasta]
2015 1160 2235 1209 Legendum
2251 1161 2320 1199 ess'e
2330 1163 2414 1212 qui-

1367 1214 1519 1252 busdam
1541 1215 1682 1262 placet,
1701 1213 1896 1250 Perinthia.
1923 1213 2113 1250 Perinthus
2134 1213 2231 1249 enim
2249 1213 2328 1250 urbs
2340 1215 2417 1256 fuit⁴

1367 1266 1406 1302 in
1429 1265 1662 1314 Propontidis
1682 1266 1824 1303 littore:
1853 1275 1964 1312 quam
1987 1263 2416 1313 scribitHerodotuspri-

1367 1326 1469 1354 mam
1491 1328 1536 1353 ex
1561 1315 1822 1364 Hellespontiis
1842 1315 1959 1352 Dario
1981 1311 2116 1351 subesse
2139 1313 2321 1352 recusasse,
2342 1315 2415 1354 Sed

1364 1366 1589 1404 11366166110
1620 1367 1711 1404 mihi
1742 1377 1819 1403 non
1849 1365 2043 1414 probatur:
2072 1375 2158 1401 nam
2188 1365 2224 1402 in
2248 1365 2412 1405 Pontum

1362 1418 1619 1467 navigantibus
1639 1418 1759 1466 primo
1782 1416 1816 1453 se
1836 1415 1945 1453 offert
1965 1415 2177 1459 Perinthus,
2204 1414 2338 1454 deinde
2351 1417 2416 1455 Se-

1360 1466 1524 1512 limbria,
1552 1477 1592 1506 ut
1618 1469 1730 1506 docet
1749 1467 2000 1505 Ptolomaeus.
2046 1466 2172 1513 Quare
2193 1474 2232 1503 ut
2251 1477 2335 1504 cum
2359 1468 2416 1506 se-

1360 1520 1555 1567 quentibus
1576 1520 1649 1557 hoc
1670 1519 1890 1562 conveniat,
1917 1517 2076 1554 Poe'tam
2101 1516 2136 1553 in
2148 1515 2272 1564 lEgeo
2284 1518 2409 1556 Thra·
2435 1530 2447 1558 ’,

1359 1570 1436 1608 6136
1455 1569 1637 1619 adjacenti
1656 1567 1758 1607 fuisse
1780 1568 1972 1606 credamus
1997 1565 2139 1605 neceffe
2161 1566 2220 1604 est.
2248 1567 2295 1604 Et
2312 1568 2421 1618 legesx

1359 1629 1445 1664 aut,
1467 1620 1683 1670 Peparethia.
1710 1620 1808 1657 Nam
1825 1619 1881 1668 (ut
1900 1619 2034 1657 Plinius
2053 1617 2180 1665 docet)
2205 1618 2327 1656 Athos
2345 1631 2411 1657 an-

1360 1679 1398 1709 te
1423 1672 1457 1710 se
1488 1672 1598 1710 habet
1628 1670 1779 1709 insulam
1819 1670 2064 1718 Peparethum
2105 1679 2191 1706 cum
2242 1670 2408 1717 oppido,

1360 1722 1552 1771 quondam
1574 1723 1753 1761 Evonum
1776 1720 1910 1759 dietam
1927 1748 1937 1764 ,
1966 1719 1986 1757 a
2007 1731 2079 1769 qua
2100 1730 2227 1767 parum
2241 1719 2335 1757 abest
2347 1720 2412 1758 Sa-

1361 1774 1566 1811 mothrace.
1619 1774 1698 1811 Aut
1729 1780 1826 1810 certe
1858 1771 2054 1808 Zerinthia.
2091 1771 2115 1807 i.
2146 1769 2252 1818 ipsius
2282 1770 2406 1809 Thra-

1360 1825 1450 1863 ciae.
1488 1825 1587 1862 Nam
1615 1823 1652 1861 in
1683 1821 1844 1861 Thracia
1872 1821 2090 1860 Zerinthum
2120 1819 2222 1858 fuisse
2244 1848 2255 1866 ‚
2289 1821 2410 1862 scribit

1358 1874 1614 1924 Lycophron,
1641 1874 1776 1912 sacram
1809 1874 1986 1911 Hecatae.
2021 1872 2105 1909 Fuit
2125 1873 2162 1909 &
2183 1871 2406 1912 Zerinthum

1357 1926 1424 1971 (ut
1440 1926 1591 1975 quidam
1614 1924 1799 1972 scribunt)
1828 1925 1865 1962 in
1887 1923 2126 1962 Samothrace
2147 1922 2281 1968 insula,
2307 1925 2407 1962 unde

1354 1975 1501 2015 fortasse
1532 1976 1673 2025 regioni
1699 1987 1840 2014 nomen
1873 1974 1973 2013 dedit
2006 1973 2177 2012 Ovidius.
2214 1974 2406 2014 MERULA.

1357 2027 1460 2065 Libri
1480 2027 1599 2076 scripti
1628 2038 1760 2065 omnes
1781 2054 1792 2071 ‚
1829 2025 2006 2063 Serinthia
2034 2037 2097 2073 per
2124 2038 2162 2070 s,
2189 2032 2228 2062 ut
2247 2028 2411 2074 repperit

1357 2079 1396 2115 ὅ(
1421 2078 1578 2116 Merula.
1604 2078 1664 2116 alii
1696 2078 1822 2126 legunt
1839 2105 1848 2121 ‚
1875 2075 2062 2114 Cerinthia
2089 2085 2150 2123 per
2176 2088 2202 2112 c.
2231 2073 2250 2113 3
2275 2076 2406 2114 Cerin-

1355 2129 1422 2166 tho
1443 2129 1531 2166 urbe
1553 2129 1727 2167 Euboeae
1745 2127 1892 2166 insulae.
1937 2128 2019 2176 Ego
2043 2126 2147 2164 valde
2166 2126 2202 2163 in
2222 2126 2296 2162 hoc
2315 2127 2403 2164 loco

1355 2180 1504 2217 1136160.
1533 2180 1682 2218 Etenim
1704 2179 1747 2216 ab
1779 2179 1903 2216 Imbro
1936 2179 1973 2215 in
1995 2177 2185 2214 Euboeam
2208 2175 2330 2213 frustra
2348 2188 2406 2214 re-

1352 2229 1442 2268 diret
1463 2233 1586 2278 poeta.
1614 2230 1820 2278 praesertim
1846 2240 1930 2266 cum
1955 2227 2073 2269 dicat,
2102 2225 2172 2262 levi
2185 2237 2299 2263 vento.
2330 2227 2402 2265 lta-

1353 2292 1426 2328 que
1455 2280 1543 2329 quid
1571 2281 1631 2317 hic
1658 2280 1811 2329 probem
1838 2306 1849 2323 ,
1883 2289 1926 2315 ac
1949 2279 2109 2326 cogitem
2127 2304 2135 2320 ,
2164 2288 2242 2313 11011
2268 2277 2402 2317 habeo.

1355 2331 1396 2369 In
1419 2330 1550 2368 Maffei
1571 2331 1633 2369 lib.
1656 2329 1847 2367 selehentia
1866 2329 1999 2366 littora.
2028 2329 2234 2376 depravate.
2263 2328 2405 2374 Erunt,

1352 2391 1393 2419 ut
1411 2382 1539 2429 spero,
1567 2381 1625 2419 alii
1655 2382 1723 2419 viri
1754 2380 1875 2423 doen,
1905 2380 1967 2428 qui
2000 2390 2046 2416 ex
2068 2378 2277 2426 Stephano,
2308 2379 2407 2417 Dio-

1352 2433 1458 2481 nysio
1491 2460 1500 2476 ‚
1539 2432 1715 2470 Strabone
1740 2459 1750 2476 ,
1787 2430 1980 2478 Apollonii
2012 2429 2219 2473 scholiaste,
2249 2429 2401 2479 aliisque

1351 2484 1581 2526 meroribus,
1609 2484 1706 2525 1106,
1735 2484 1774 2520 8(
1806 2481 1832 2519 si
1862 2493 1934 2530 qua
1964 2481 2001 2517 in
2037 2480 2106 2518 1136
2134 2479 2260 2528 Elegia
2279 2480 2402 2528 super-

1351 2534 1453 2579 sunt,
1483 2535 1617 2571 menda
1647 2534 1826 2571 auferent.
1854 2532 2024 2569 Ciomn.
2072 2531 2178 2567 Ναέῖὶ
2196 2531 2301 2578 prim.
2322 2531 2400 2570 Va·-

1351 2586 1413 2622 tic.
1435 2586 1546 2622 nattis
1573 2586 1760 2632 Junianus.
1791 2584 1865 2621 1106
1896 2583 1973 2626 est,
2004 2581 2194 2631 postquam
2222 2582 2316 2619 naen·
2342 2582 2400 2620 su-

1354 2647 1448 2673 mus.
1474 2638 1606 2679 Unus,
1635 2638 1749 2672 vecta.
1776 2633 2005 2672 Combianus
2029 2645 2095 2682 pro
2117 2631 2400 2671 diversaleetio-

1351 2697 1399 2722 ne
1414 2715 1423 2729 ‚
1453 2697 1567 2722 natat.
1600 2686 1825 2724 Hermolaus
1850 2685 2020 2721 Barbarus
2041 2685 2076 2720 in
2096 2681 2253 2718 Plinium
2269 2694 2322 2719 iv.
2340 2696 2397 2723 11.

1349 2735 1438 2784 legit
1460 2736 1662 2780 Perinthia,
1685 2738 1743 2774 cui
1757 2735 1990 2783 conjecturae
2011 2731 2146 2770 nonest
2168 2742 2308 2770 temere
2318 2733 2400 2772 sub.
2461 2757 2468 2762 -

1348 2785 1591 2824 scribendum.
1614 2788 1660 2824 de
1677 2788 1851 2824 Perintho
1867 2792 2033 2823 accurate
2059 2783 2152 2819 inter
2172 2782 2256 2827 alia,
2285 2785 2395 2823 Scali-

1345 2847 1410 2881 ger
1431 2837 1473 2874 ad
1493 2837 1708 2874 Chronicon
1734 2836 1976 2874 Eusebianum
1996 2845 2095 2869 a-nno
2121 2845 2223 2879 ¹4¹4-
2252 2835 2397 2873 Ηεικς.

1347 2886 1578 2936 Zerynthum
1620 2887 1722 2925 fuiffe
1752 2889 1788 2924 in
1829 2885 1987 2922 Thracia
2023 2883 2180 2921 ostendit
2211 2884 2396 2924 Berkelius

1348 2939 1392 2973 acl
1415 2939 1585 2986 Stephan.
1610 2938 1646 2974 in
1678 2936 1848 2980 Ζῆρινθος.
1873 2935 1957 2972 litus
1986 2945 2074 2981 ergo
2106 2934 2311 2972 Thracium
2342 2936 2395 2973 le-

1345 2990 1397 3035 git
1424 2989 1527 3024 navis
1541 2987 1695 3029 Ovidii,
1723 2986 1905 3023 ab'tmbro
1927 2984 1970 3021 ad
1991 2985 2128 3021 Samon
2157 2984 2396 3024 Thracicam.

1348 3037 1530 3086 Crispinus
1568 3036 1796 3084 Zerynthum
1835 3035 2015 3083 oppidum
2048 3035 2301 3073 Samothraces
2343 3038 2397 3074 fa-

1346 3089 1394 3125 cit
1415 3115 1425 3130 ,
1465 3087 1599 3123 vellem
1629 3085 1828 3123 adduxisset
1851 3086 2018 3123 auctores
2045 3084 2139 3120 suos.
2177 3085 2235 3122 sed
2269 3087 2396 3124 Meru-

1343 3138 1413 3175 lam
1430 3165 1439 3180 ,
1470 3146 1509 3174 ut
1529 3137 1691 3184 semper,
1716 3137 1887 3185 sequitur.
1918 3134 1990 3171 vid.
2013 3134 2056 3169 ad
2072 3134 2131 3170 lib.
2152 3146 2176 3171 1.
2198 3135 2285 3173 Fast.
2309 3147 2396 3184 390.

1345 3190 1382 3226 ὃ(
1405 3187 1546 3225 Merula
1562 3188 1647 3236 ,qui
1670 3186 1731 3224 hic
1749 3188 1794 3224 de
1811 3185 2003 3234 Zeryntlio
2027 3183 2208 3222 Thracica
2231 3188 2392 3234 primum

1662 3236 1861 3284 quomodo
1894 3237 1986 3271 hanc
2016 3243 2143 3271 notam
2178 3248 2261 3273 cum
2292 3248 2395 3285 prae·

238 3287 424 3335 sumserit,
453 3299 539 3326 cum
565 3298 644 3338 pars
668 3298 776 3327 mans
804 3286 914 3338 AEgei
929 3316 940 3333 ,
969 3287 1211 3338 Hellesponto
1230 3292 1286 3329 vi·
1338 3289 1483 3329 cedenti
1501 3288 1546 3327 de
1565 3287 1767 3337 Selymbria
1786 3286 1956 3325 conciliet
1978 3284 2101 3324 1161610
2116 3313 2127 3333 ,
2154 3286 2220 3326 nisi
2240 3287 2366 3327 statuat
2385 3313 2401 3330 ,

2292 3335 2391 3386 POst:
