2495 3675
502 208 1134 270 TRISTIUM
1205 208 1400 264 L113.
1476 207 1512 263 I.

1587 209 1794 268 Eme.
1834 215 1912 274 111.
2139 194 2239 289 463

376 313 492 368 Nec
518 332 694 378 mem,
732 334 833 372 nec
856 316 1080 387 spatium
1103 312 1312 367 fuerant
1337 311 1453 366 satis
1478 324 1597 383 apta
1621 314 1854 384 paranti:

445 387 791 458 Torpuerant
829 389 986 458 longa
1010 385 1223 458 peciora
1250 385 1422 450 nostra
1443 386 1609 438 mora.

371 460 497 515 Non
528 462 655 515 mihi
682 463 952 516 servorum
971 497 986 522 ,
1025 458 1237 512 comitis
1265 475 1373 512 non
1400 475 1526 512 cura
1550 458 1795 529 legendi:

231 547 294 584 10

440 533 563 588 Non
590 547 741 605 aptae
767 533 1000 604 profugo
1025 532 1176 584 vestis
1197 532 1384 611 ‘opisve
1412 532 1527 584 fuit.

369 606 497 660 Non
521 608 669 659 aliter
694 605 894 675 stupui,
932 621 1092 675 quam
1120 621 1209 668 oui
1231 604 1378 673 Jovis
1401 603 1610 674 ignibus
1638 603 1768 661 icius

449 679 632 739 Vivit;
677 677 730 743 <Sc
757 676 831 731 est
844 676 999 732 -vitae
1025 675 1227 731 nescius
1255 675 1362 746 ipse
1389 678 1521 730 suae.

370 748 447 805 Ut
472 764 649 804 tamen
675 751 809 804 hanc
835 750 1015 804 animo
1039 749 1234 803 nubem
1262 749 1417 803 dolor
1442 750 1548 821 ipse
1573 751 1829 817 removit,

452 822 520 875 Et
547 822 764 877 tandem
788 823 960 876 sensus
986 823 1306 876 convaluere
1345 823 1479 884 mei;

227 914 287 966 15
367 895 653 967 Adloquor
678 910 982 950 extremum
1010 895 1238 948 moestos
1262 896 1495 949 abiturus
1522 896 1749 962 amic03,

444 968 555 1040 Qui
582 968 749 1021 modo
775 968 843 1022 de
874 969 1048 1022 multis
1081 985 1213 1021 unus
1240 967 1293 1020 &
1320 970 1450 1021 alter
1477 984 1640 1022 erant.

369 1040 523 1095 Uxor
550 1059 726 1095 amans
754 1039 980 1095 flentem
1005 1039 1143 1093 flens
1168 1041 1335 1093 acrius
1360 1040 1464 1110 ipsa
1495 1041 1740 1104 tenebat3

440 1113 613 1168 Imbre
638 1131 732 1186 per
757 1113 998 1185 indignas
1023 1130 1188 1184 usque
1214 1114 1441 1166 cadente
1468 1130 1640 1183 genas,

366 1185 504 1240 Nata
529 1188 715 1256 procul
740 1186 958 1258 Libycis
984 1185 1161 1239 aberat
1187 1185 1389 1239 diversa
1413 1185 1504 1241 sub
1529 1186 1662 1241 oris:

223 1281 293 1315 20

75 1472 278 1512 Maffeiano
299 1472 360 1511 lib.
383 1472 421 1509 &
441 1471 658 1522 quibusdam
679 1471 754 1509 aliis
776 1469 894 1508 multo
915 1469 1046 1507 rectius
1066 1469 1120 1508 le-

75 1527 170 1574 gitur
190 1540 201 1569 ;
240 1537 331 1562 nnnc
353 1537 482 1573 quoque
529 1524 565 1560 id
587 1523 635 1560 est
656 1549 666 1566 ,
703 1533 802 1559 nunc
842 1532 927 1558 cum
965 1520 1118 1559 scribens

73 1577 164 1614 haec
185 1575 370 1613 recordor.
395 1576 478 1622 Qua
500 1575 535 1610 in
553 1573 730 1610 sententia
753 1571 801 1609 est
822 1571 859 1608 &
883 1571 1120 1619 ingeniofiffi-

75 1638 158 1664 mus
184 1627 258 1669 vir,
290 1625 416 1662 Paulus
437 1622 596 1661 Meliffus
617 1622 791 1660 Schedius
809 1622 977 1660 Francus.
1005 1623 1121 1661 C1ot=.

75 1683 182 1715 Nunc
201 1690 330 1726 quoque
351 1675 621 1721 Rottendorph-
642 1673 785 1711 rectius.
814 1673 959 1710 Heius.
987 1673 1115 1711 Humi-

75 1727 123 1764 da
139 1738 243 1776 gutta
262 1725 464 1764 Mediceus.

130 1806 164 1841 ς.
194 1793 286 1838 Jam
303 1802 399 1841 prope
417 1791 479 1827 lux
497 1788 653 1839 aderat]
683 1789 854 1827 Narratio
870 1817 880 1831 ,
907 1800 976 1839 qua
997 1788 1117 1838 singil-

27 1859 31 1866 =
73 1843 174 1882 latim
198 1843 380 1881 recensere
408 1842 534 1880 omnia
565 1840 714 1889 incipit,
743 1851 836 1889 quae
858 1839 919 1877 fibi
947 1849 1117 1878 extremo

74 1894 157 1932 suae
192 1894 228 1931 in
271 1894 356 1931 urbe
388 1892 628 1940 profeffionis
661 1899 832 1939 tempore
872 1892 1117 1939 contigerunt.

53 1945 248 1983 'Cronia
288 1945 327 1981 ln
347 1945 455 1982 tribus
473 1943 566 1980 libris
589 1950 664 1979 erat
680 1969 690 1986 ‚
718 1955 785 1978 nox
805 1941 939 1978 aderat.
970 1945 1117 1979 &certe

73 2007 119 2034 ex
130 2004 208 2034 tota
223 1995 346 2042 Elegia
356 2004 467 2043 patet,
481 1992 662 2031 Ovidium
677 2000 760 2030 ante
773 1993 893 2030 lucem
909 1992 1117 2041 profectum

75 2058 122 2085 ex
146 2047 245 2084 urbe.
275 2045 370 2083 Vide
388 2046 441 2087 ills.
462 2057 521 2090 27.
543 2044 582 2081 ὃς
606 2056 666 2091 50.
689 2044 819 2092 repetit
839 2055 925 2090 ergo
944 2043 1002 2079 hic
1023 2054 1118 2092 quae

75 2098 309 2145 contigerunt
336 2096 396 2133 sibi
420 2097 463 2132 ab
493 2095 552 2133 die
582 2095 715 2131 ultimo
737 2121 747 2136 ,
775 2094 839 2141 qui
858 2094 1043 2140 praeceffit
1065 2094 1118 2130 ul-

72 2147 203 2186 timam
221 2146 373 2185 noerem
389 2174 398 2189 ‚
411 2158 482 2195 qua
507 2144 652 2183 coac‘tus
673 2145 741 2182 fuit
760 2143 961 2181 discedere:
977 2143 1042 2181 nisi
1062 2143 1117 2181 di-

75 2210 215 2242 camus,
227 2198 299 2242 illa,
311 2207 406 2246 quae
418 2208 532 2245 usque
543 2195 586 2233 ad
601 2195 744 2232 versum
759 2206 817 2233 27.
829 2195 1043 2241 praemittit,
1056 2195 1116 2232 die

77 2249 194 2286 adhuc
215 2247 316 2286 fuiffe
330 2248 408 2285 aera
422 2275 432 2292 ,
463 2246 596 2284 &inde
609 2257 750 2284 narrare
765 2273 776 2290 ,
788 2257 883 2294 quae
895 2245 1116 2283 adveniente

77 2298 188 2338 noiste
206 2298 300 2347 gesta
319 2299 408 2336 sunt.
438 2298 566 2335 Buam.

127 2369 160 2403 7.
191 2364 314 2395 Fuerat
325 2358 416 2406 satis
433 2368 513 2407 apta
531 2358 721 2409 parandi.]
761 2365 913 2395 Fuerant
935 2357 1118 2406 eleganter

77 2406 258 2446 Barberin.
277 2409 422 2458 paranti
440 2410 526 2446 liber
550 2411 643 2448 Petri
665 2410 795 2446 Servii.
829 2409 954 2457 piandi
974 2420 1040 2457 pro
1065 2409 1117 2446 di-

74 2458 174 2496 versa
199 2459 358 2496 lectione
389 2459 628 2497 Combianus.
667 2460 900 2496 Richelianus
925 2486 935 2504 ,
968 2469 1110 2508 paratu,

73 2520 141 2557 pro
166 2510 313 2557 paratui.
341 2509 443 2556 quod
467 2521 594 2546 verum
619 2518 720 2558 puto.
750 2510 897 2546 Heius.

123 2585 161 2621 9.
188 2575 337 2611 Comites
349 2587 417 2609 non
431 2587 510 2610 cura
523 2574 680 2624 legendi]
712 2574 856 2612 Comitis
874 2573 1053 2614 Barbefin.
1074 2576 1113 2614 &

75 2634 143 2672 pro
162 2623 296 2663 diversa
319 2626 478 2662 lectione
506 2626 809 2674 Gottorphianus.
828 2627 982 2674 optime.
1009 2640 1114 2665 comes

75 2685 140 2722 pro
163 2677 327 2713 comites.
357 2676 445 2712 Dixi
465 2675 652 2715 Fanum.
679 2676 731 2718 ybs.
756 2678 838 2725 565.
867 2677 1011 2714 Heius.

131 2757 186 2783 11.
214 2744 343 2793 mun]
378 2745 489 2790 Juret.
508 2742 564 2780 ad.
587 2742 798 2792 Syinmach.
822 2755 901 2782 111.
930 2745 998 2794 Ep.
1015 2745 1049 2782 6.
1077 2747 1115 2784 in

75 2793 151 2832 aiiis
178 2796 361 2832 codicibus
390 2793 459 2831 effe
485 2796 580 2830 aetus
606 2794 760 2832 testatur.
797 2795 834 2832 &
856 2795 915 2832 lib.
941 2808 997 2833 1v.
1034 2809 1114 2834 111.

78 2846 136 2892 69.
164 2846 271 2891 Jovis
297 2845 429 2894 ignibus
457 2844 559 2891 ustus.
588 2846 625 2882 &
653 2844 742 2892 ustus
772 2846 831 2883 hic
860 2855 934 2883 erat
964 2849 1000 2884 in
1026 2847 1115 2883 Mo-

30 2906 36 2912 ·
78 2896 154 2933 reti.

133 2957 187 2994 ¹3.
216 2951 258 2981 Ut
277 2954 395 2981 tamen
415 2944 504 2981 hanc
530 2944 643 2981 animi
669 2945 792 2982 nubem
815 2946 908 2982 dolor
925 2945 989 2994 ipse
1006 2960 1114 2983 remo-

75 2994 131 3031 vit
146 3022 155 3039 ,
184 3000 227 3030 Et
249 2995 392 3031 tandem
412 2999 524 3041 sensus
546 2996 749 3033 convaluere
767 2996 871 3046 mei.]
904 2997 1008 3034 Idem
1022 2999 1114 3035 infra

76 3043 246 3094 fignificat
267 3047 302 3083 in
327 3048 393 3083 bac
415 3046 485 3093 ipsa
508 3046 631 3095 Elegia
651 3046 696 3083 de
719 3046 778 3084 sua
799 3059 935 3085 uxore:

128 3113 193 3150 Illa
213 3114 322 3150 dolore
340 3129 459 3151 amens
471 3143 479 3155 ‚
500 3114 644 3151 tenebris
661 3125 830 3151 narratur
849 3113 987 3160 obortis,

179 3165 396 3201 Semianimis
420 3166 533 3201 media
550 3166 751 3214 procubuiffi’
772 3166 881 3203 domo.

126 3219 234 3264 thue
255 3216 436 3261 resurrexit
447 3217 597 3261 foedatis
612 3216 752 3264 pulvere
774 3216 866 3264 turpi

180 3266 341 3301 Crinibus
354 3294 364 3309 ,
391 3278 433 3305 <9⁶
449 3266 563 3314 gelida
584 3267 738 3303 membra
756 3265 894 3302 levavit
913 3267 1029 3305 humo.

79 3327 122 3370 In
143 3330 300 3381 Epistola
319 3332 546 3372 Laodamiae
560 3361 570 3379 ,
597 3346 690 3383 quae
723 3343 871 3383 propter
892 3335 958 3373 viri
980 3336 1016 3373 in
1039 3334 1113 3372 bel·

440 1259 558 1314 Nec
590 1273 800 1332 poterat
823 1260 916 1314 fati
942 1259 1142 1313 certior
1171 1257 1273 1312 esse
1300 1259 1422 1313 mei.

2028 1337 2221 1410 Quod-

1174 1471 1249 1510 lum
1275 1469 1509 1518 Trojanum‚
1539 1471 1575 1508 in
1597 1482 1675 1519 quo
1702 1482 1787 1509 eum
1814 1473 2013 1520 petiturum
2035 1475 2218 1523 audierat,

1174 1521 1331 1571 profecti
1356 1521 1525 1558 dolorem
1548 1523 1753 1559 exanimata
1771 1523 1842 1560 est:

1225 1578 1305 1610 Lux
1322 1585 1452 1621 quoque
1473 1583 1584 1608 tecum
1601 1572 1689 1608 abiit
1701 1600 1710 1616 ,
1737 1572 1881 1610 tenebris
1899 1575 2077 1625 exsanguis
2094 1576 2219 1616 obortis

1278 1622 1440 1659 Succiduo
1460 1623 1552 1659 dicor
1567 1623 1771 1672 procubuiffe
1789 1637 1888 1671 genu.

1168 1704 1176 1706 ,
1226 1673 1292 1710 Vix
1309 1675 1401 1721 finer
1422 1673 1591 1720 Iphiclus,
1620 1674 1686 1709 vix
1706 1687 1759 1710 me
1774 1675 1999 1721 grandaevus
2022 1678 2189 1726 Acastus,

1277 1725 1341 1759 Vix
1359 1734 1472 1759 mater
1485 1723 1600 1771 gelida
1618 1723 1744 1759 maella
1765 1726 1878 1771 refecit
1897 1739 2006 1776 aqua.

1224 1773 1381 1821 Officium
1395 1776 1505 1819 fecere
1520 1775 1618 1821 pium
1632 1802 1642 1817 ,
1660 1774 1724 1821 sed
1740 1775 1862 1811 inutile
1880 1779 1995 1815 nobis.-

1278 1825 1439 1872 Indignor
1458 1824 1599 1872 miserae
1619 1837 1686 1860 non
1702 1824 1826 1873 licuiſje
1847 1828 1949 1866 mori.

1223 1877 1335 1926 thue
1349 1875 1489 1911 animus
1510 1875 1611 1911 rediit
1624 1903 1634 1919 ,
1658 1875 1790 1923 pariter
1811 1876 1937 1913 rediere
1958 1879 2108 1918 dolores.-

1274 1928 1414 1962 peciam
1430 1925 1602 1972 legitimus
1620 1926 1710 1969 casta
1729 1927 1916 1964 momordit
1931 1941 2040 1967 amor.

1175 1975 1345 2015 Ciomu.
1383 1977 1542 2021 Malim',
1569 1977 1710 2020 animo,
1739 1977 2004 2019 utPuteaneus.
2031 1982 2216 2024 lib.v111.

1174 2029 1268 2066 Met.
1285 2039 1332 2064 ex
1353 2028 1508 2075 antiquis
1531 2028 1776 2064 membranis:

1223 2078 1382 2125 Destinat
1403 2077 1495 2114 hunc
1521 2078 1636 2115 Minos
1653 2077 1810 2114 thalamo
1828 2092 2001 2118 removere
2012 2083 2190 2131 pudorem.

1174 2129 1326 2167 HEINS.
1356 2130 1474 2171 Mox,
1503 2139 1543 2164 ut
1565 2128 1706 2164 tandem
1730 2127 1844 2177 sensus
1864 2158 1874 2174 ‚
1904 2143 1996 2170 unus
2019 2135 2152 2174 codex,

1229 2181 1284 2217 16.
1311 2180 1384 2228 {Qui
1402 2179 1498 2214 modo
1520 2179 1560 2214 de
1578 2180 1699 2216 multis
1716 2193 1807 2216 unus
1827 2192 1869 2220 <9¹
1887 2182 1978 2219 alter
1993 2189 2136 2236 erana]
2165 2187 2214 2225 Ε·

1171 2230 1240 2280 leg.
1261 2242 1314 2268 xv.
1342 2229 1448 2278 hujus
1465 2229 1564 2267 libri:

1224 2281 1288 2318 Vix
1310 2280 1375 2317 duo
1402 2291 1514 2316 tresve
1536 2279 1623 2317 mihi
1642 2280 1682 2317 de
1698 2290 1749 2316 tot
1765 2282 1934 2330 [isperellis
1951 2285 2078 2330 amici,-

1272 2337 1394 2369 Cetera
1407 2333 1591 2376 fortunae,
1614 2345 1682 2368 non
1701 2344 1778 2367 mea
1797 2334 1902 2370 turba
1915 2336 2004 2381 fuit.

1172 2383 1272 2420 Inter
1298 2394 1361 2420 eos
1391 2391 1539 2424 autem,
1567 2384 1629 2431 qui
1651 2383 1687 2419 in
1717 2384 1902 2421 amicitiae
1923 2385 2047 2423 officio
2073 2387 2211 2424 manse-

1174 2442 1288 2476 runt,
1317 2433 1455 2470 Carum
1480 2460 1489 2474 ,
1525 2432 1672 2469 Celsum
1711 2433 1749 2469 δε
1780 2433 1990 2472 Maximum
2020 2446 2212 2475 enumerat

1166 2485 1221 2523 his
1245 2484 1420 2527 versibus,
1454 2483 1554 2531 Eleg.
1577 2494 1612 2519 v.
1634 2482 1695 2519 lib.
1721 2494 1802 2521 111.

1221 2544 1326 2594 quue
1347 2558 1457 2581 recens
1470 2545 1619 2593 praestas
1632 2573 1640 2586 ,
1672 2557 1729 2581 nec
1750 2545 1844 2593 longo
1865 2546 2015 2594 cognitus
2035 2547 2098 2594 usu
2111 2551 2135 2590 ,i

1269 2596 1376 2644 Quod
1396 2606 1550 2633 veterum
1573 2596 1690 2643 misero
1710 2596 1776 2632 vix
1799 2596 1864 2632 duo
1888 2608 2001 2633 tresve
2025 2597 2128 2635 mihi.

1170 2657 1255 2695 Lib.
1278 2671 1307 2696 1.
1334 2659 1379 2697 de
1401 2659 1546 2703 Ponto,
1587 2658 1691 2706 eleg.
1712 2669 1745 2695 x,

1221 2725 1354 2772 Adfuit
1374 2725 1432 2762 ille
1451 2725 1562 2770 mihi,
1590 2739 1667 2762 cum
1687 2739 1740 2762 me
1755 2734 1834 2774 pars
1855 2737 1984 2772 magna
2006 2724 2172 2775 reliquit,

1275 2777 1436 2813 Maxime
1449 2805 1458 2821 ,
1476 2778 1642 2824 fhrtunae
1663 2789 1720 2813 nec
1731 2777 1807 2823 fuit
1827 2777 1884 2812 ilie
1905 2789 2021 2814 comes.

1170 2826 1217 2864 Et
1237 2826 1297 2863 lib.
1318 2840 1374 2864 11.
1401 2829 1504 2875 Eleg.
1528 2840 1606 2864 ιιι.

1223 2882 1381 2925 Cumque
1401 2878 1463 2914 alii
1485 2878 1596 2913 nolint
1612 2877 1718 2913 etiam
1738 2890 1791 2912 me
1819 2876 1900 2924 nosse
1911 2877 2047 2923 fateri,

1274 2928 1337 2962 Vix
1360 2928 1424 2963 duo
1437 2928 1576 2975 projectio
1598 2939 1708 2963 tresve
1726 2928 1848 2975 tulistis
1867 2938 1972 2976 opem.

1221 2978 1383 3024 §Qcorum
1405 2989 1443 3013 ιιι
1459 2981 1619 3026 princeps.

1170 3026 1321 3064 Summa
1344 3037 1516 3065 movetur
1536 3027 1780 3066 misericordia
1804 3056 1814 3073 ‚
1843 3040 1927 3066 cum
1953 3029 2032 3078 quis
2055 3028 2098 3066 ab
2120 3031 2213 3068 ami-

1172 3078 1220 3114 cis
1254 3077 1435 3116 deseritur.
1488 3078 1698 3117 Aristoteles
1731 3080 1788 3116 lib.
1817 3091 1863 3117 11.
1906 3080 2207 3119 Rhetoricoruin.

1173 3128 1341 3165 Cioffim.

1228 3189 1280 3222 17.
1309 3178 1407 3216 Flens
1425 3179 1577 3229 actim]
1601 3180 1655 3218 Ita
1676 3180 1862 3228 conjunge
1884 3180 1975 3217 haec
1996 3180 2070 3217 duo
2091 3180 2211 3216 verba.

1173 3229 1339 3265 Cronia.
1371 3231 1445 3278 Ipsa
1466 3230 1625 3267 movebat
1639 3243 1742 3268 unus.
1760 3231 1894 3267 dolebat
1910 3232 2080 3278 Gottorp.
2094 3231 2213 3266 Hein-

1172 3279 1238 3317 sius
1252 3280 1491 3328 conjiciebat,
1510 3281 1671 3327 fovebat.

1224 3341 1280 3378 19.
1310 3330 1443 3379 Libycis
1464 3333 1529 3381 sub
1551 3331 1655 3380 oris.]
1708 3330 1850 3379 Libycas
1874 3329 1940 3378 sub
1963 3342 2037 3366 oras
2066 3328 2225 3415 'Iuniana

2121 3390 2196 3427 quo
