2495 3675
710 185 772 242 P.
844 173 1255 241 o'VIDII
1327 179 1860 242 NASONIS

539 301 836 357 Postmodo
859 298 994 356 vicia
1017 298 1201 355 cades:
1241 296 1574 357 melioribus,
1612 296 1825 363 Ardea,
1862 299 2047 366 restam,

402 393 503 445 750

612 374 889 446 Improba3
930 391 1065 445 quae
1090 370 1294 426 nostros
1317 370 1465 441 cogis
1488 367 1656 422 abesse
1681 369 1839 424 viros,

544 447 662 503 Sint
686 463 893 502 tantum
918 446 1158 500 reduces.
1198 443 1286 497 sed
1312 444 1455 496 enim
1489 443 1797 497 temerarius
1826 444 1914 498 ille

621 519 713 574 Est
737 537 915 581 meus;
958 518 1010 571 &
1039 514 1216 571 strido
1239 515 1478 589 quolibet
1506 514 1627 569 ense
1654 515 1775 569 ruit.

550 592 712 647 Mens
737 593 874 653 abit,
913 590 969 644 &
999 590 1231 651 morior,
1267 589 1478 660 quoties
1503 589 1786 659 pugnantis
1809 589 1987 661 imago

623 665 722 718 Me
747 664 909 717 subit:
950 661 1004 716 &
1032 662 1269 734 gelidum
1296 659 1513 731 peciora
1537 659 1702 731 frigus
1726 660 1901 716 habet.

411 757 509 807 755
549 736 755 793 Definit
780 736 836 790 in
861 735 1126 789 lacrimas:
1165 734 1476 804 intentaque
1500 731 1583 786 fila
1609 734 1866 797 remittit;

630 809 686 863 In
717 807 924 879 gremio
947 808 1154 861 vultum
1182 804 1534 877 deposuitque
1561 803 1727 859 suum.

556 881 689 936 Hoc
714 882 882 949 ipsum
908 880 1116 933 decuit:
1158 878 1404 932 lacrimae
1428 877 1676 930 cecidere
1699 878 1954 947 pudicae;

628 953 702 1008 Et
725 953 883 1007 facies
908 952 1088 1006 animo
1113 950 1381 1023 dignaque
1407 967 1606 1021 parque
1631 949 1748 1004 fuit.

553 1026 705 1082 Pone
732 1039 967 1084 metum,
1009 1023 1200 1085 veni0,
1241 1021 1439 1092 conjux
1468 1022 1554 1075 ait.
1594 1021 1679 1074 illa
1700 1023 1923 1086 revixit;

406 1100 518 1166 ‘760

271 1362 339 1400 scis
360 1361 517 1406 birrum,
546 1358 686 1408 inquit,
714 1358 881 1395 attritum
893 1356 1008 1395 comiti
1021 1356 1219 1395 condonare.
1247 1360 1317 1394 La-

272 1413 376 1450 cermi
391 1411 539 1461 pallium
554 1409 801 1458 fimbriatum,
827 1422 891 1459 quo
919 1408 1002 1445 olim
1028 1408 1092 1455 fhli
1112 1408 1239 1445 milites
1256 1422 1318 1446 ve-

270 1463 452 1501 labantur.
476 1460 592 1500 Recte
610 1460 714 1505 olim,
741 1461 825 1508 quia
847 1458 968 1507 postea
980 1459 1120 1496 urbanis
1140 1458 1216 1496 usui
1238 1458 1320 1496 fuit.

274 1514 415 1552 Eadem
457 1513 551 1550 dicia
587 1510 712 1559 penula
747 1509 980 1547 Tertulliano
1026 1509 1063 1547 ὅτ
1111 1509 1317 1552 Suetoni0;

274 1565 339 1614 qui
360 1564 469 1601 etiam
499 1564 535 1600 in
557 1560 633 1598 vita
653 1560 820 1604 Claudii,
848 1560 984 1596 tunicas
1015 1558 1158 1608 russulas
1186 1559 1322 1596 milita-

277 1629 330 1651 res
355 1614 561 1662 appellavit.
597 1611 713 1648 Birrus
744 1621 896 1659 quoque
927 1610 1027 1647 idem
1055 1621 1140 1647 curn
1166 1609 1321 1647 lacerna.

274 1665 407 1703 Graeci
428 1676 505 1702 non
517 1663 620 1701 aliter
638 1662 734 1698 hanc
751 1659 909 1698 reddunt
926 1671 1039 1708 quam
1061 1658 1211 1702 μανδύην
1224 1687 1235 1704 ,
1262 1660 1324 1698 seu

276 1716 377 1764 βῆμεν
397 1743 407 1759 ,
453 1715 514 1752 seu
554 1711 733 1760 ἐφεςρέὸα
753 1739 766 1758 ,
811 1711 851 1749 &
896 1709 1094 1760 aliquando
1130 1710 1323 1758 χλαμύδα.

280 1767 460 1806 Nes-‚poe

331 1843 415 1879 747.
444 1837 540 1868 Nam
559 1831 661 1880 plura
681 1829 801 1867 audire
813 1828 983 1879 potestis.]
1012 1827 1128 1866 soletis
1140 1827 1247 1865 Laeti
1261 1838 1326 1865 co-

282 1883 354 1921 dex
377 1885 414 1920 &
437 1893 529 1920 unus
562 1882 807 1919 Farnefianus.
850 1892 916 1929 pro
948 1879 1082 1917 auditis
1121 1879 1233 1916 etiam
1261 1891 1326 1915 au·

284 1933 379 1981 distis
410 1932 516 1970 multi
544 1941 694 1970 veteres.
724 1932 871 1970 Heius.
907 1931 1000 1978 Jam
1026 1929 1131 1979 plura
1152 1928 1326 1968 Beruens.

284 1997 370 2023 nam
381 1982 460 2032 plus
483 1984 620 2022 Moreti
641 1994 745 2021 unus·

337 2063 420 2097 749.
433 2051 606 2098 Postmodo
616 2052 711 2086 vista
723 2050 830 2087 cades.
841 2048 1326 2100 melioribus,Ardea‚reftas.]

285 2101 420 2139 Versus
441 2101 485 2138 de
505 2101 643 2138 mendo
664 2101 854 2149 susped‘tus.
875 2101 1094 2149 Cogitabam
1115 2100 1328 2149 aliquando,

284 2152 485 2189 Dummodo
505 2152 602 2188 viera
623 2151 726 2188 cadas
740 2179 749 2195 ,
780 2151 974 2188 melioribus
987 2180 998 2196 ‚
1013 2151 1153 2195 Ardea,
1166 2150 1262 2194 resta.
1288 2159 1328 2188 ut

286 2201 329 2240 sit
353 2203 533 2239 voventis.
563 2202 708 2240 Heius,
744 2202 853 2239 Nulla
883 2202 973 2239 mihi
1000 2201 1059 2238 hic
1078 2202 1204 2239 mendi
1223 2201 1329 2249 suspi-

289 2253 363 2290 cio.
390 2264 512 2301 neque
534 2253 680 2290 codices
703 2253 862 2294 variant,
891 2252 955 2289 nili
985 2252 1087 2301 quod
1104 2254 1141 2289 in
1165 2263 1241 2288 uno
1264 2252 1331 2288 Pe-

286 2304 375 2341 tavii
389 2330 399 2346 ,
428 2303 598 2340 Strozzae
620 2303 657 2339 δε
677 2303 855 2339 Patavino
874 2301 915 2339 sit
934 2329 944 2345 ‚
978 2302 1086 2350 postea
1107 2302 1204 2338 viz-‘la
1224 2301 1332 2338 cades.

290 2354 329 2391 δε
348 2353 453 2402 impia
475 2355 512 2390 in
535 2353 639 2390 Laeti
662 2352 803 2390 codice.
824 2352 962 2389 sensum
983 2363 1071 2389 vero
1092 2361 1202 2400 puto:
1232 2362 1334 2389 certo

289 2403 398 2441 cades
421 2402 541 2450 postea
556 2431 567 2447 ,
593 2402 724 2440 Ardea.
751 2403 796 2440 de
817 2414 863 2439 eo
884 2414 960 2440 non
981 2401 1108 2440 dubito
1123 2430 1132 2445 ,
1159 2401 1219 2439 sed
1230 2413 1334 2439 mora

289 2465 354 2491 me
376 2454 530 2498 cruciat,
560 2465 623 2501 per
641 2465 751 2502 quam
773 2464 880 2490 careo
901 2454 993 2490 viro.
1013 2451 1179 2501 improba
1191 2464 1227 2490 es
1241 2452 1335 2496 ‚Ar-

291 2505 383 2548 dea,
411 2516 504 2552 quae
526 2511 629 2550 putas
661 2514 698 2541 te
729 2503 922 2540 resistendo
948 2503 1156 2545 evasuram;
1187 2503 1335 2550 capieris

293 2564 414 2597 certe;
444 2565 527 2591 nam
560 2553 686 2591 resistis
714 2553 921 2591 melioribus
943 2580 953 2594 .
983 2553 1020 2590 id
1043 2553 1091 2590 est
1113 2553 1337 2597 fortioribus,

297 2606 336 2641 δε
363 2606 424 2652 qui
447 2613 484 2641 tc
511 2604 673 2642 vincent.
708 2613 747 2641 ut
775 2604 822 2641 ita
856 2603 1000 2651 Tydides
1020 2603 1140 2640 melior
1161 2612 1270 2651 patre.
1298 2604 1336 2640 &

297 2655 434 2701 passim.
462 2655 582 2701 restare
611 2666 701 2691 vero
728 2655 789 2691 hic
816 2655 974 2701 politum
1005 2654 1053 2691 est
1084 2665 1150 2701 pro
1171 2654 1338 2690 resistere.

297 2704 396 2740 Vide
418 2705 587 2742 Gronov.
606 2704 651 2742 ad
672 2704 759 2742 Liv.
776 2714 829 2740 ιν.
857 2703 914 2750 ς8.
941 2715 1043 2739 xxvi.
1073 2714 1105 2750 3.
1134 2703 1266 2739 ssunm.

352 2776 435 2812 751.
463 2767 525 2801 sed
548 2764 640 2801 enim
660 2764 863 2802 temerarius
881 2763 939 2800 ille
962 2763 1017 2810 Est
1040 2762 1174 2812 meus.]
1203 2764 1273 2801 Pro
1298 2763 1342 2799 il-

300 2813 330 2850 le
352 2816 426 2852 duo
447 2825 609 2861 veteres,
637 2816 739 2852 ultro.
785 2815 826 2852 In
845 2826 921 2851 uno
943 2815 1124 2851 Vaticano
1145 2814 1224 2851 satis
1247 2815 1341 2850 anti-

301 2876 378 2914 quo
403 2893 413 2908 ,
448 2866 518 2912 esto.
557 2865 689 2909 Forte,
709 2865 772 2913 sed
797 2865 889 2901 enim
908 2865 1111 2901 temerarius
1136 2864 1178 2910 est
1201 2863 1217 2900 ὃ
1239 2892 1250 2909 ,
1285 2863 1343 2908 Est

302 2928 419 2959 meus,
449 2927 537 2952 mox
561 2927 625 2962 pro
646 2915 800 2965 qualibet
820 2915 893 2951 ruit
911 2916 1015 2952 multi
1045 2925 1184 2952 veteres
1199 2942 1209 2957 ‚
1234 2915 1344 2963 quoli-

302 2964 368 3001 bet.
390 2977 478 3001 unus
503 2967 640 3002 Moreti
662 2993 671 3007 ,
709 2965 892 3014 quemlibet
917 2966 1014 3014 petit.
1050 2964 1167 3002 Poffet
1189 2966 1226 3002 &
1248 2965 1342 3013 legi,

299 3015 493 3104 {igamlihet
522 3015 594 3061 ense
613 3016 729 3060 sarit,
760 3025 797 3052 ut
826 3016 922 3063 apud
952 3015 1139 3053 Valerium
1171 3015 1342 3053 Flaccum

316 3077 325 3102 i
354 3093 361 3102 .
384 3077 410 3102 1.
443 3077 520 3111 144.

285 3131 291 3137 ¹
352 3130 419 3167 Hic
442 3128 557 3167 Peleus
570 3156 580 3173 ‚
606 3127 663 3165 hic
683 3129 755 3177 ense
770 3130 894 3175 furens
912 3129 1103 3178 agnoscitur
1122 3129 1238 3178 AEfim.

299 3198 403 3248 quod
425 3209 469 3235 ex
500 3197 682 3234 Carrionis
712 3199 838 3233 codice
868 3209 942 3234 non
965 3199 1080 3234 fuerat
1108 3197 1342 3235 mutandum.

300 3249 361 3286 ubi
385 3261 450 3286 nos
471 3248 581 3295 plura.
626 3247 729 3285 Idem
756 3248 921 3286 Valerius
949 3247 1007 3286 lib.
1031 3259 1085 3286 vr.
1113 3249 1169 3293 Μ.
1192 3260 1274 3299 103.
1301 3258 1342 3288 ut

295 3299 540 3349 castigandum
563 3298 720 3342 censeo;

630 1099 824 1170 Deque
848 1097 947 1151 viri
970 1097 1110 1152 collo
1134 1094 1292 1151 dulce
1318 1094 1573 1167 pependit
1599 1111 1753 1158 onus.

2331 1222 2419 1279 In-

1423 1359 1470 1392 Te
1491 1367 1621 1406 quoque
1641 1357 1823 1402 venturis,
1851 1358 1967 1408 ingens
1985 1357 2215 1410 Ariasmene,
2233 1361 2357 1409 saeclis

1422 1407 1663 1451 Tradiderim,
1693 1407 1815 1444 molem
1837 1407 1940 1453 belli,
1968 1411 2102 1459 lateque
2122 1412 2295 1454 furentem

1428 1459 1586 1506 Undique
1603 1458 1738 1504 falcato
1761 1459 1891 1508 deseraea
1904 1469 1963 1510 per
1981 1472 2128 1510 aequora
2148 1475 2263 1501 curru.

1375 1526 1449 1573 pari
1469 1526 1586 1564 modo
1616 1527 1655 1565 ὃς
1685 1527 1783 1577 apud
1812 1528 2043 1578 Propertium
2073 1529 2217 1577 corrigo
2245 1527 2337 1567 libro
2359 1529 2418 1568 xv.‘

1376 1576 1479 1625 Eleg.
1499 1589 1551 1615 vr.
1570 1589 1655 1627 409.

1431 1643 1601 1682 Dixerat:
1629 1656 1672 1685 ω’
1685 1646 1873 1697 pharetrae
1888 1648 2021 1697 pondus
2042 1646 2210 1696 conficmit
2228 1645 2266 1683 in
2296 1649 2423 1691 arcus,

1481 1696 1648 1733 Proxima
1665 1698 1733 1746 post
1747 1712 1847 1736 arcus
1864 1700 2021 1748 Caesaris
2043 1698 2140 1745 hasta
2159 1697 2269 1745 furit.

1374 1768 1452 1796 non
1474 1760 1560 1804 fuit.
1595 1761 1792 1810 quomodo
1824 1761 1953 1810 frigide
1984 1772 2083 1799 nunc
2111 1760 2255 1809 legitur.
2294 1758 2422 1797 Florus

1374 1808 1466 1846 libro
1490 1822 1516 1847 1.
1545 1821 1622 1859 cap.
1649 1823 1703 1856 17.
1757 1811 1893 1848 Striiffis
1918 1811 2048 1859 enfibus
2079 1822 2161 1847 ante
2186 1820 2340 1859 pugnam
2362 1818 2424 1859 per

1377 1858 1484 1909 ipsam
1509 1860 1610 1897 viam
1622 1863 1731 1908 furit.
1757 1863 1903 1900 Hiems.
1939 1863 2031 1900 Illud
2059 1864 2132 1910 ense
2143 1861 2264 1907 furere
2281 1861 2425 1909 elegans

1378 1910 1529 1960 quidem
1553 1912 1623 1955 est,
1652 1912 1709 1950 sed
1734 1917 1782 1960 τῷ
1802 1911 1976 1961 quolibet,
2013 1912 2072 1950 vel
2100 1910 2275 1961 qualibet,
2296 1911 2429 1948 melius

1382 1963 1585 1999 convenire
1612 1963 1684 1999 ruit
1707 1974 1810 2010 puto.
1837 1964 1906 2001 ruit
1929 1962 2195 2001 inconsiderate
2220 1963 2254 1999 in
2268 1972 2426 1999 omnem

1383 2021 1522 2061 partem
1539 2041 1549 2056 ,
1577 2014 1746 2062 neglecto
1781 2013 1986 2051 discrimine
2017 2025 2132 2051 meus.
2168 2013 2204 2049 δε
2227 2025 2322 2048 ruere
2344 2022 2430 2059 pro-

1383 2064 1459 2112 prie
1480 2063 1529 2100 est
1551 2067 1853 2107 teinera-riorum;
1884 2065 1972 2101 utin
1989 2065 2124 2110 ferrum
2140 2091 2149 2106 ‚
2168 2063 2205 2098 in
2222 2062 2366 2109 praelia,
2382 2071 2432 2098 te-

1385 2114 1420 2149 la
1445 2127 1538 2150 ruere
1559 2118 1679 2153 effa&
1694 2115 1821 2152 similia
1839 2115 1962 2163 pafiiin
1987 2116 2096 2151 obvia
2108 2113 2202 2160 apud
2218 2112 2430 2161 Virgilium,

1387 2165 1581 2202 Lucanum
1605 2166 1642 2202 ὃς
1661 2166 1759 2202 alios.
1787 2165 1835 2202 fic
1856 2165 2039 2202 Cimbrum
2057 2174 2212 2200 ruentem
2242 2163 2331 2199 dixit
2354 2163 2432 2199 Lu-

1387 2226 1466 2252 can.
1487 2227 1514 2252 1.
1542 2216 1626 2262 256.
1681 2218 1755 2263 pari
1789 2216 1906 2252 modo
1938 2214 2066 2263 ensibus
2094 2214 2172 2251 inde
2201 2223 2312 2248 ruunt
2340 2211 2432 2250 dixit

1386 2265 1468 2302 Val.
1489 2264 1584 2302 Flac.
1613 2276 1666 2302 vr.
1693 2266 1773 2309 108.
1812 2266 1872 2303 ubi
1903 2268 2012 2302 etiam
2037 2266 2171 2311 furunt
2200 2264 2278 2299 vult
2314 2263 2433 2299 Hein-

1389 2315 1470 2352 sius.
1498 2315 1535 2352 in
1567 2315 1733 2353 Ber-nens.
1757 2316 1793 2354 &
1821 2314 1909 2353 osto
1930 2315 2006 2352 aliis
2028 2322 2126 2358 erat,
2154 2312 2356 2349 temerarius
2374 2312 2433 2350 ille

1388 2366 1450 2402 vir
1469 2379 1572 2403 meus.
1602 2364 1731 2404 Euam.

1393 2482 1425 2518 C
1447 2442 1528 2478 752.
1557 2432 1643 2479 Ense
1663 2430 1774 2480 rain]
1827 2429 1948 2468 Urfin.
1978 2428 2089 2467 fruit.
2119 2426 2265 2466 fortasse
2287 2455 2297 2473 ,
2328 2425 2439 2475 furit.

1428 2494 1561 2519 romu.

1392 2590 1414 2630 d
1445 2554 1542 2630 75133b
1557 2549 1658 2600 Mens
1680 2541 1754 2630 4217}ss
1767 2569 1777 2586 ,
1792 2552 1848 2599 ἐφ’
1867 2539 2031 2591 morior.]
2061 2542 2117 2579 Ut
2141 2541 2179 2578 in
2197 2539 2326 2589 Elegia
2344 2548 2434 2588 qua-

1418 2603 1477 2629 am
1510 2606 1517 2629 1
1546 2606 1573 2631 r1
1592 2606 1702 2643 nequi
1734 2605 1824 2631 imi:

1445 2671 1548 2702 Mens
1567 2666 1641 2702 abit
1655 2695 1665 2711 ,
1691 2679 1733 2706 ω’
1753 2667 1878 2705 morior
1895 2666 2022 2716 quoties
2033 2662 2329 2715 peccaffefateris;

1395 2764 1431 2801 N
1496 2722 1625 2766 Perque
1643 2730 1729 2755 meos
1750 2728 1849 2755 artus
1860 2717 1993 2766 frigida
2008 2725 2111 2764 gutta
2128 2712 2227 2763 fluit.

1438 2776 1571 2803 rapot..

1458 2842 1538 2880 754.
1566 2836 1611 2868 Et
1619 2831 1772 2880 gelidum
1788 2833 1921 2882 frigora
1936 2831 2050 2881 peffius
2062 2829 2197 2879 habet.]
2213 2827 2435 2878 Legendum

1398 2892 1443 2918 ex
1471 2883 1644 2920 omnibus
1671 2884 1765 2920 libris
1793 2884 1949 2930 scriptis:
1978 2886 2022 2916 Et
2046 2881 2198 2929 gelidum
2213 2883 2347 2928 peetora
2363 2881 2438 2926 sri-

1395 2944 1455 2979 gus
1475 2932 1588 2970 habet.
1616 2934 1783 2969 Cxofm.
1814 2932 1902 2970 Vid.
1922 2933 1966 2970 ad
1986 2932 2094 2979 Epist.
2115 2943 2186 2968 xxx.
2210 2941 2293 2974 170.

1450 3002 1534 3038 755.
1561 2991 1692 3039 Definit
1711 2992 1748 3028 in
1770 2991 1944 3035 lacrimis,
1972 2989 2246 3040 inceptaquefila
2265 2987 2432 3038 remisit]

1400 3047 1441 3077 In
1459 3041 1623 3078 lacrimas
1644 3054 1782 3090 repone
1795 3054 1839 3080 ex
1862 3042 2140 3090 castigatioribus
2158 3040 2303 3087 scriptis.
2332 3039 2435 3087 Apu-

1397 3090 1486 3140 lejus
1503 3092 1565 3129 sub
1583 3092 1693 3130 finem
1713 3094 1792 3130 libri
1820 3093 1927 3141 primi
1948 3091 2065 3129 Miles.
2093 3091 2202 3126 Sentit
2222 3089 2434 3135 fabularum

1397 3155 1527 3192 quoque
1544 3143 1631 3191 serie
1654 3144 1850 3191 fatigatum
1869 3144 1906 3179 in
1923 3141 2032 3179 verba
2054 3140 2168 3177 media
2177 3140 2436 3188 somnolentum

1397 3192 1559 3243 definere,
1586 3206 1625 3229 ac
1645 3194 1811 3239 desectum
1842 3194 1972 3230 incerta
1989 3190 2172 3227 verborum
2197 3189 2336 3238 salebra
2359 3189 2434 3225 bal-

1397 3243 1518 3281 butire.
1545 3243 1676 3280 deinde
1697 3243 1800 3281 multi
1821 3252 1980 3286 veteres,
2010 3241 2212 3289 intentaque
2229 3240 2295 3288 fila
2315 3240 2436 3277 remit·
2473 3265 2476 3267 >

1396 3295 1455 3333 tit.
1482 3293 1586 3344 quod
1606 3295 1643 3332 δε
1674 3294 1877 3343 Naugerius
1906 3293 1944 3330 in
1972 3292 2162 3342 posteriori
2183 3289 2435 3377 editionedAl-

2377 3349 2438 3378 ma
