2495 3675
266 185 371 251 446
755 173 814 228 Ρ.
892 171 1310 230 0V1D11

568 271 838 345 Quaeque
864 271 1011 326 volet
1028 309 1044 335 ‚
1085 283 1195 326 rata
1221 268 1349 333 sint;

1381 172 1437 229 N
1475 171 1528 226 A
1567 170 1604 227 S
1640 173 1694 229 O
1727 176 1783 233 N
1820 178 1841 235 1
1879 180 1916 237 S

1387 267 1667 340 ablataque
1691 268 1951 346 Principis
1980 278 2056 334 ira

638 338 870 407 Sedibus*
889 345 943 399 in
969 344 1150 416 patriis
1174 343 1267 398 det
1292 341 1423 395 mihi
1447 339 1593 413 poss'e
1622 348 1776 398 mori.

422 442 445 488 3
457 439 485 489 5
560 417 638 474 Ut
663 434 879 490 peragas
904 416 1185 479 mandata,
1224 415 1420 478 Liber,
1455 414 1743 486 culpabere
1771 417 1973 484 forsan3

636 492 839 562 Ingenii
884 507 950 544 ue
974 489 1151 543 minor
1175 488 1333 545 laude
1359 487 1533 544 ferere
1560 489 1683 555 mei.

560 564 763 638 Judicis
789 582 822 618 o
871 562 1033 617 icium
1060 560 1163 623 est,
1203 573 1263 617 ut
1289 578 1402 626 τες,
1438 561 1511 616 ita
1538 574 1781 636 tempora
1807 582 1987 622 rerum

637 640 929 710 Quaerere.
969 634 1208 707 quaesito
1235 647 1481 706 ternpore
1506 648 1653 691 tutus
1681 639 1798 694 eriS.

560 710 810 768 Carmina
833 708 1159 782 proveniunt
1183 709 1363 764 animo
1387 707 1617 763 dedutsta
1637 710 1856 768 sereno:

415 805 486 859 40

632 782 827 838 Nubila
854 783 971 837 sunt
995 775 1176 836 subitis
1204 797 1448 852 tempora
1475 782 1651 837 nostra
1675 786 1837 840 malis,

564 856 816 913 Carmina
837 854 1091 911 secessum
1115 855 1390 910 scribentis
1415 856 1469 909 &
1506 856 1615 910 otia
1639 871 1933 930 quaerunt:

635 928 735 984 Me
760 946 933 993 mare,
969 946 1057 982 me
1082 929 1258 992 venti,
1293 945 1379 983 me
1405 927 1516 984 fera
1533 927 1692 1000 jafizat
1718 930 1904 988 hiemS.

559 1002 900 1059 Carminibus
923 1015 1097 1056 metus
1122 1003 1295 1056 omnis
1320 1001 1487 1056 abest:
1529 1020 1635 1074 ego
1666 1004 1906 1076 perditus
1932 1006 2110 1063 ensem

637 1076 943 1131 Haesurum
961 1074 1148 1146 jugulo
1170 1079 1276 1146 jam
1304 1088 1437 1146 puto
1457 1075 1675 1158 jamque
1700 1095 1841 1134 meo,

421 1171 487 1224 45
561 1149 718 1207 Haec
734 1165 964 1230 'quoque
992 1148 1142 1220 quod
1170 1148 1338 1211 faci0‚

1371 1148 1540 1218 judex
1565 1150 1842 1206 mirabitur
1866 1171 2095 1227 aequus3

637 1223 949 1295 Scriptaque
971 1237 1094 1275 cum
1118 1221 1273 1276 venia
1299 1221 1706 1294 qualiacumque
1734 1226 1890 1297 leget.

323 1455 384 1494 31.
412 1447 464 1480 Ne
474 1438 524 1490 fit
546 1437 645 1487 miſser
664 1434 766 1487 ipsa]
791 1434 851 1473 Ille
871 1434 1002 1484 scripti.
1031 1434 1069 1472 &
1090 1431 1231 1481 misero,
1251 1443 1321 1482 pro

274 1494 428 1546 miseris,
448 1494 485 1531 in
505 1490 610 1529 versu
632 1488 819 1537 proxiinO.
853 1487 997 1540 Hiems.

326 1558 386 1597 33.
413 1546 605 1594 Quo-quae
625 1538 718 1576 volet
735 1566 747 1583 ,
785 1547 867 1575 rata
880 1536 991 1587 sinn}
1045 1538 1321 1586 Quaecumque

273 1597 439 1648 optabit,
467 1606 513 1633 ex
533 1592 649 1630 animi
668 1589 718 1627 sui
742 1588 919 1627 sententia
941 1589 1170 1637 contingant.
1199 1587 1320 1631 Alibi,

273 1652 397 1699 Qae,
423 1655 559 1696 precor,
588 1652 627 1680 ut
647 1640 754 1690 fiant.
786 1641 825 1678 δί
849 1651 900 1678 iv.
922 1638 1054 1677 Fastor.
1102 1641 1226 1687 Qtae.
1246 1646 1321 1687 pre-

271 1713 326 1737 cor
341 1697 542 1744 ‚eveniant.
569 1694 737 1731 C10FAN.
767 1691 896 1729 Malim
914 1719 923 1734 ‚
941 1693 1042 1740 Qtae
1058 1699 1164 1727 vovet
1179 1717 1189 1735 ,
1205 1690 1221 1725 ὃ
1240 1699 1322 1726 rata

263 1749 351 1801 sint.
382 1748 464 1792 vel,
489 1746 537 1783 ah
559 1742 734 1792 ratasint.
761 1743 906 1780 Hnms.

325 1812 386 1850 33.
413 1798 618 1847 ,ablataque
643 1793 805 1843 principis
838 1792 933 1842 ira]
988 1792 1049 1829 Ne
1076 1790 1319 1829 dubitandum

271 1852 427 1902 quidem
448 1848 497 1887 est
520 1876 530 1893 ,
569 1846 659 1896 quin
690 1844 856 1882 Latinius
878 1842 919 1881 fit
940 1843 1043 1892 quod
1065 1843 1102 1879 in
1131 1841 1208 1879 aliis
1229 1842 1320 1891 legi-

273 1911 358 1947 tur,
381 1909 574 1951 pacataque
589 1895 748 1946 principis
773 1895 841 1932 ira.
868 1895 972 1932 DAN.
997 1894 1143 1950 Heius.
1181 1893 1223 1930 In
1243 1905 1320 1931 uno

272 1953 398 1991 Vatic.
417 1951 538 1990 rnulto
560 1949 716 1991 melior,
754 1947 875 1985 immo
895 1956 981 1984 vera
1016 1954 1251 1994 genuinaque
1273 1943 1322 1982 est

269 2004 408 2043 leitio:
432 2001 649 2052 placataque.
688 1997 821 2035 Probat
840 1996 1062 2044 opinionem
1082 2006 1206 2032 meam
1239 2006 1321 2033 eru-

271 2055 418 2093 ditiffim
426 2065 464 2091 us
477 2055 513 2091 ἃ
527 2048 831 2101 ingeniosissimus
852 2048 891 2086 P.
903 2047 1081 2085 Horatius
1092 2045 1322 2085 Torsellinus

270 2107 320 2145 R.
340 2106 430 2144 Non
453 2104 554 2141 enim
575 2103 653 2139 satis
676 2101 809 2138 Latine
829 2098 900 2136 dici
921 2107 1012 2147 puto
1027 2126 1037 2143 ‚
1064 2098 1201 2144 auferre
1217 2098 1321 2137 iram.

272 2165 402 2195 contra
419 2154 562 2205 placare.
576 2153 690 2190 Cios.
718 2149 857 2188 Ablata
878 2150 932 2187 ira
951 2149 1141 2187 immerito
1163 2147 1322 2187 offendit

274 2208 480 2246 Ciofanum
494 2233 505 2250 ,
532 2213 572 2242 ut
592 2215 720 2253 parum
744 2202 878 2238 Latine
898 2200 1051 2238 dietum.
1078 2207 1164 2237 narn·
1186 2200 1322 2255 auferre

269 2258 366 2297 iram
388 2258 532 2306 elegans
552 2267 627 2293 non
644 2255 765 2291 minus
777 2252 825 2289 est
839 2279 848 2294 ‚
877 2262 990 2300 quam
1013 2250 1146 2297 auferre
1160 2251 1320 2299 jurgium

272 2310 371 2359 apud
393 2309 561 2347 Plautum
577 2334 585 2349 ,
616 2307 653 2343 &
674 2303 771 2352 apud
799 2302 998 2350 Virgilium
1014 2329 1025 2347 ,
1052 2311 1184 2337 metum
1203 2302 1322 2348 aufer-

272 2374 321 2398 re.
346 2357 467 2398 Poffet
488 2368 612 2396 tamen
635 2353 832 2403 &sublata
851 2353 905 2389 ira
916 2353 988 2401 legi
1004 2379 1014 2396 ‚
1042 2351 1322 2400 velsedata.vel

271 2412 434 2459 denique
451 2418 576 2459 pacata
590 2436 599 2453 ,
629 2417 714 2444 cum
725 2404 866 2454 placata
887 2402 928 2440 fit
942 2403 978 2440 in
990 2402 1176 2440 nonnullis
1189 2430 1198 2446 ,
1219 2403 1322 2452 quod

269 2462 448 2501 superiori
474 2459 577 2497 versu
597 2454 843 2507 praecesserat.
879 2465 969 2491 mox
995 2451 1222 2491 scribendum
1239 2481 1251 2498 ,
1279 2458 1324 2490 Ut

268 2501 406 2562 peiagm
435 2509 631 2554 mandata,
660 2506 770 2545 Liber.
808 2505 898 2543 dum
928 2515 1088 2554 perages.
1114 2504 1267 2561 Vulgari
1282 2505 1322 2542 δε

271 2563 414 2612 scripti,
440 2571 593 2612 peragas.
623 2560 765 2598 HEiNS.
790 2557 872 2605 Ego
896 2566 934 2592 ut
954 2568 1020 2605 pro
1039 2566 1209 2604 quamvis
1232 2556 1318 2600 liic,

272 2623 314 2651 ut
333 2614 464 2651 millies
484 2641 494 2658 ‚
530 2612 637 2660 capio
660 2623 669 2647 ε
705 2610 790 2646 licet
821 2618 967 2656 peragas
988 2635 998 2652 ,
1036 2618 1131 2662 quae
1153 2606 1317 2663 maridO,

273 2665 471 2712 culpaberis
500 2672 626 2701 tamen
656 2662 751 2699 forte
771 2687 780 2703 ‚
810 2659 848 2696 &
881 2658 918 2694 in
945 2667 986 2713 te
1006 2666 1193 2705 requirent
1215 2668 1318 2706 inge-

272 2714 375 2751 nium
408 2714 553 2753 domini
579 2714 646 2751 tui.
687 2709 810 2747 ablata
837 2720 890 2744 ira
921 2716 1031 2745 etiam
1062 2719 1140 2745 non
1171 2715 1315 2745 mutem

277 2773 403 2801 contra
423 2776 553 2802 ornnes
581 2765 704 2802 libros.
730 2771 816 2798 narn
835 2758 975 2807 placata
995 2770 1040 2814 eir
1064 2759 1185 2813 priore
1211 2757 1316 2795 versu

274 2814 422 2862 irrepsit.
449 2815 598 2852 Pliaedr.
612 2825 673 2851 111.
686 2812 770 2849 Fab.
781 2822 836 2846 vx.
848 2809 963 2858 Auser
973 2808 1150 2855 frivolam
1168 2807 1316 2854 insolen-

276 2864 389 2908 tiam
414 2866 473 2903 ubi
496 2865 567 2902 vid.
590 2862 762 2902 Scheffer.
786 2861 918 2898 Horat.
948 2872 991 2896 11.
1021 2859 1135 2896 Serm.
1161 2870 1235 2897 vir.
1255 2870 1316 2909 43.

276 2917 394 2959 Auser
413 2929 466 2952 me
487 2915 594 2951 vultu
614 2926 746 2951 terrere.
774 2912 836 2949 ubi
856 2910 977 2948 Scliol.
998 2908 1127 2957 define,
1142 2910 1234 2960 ceffa.
1250 2921 1317 2960 pro

272 2965 435 3014 principis
455 2968 563 3002 etiarn
588 2965 714 3012 judicis
734 2963 878 3011 Fragni.
898 2962 1017 2999 Revii.
1043 2960 1173 3000 Burin.

328 3027 385 3065 34.
411 3015 549 3052 Sedibus
566 3016 605 3051 in
621 3013 784 3063 patrii5.]
815 3012 897 3049 Lib.
919 3015 956 3050 &
979 3012 1079 3060 Eleg.
1100 3024 1164 3050 111.

326 3070 516 3115 Quantum
534 3074 632 3108 erat,
662 3066 677 3100 ὁ
703 3063 843 3110 magni,
865 3064 1014 3110 perituro
1033 3073 1192 3111 parcere,
1213 3063 1318 3109 Divi,

379 3123 423 3153 Ut
437 3116 565 3166 saltem
580 3115 700 3164 patria
723 3113 980 3149 contumularer
997 3113 1113 3152 humo.

275 3167 324 3207 Et
343 3168 444 3216 Eieg.
462 3180 551 3204 xiii.
578 3166 623 3202 cle
644 3165 753 3213 patria
781 3164 936 3211 loquens
959 3165 995 3200 in
1018 3164 1077 3201 die
1097 3166 1222 3205 natalis
1244 3167 1316 3205 sui:

327 3217 548 3267 §Quoqueloco
559 3218 715 3266 primum
739 3213 826 3250 male
840 3215 918 3260 sum
939 3214 1003 3251 tibi
1024 3215 1173 3267 cognitus
1184 3217 1317 3268 infans,

380 3269 440 3305 Illo
461 3268 615 3316 tentaffes
638 3266 783 3303 ultimus
803 3265 860 3312 effe
880 3264 982 3317 mihi.¹

266 3320 437 3366 filiorm.
464 3325 507 3358 In
517 3317 660 3368 propriis
682 3315 853 3367 Beruens.

2340 1302 2427 1360 Da

1431 1444 1491 1482 37.
1512 1434 1656 1481 Judicis
1676 1435 1823 1484 officium
1843 1436 1926 1489 effi]
1956 1437 2162 1488 Digreffio,
2189 1451 2263 1491 qua
2282 1440 2429 1481 suacar-

1379 1485 1506 1530 mina,
1533 1497 1629 1535 quae
1650 1488 1749 1526 nulla
1774 1489 1889 1527 animi
1918 1490 2179 1539 tranquillitate
2201 1519 2211 1536 ‚
2247 1492 2426 1542 nulloque

1377 1535 1457 1574 satis
1476 1537 1685 1576 commodo
1705 1539 1792 1577 loco
1812 1539 1939 1588 scripta
1961 1540 2032 1580 effe
2050 1543 2100 1580 ait
2113 1571 2123 1587 ,
2153 1543 2310 1582 excusat.
2356 1544 2429 1590 an

1380 1586 1466 1625 dem
1490 1589 1604 1627 utitur
1625 1590 1860 1630 excusatione
1881 1592 1941 1630 lib.
1965 1605 2029 1630 rix.
2053 1592 2155 1643 Eleg.
2176 1594 2241 1632 ult.

1425 1644 1564 1689 AEquus
1583 1639 1649 1678 erit
1659 1642 1821 1691 scriptis,
1847 1644 2013 1693 quamvis
2034 1645 2226 1693 cognoverit
2250 1644 2307 1694 effe

1379 1740 1412 1778 C
1481 1690 1653 1739 Exfilium
1675 1702 1830 1742 tempus,
1858 1693 2122 1743 barbariemque
2142 1695 2267 1735 locum.

1415 1752 1551 1779 toran,

1434 1803 1494 1842 39.
1521 1793 1696 1831 carmina
1730 1794 1979 1845 proveniunt.]
2032 1797 2141 1835 Haec
2176 1808 2222 1835 ex
2252 1797 2428 1848 Euripide

1375 1842 1536 1882 sumsisse
1560 1845 1749 1884 Nasonem
1776 1847 1888 1886 docet
1905 1848 2110 1887 Muret.1v.
2135 1848 2223 1887 Var.
2243 1849 2349 1888 Leist.
2368 1864 2427 1891 10.

1377 1895 1496 1932 animo
1517 1894 1652 1932 dictata
1673 1897 1826 1936 Palatin.

1430 1958 1494 1993 4ο.
1521 1946 1656 1984 Nubila
1677 1948 1768 1996 sunt
1787 1948 1916 1998 subitis
1944 1958 2096 2000 tempora
2133 1949 2246 1997 nostra
2274 1951 2424 2003 malis.]

1378 1996 1464 2035 Imo
1486 2025 1496 2042 ,
1529 1999 1678 2046 penora.
1712 2000 1891 2049 quicquid
1918 2000 1999 2039 libri
2026 2010 2167 2039 veteres
2197 1999 2423 2042 diffentiunt.

1377 2048 1503 2085 nubem
1521 2049 1636 2085 animi
1655 2049 1754 2088 dicet
1774 2051 1867 2089 infra
1887 2051 1989 2101 Eleg.
2010 2063 2074 2090 111.
2094 2051 2278 2091 familiaris
2298 2054 2348 2092 est
2365 2055 2422 2092 su-

1377 2100 1472 2147 pinis
1491 2098 1640 2138 librariis
1657 2101 1718 2138 hic
1739 2113 1848 2140 error.
1861 2100 1909 2140 fic
1929 2103 2022 2141 infra
2049 2102 2152 2151 Eleg.
2171 2114 2262 2141 vm.
2285 2104 2340 2146 ybs.
2365 2116 2425 2153 39.

1376 2150 1450 2188 hoc
1465 2150 1558 2189 libro
1574 2178 1585 2196 ‚
1608 2154 1891 2201 pestoraserena.
1919 2153 1979 2192 ubi
2006 2162 2158 2202 tempora
2174 2153 2350 2192 hastenus
2372 2155 2427 2192 le-

1374 2201 1538 2249 gebatur.
1564 2203 1728 2239 animum
1749 2204 1913 2251 serenum
1941 2203 2081 2241 dixerat
2109 2203 2284 2252 superiori
2305 2205 2428 2246 versu.

1376 2252 1523 2290 Hiems.
1555 2252 1637 2300 Ego
1651 2261 1777 2290 contra
1796 2253 1906 2292 libros
1926 2254 2015 2291 nihil
2029 2261 2311 2302 muto.tempora
2321 2256 2422 2294 enim

1373 2303 1507 2341 millies
1525 2303 1660 2341 Cicero
1679 2304 1717 2341 &
1737 2303 1794 2342 alii
1813 2315 1879 2352 pro
1906 2304 1998 2342 statu
2019 2315 2141 2342 rerum
2158 2332 2169 2349 ,
2192 2306 2231 2343 in
2247 2316 2327 2356 quo
2344 2308 2427 2356 quis

1377 2354 1559 2399 versatur,
1585 2361 1743 2403 ponunt.
1795 2355 1871 2392 vid.
1891 2354 1937 2392 ad
1959 2355 2091 2393 lib.1v.
2120 2356 2215 2393 Met.
2234 2357 2322 2405 692.
2348 2371 2426 2395 car-

1377 2405 1477 2441 mina
1506 2404 1619 2452 nostra
1647 2406 1812 2455 quinque
1839 2406 1931 2443 libri.
1965 2414 2116 2455 tempora
2137 2407 2243 2453 fab‘t'a
2270 2407 2424 2448 Palatin.

1368 2456 1460 2504 sunt
1469 2455 1582 2504 fhlitis
1602 2455 1769 2494 Bernens.
1781 2454 1913 2494 Bunm.

1427 2519 1488 2553 42.
1516 2512 1603 2544 fera
1631 2505 1778 2556 hiems.]
1833 2507 1970 2556 Aspera
2002 2507 2207 2557 tempestas.
2234 2508 2424 2558 Deceptus

1377 2557 1426 2594 est
1452 2558 1594 2596 Merula
1608 2585 1618 2602 ‚
1646 2559 1710 2608 qui
1724 2558 1827 2596 aliter
1849 2559 2002 2607 accepit.
2029 2559 2145 2597 Hunc
2167 2560 2268 2598 enirn
2288 2559 2420 2599 librum

1375 2608 1411 2645 in
1430 2610 1562 2647 itinere
1578 2609 1749 2657 scriptum
1770 2607 1841 2647 effe
1859 2609 2011 2647 constat.
2038 2609 2209 2648 CIOFAN.

1424 2670 1484 2707 43.
1513 2659 1637 2696 Omnis
1656 2659 1787 2708 abesl.]
1841 2659 1938 2707 obest
1964 2660 2107 2709 legebat
2135 2660 2318 2698 Francius.
2346 2673 2418 2710 ego
2469 2685 2479 2691 ,

1372 2709 1462 2746 nihil
1485 2717 1606 2748 mute.
1623 2710 1809 2759 oppositio
1828 2711 1929 2749 enim
1951 2711 2080 2750 melius
2105 2711 2273 2760 procedit
2294 2712 2422 2762 vulga-

1372 2767 1431 2797 tae
1449 2759 1615 2798 lectioni.

1421 2822 1480 2858 44.
1507 2811 1667 2862 Jamque
1685 2811 1794 2862 meo.]
1821 2812 1982 2859 Jamque
1999 2812 2087 2850 mori
2097 2812 2247 2851 Palatin.

1425 2874 1484 2910 45.
1511 2868 1605 2899 Haec
1628 2875 1758 2912 quoque
1786 2876 1874 2912 quae
1894 2862 2031 2912 faci0.]
2088 2869 2159 2900 Hoc
2180 2877 2310 2915 quoque
2329 2863 2420 2913 quod

1366 2913 1462 2959 facio
1486 2913 1712 2951 vetustiores.
1758 2914 1863 2960 Lege
1886 2940 1898 2958 ,
1931 2919 2025 2950 Haec
2053 2927 2184 2965 quoque
2202 2915 2293 2965 quod
2314 2917 2420 2963 facio.

1376 2963 1522 3010 Herus.
1541 2971 1634 3000 Haec
1651 2976 1703 3010 ego
1720 2964 1816 3009 Junii
1837 2963 1876 3000 &
1896 2964 2049 3002 Moreti.

1426 3024 1486 3060 47.
1510 3017 1555 3050 Et
1585 3023 1637 3049 tot
1656 3013 2024 3064 circumspicecasus.]
2077 3015 2140 3052 Nil
2172 3023 2320 3055 mutant
2338 3017 2418 3055 libri

1376 3074 1530 3102 veteres.
1557 3063 1702 3100 Censeo
1726 3064 1970 3103 nihilominus
1992 3065 2218 3103 scribendum
2237 3094 2247 3111 ‚
2273 3068 2420 3105 circum-

1370 3116 1447 3165 jice.
1474 3126 1550 3164 quo
1573 3114 1687 3151 verbo
1704 3114 1852 3152 Tullius
1872 3126 1914 3153 ac
1935 3116 2063 3153 Livius
2082 3127 2160 3153 non
2180 3116 2292 3156 semel
2310 3127 2420 3157 utun-

1375 3175 1444 3204 tur.
1471 3166 1616 3202 HEINS.
1652 3165 1763 3203 Forte
1784 3166 1982 3214 legendum
1995 3193 2006 3211 ‚
2025 3166 2279 3217 circuminspice
2300 3171 2393 3217 casus
2406 3196 2418 3214 ‚

1374 3216 1479 3266 quod
1504 3215 1657 3254 verbum
1689 3217 1793 3265 saepe
1823 3215 1959 3254 transiit
1989 3217 2095 3266 culpa
2124 3218 2352 3258 librariorum
2379 3220 2417 3256 in

1373 3267 1631 3316 circumspicere.
1662 3267 1735 3305 vid.
1763 3266 1890 3305 Heins.
1923 3267 1967 3305 ad
1990 3269 2164 3308 Prudent.
2195 3271 2339 3319 Apoth.
2362 3268 2417 3311 sss-

1372 3318 1457 3371 489.
1484 3319 1523 3371 ὃς
1541 3318 1632 3373 Ab:³
1652 3318 1828 3372 „eronoir²
1849 3317 1894 3358 ad
1905 3317 2034 3367 Justin.
2053 3332 2136 3376 xx13
2157 3333 2193 3372 ς.
2216 3320 2417 3407 burim&-
