2495 3675
474 136 1425 242 FAsToiz·uM
1533 175 1855 240 1213.st

394 291 604 356 Interea
623 286 828 368 juvenis
855 297 1072 353 furiatos
1096 293 1271 365 regius
1293 293 1446 364 ignes

462 372 723 444 Conci-pit
742 379 772 432 ,’
796 370 852 422 &
880 385 1044 422 caeco
1073 381 1250 438 raptus
1277 383 1458 420 amore
1482 364 1628 419 furit.

395 444 591 501 Forma
618 448 815 515 placet,
854 440 1144 510 niveusque
1172 440 1354 502 color,
1392 437 1627 510 flavique
1655 439 1825 512 capilli
1840 469 1857 504 ;

459 519 679 588 Quique
702 513 882 565 aderat
908 512 1049 566 nullst
1073 509 1238 564 sacius
1266 510 1330 563 ab
1357 525 1470 565 arte
1496 511 1678 564 decor.

240 594 343 659 765
383 588 563 647 Verba
589 586 822 657 placent,
866 583 920 636 &
945 601 1084 644 vox3
1128 583 1181 636 δέ
1207 582 1358 654 quod
1387 599 1733 654 corrumpere
1758 601 1868 638 non
1895 582 1995 638 est:

456 661 690 731 Quoque
718 656 891 710 minor
917 656 1030 727 spes
1056 654 1159 717 est,

1196 655 1299 708 hoc
1327 655 1494 725 magis
1518 656 1602 707 ille
1621 656 1784 728 cupit.

377 734 496 803 Jam
522 729 746 782 dederat
776 742 991 783 cantum
1019 728 1150 782 lucis
1175 728 1516 798 praenuntius
1544 728 1678 789 ales;

457 801 599 856 Cum
627 800 865 854 referunt
885 800 1104 872 juvenes
1129 800 1184 853 in
1209 800 1294 853 sua
1323 799 1482 853 castra
1512 802 1722 869 pedem,

381 874 635 945 Carpitur
661 874 917 927 attonitos
941 872 1163 927 absentis
1186 872 1415 942 imagine
1440 871 1611 925 sensus

171 1044 177 1048 „
237 966 338 1022 770

448 947 562 1000 Ille:
606 945 907 999 recordanti
935 947 1082 1016 plura
1107 944 1381 1015 magisque
1406 945 1633 1013 placent.

377 1018 464 1073 Sic
490 1018 649 1073 sedit:
691 1017 759 1072 fic
788 1019 926 1072 culta
941 1017 1076 1071 fuit:
1120 1016 1189 1070 fic
1214 1016 1428 1069 stamina
1453 1015 1626 1070 nevit:

449 1088 736 1163 Neglectae
763 1091 904 1145 collo
932 1089 1000 1145 fic
1022 1090 1235 1162 jacuere
1261 1105 1473 1143 comae:

83 1358 172 1447 iiiii?i
197 1357 246 1396 est
273 1356 507 1407 amplexuss‘
531 1355 601 1394 Sed
629 1354 692 1392 lib.
713 1365 769 1393 vx.
798 1355 892 1392 Met.
915 1365 970 1404 34.
1007 1353 1053 1392 de
1079 1353 1131 1392 A·

86 1421 146 1448 rac
175 1421 220 1447 ne
239 1422 247 1446 z

138 1475 275 1525 Aspicit
292 1474 382 1509 hanc
402 1472 535 1516 torvis;
564 1472 762 1522 inceptaque
771 1469 839 1518 fila
861 1469 1038 1520 relinquit.

86 1526 236 1565 Hiems.
268 1524 338 1561 Ubi
362 1523 458 1561 vide.

142 1604 226 1641 755.
255 1598 472 1641 Incoeptaque
483 1588 550 1635 fila
570 1589 754 1640 Remisit.]
784 1590 828 1628 In
852 1602 890 1629 re
909 1591 986 1640 pari
1001 1589 1134 1628 Noster

90 1655 142 1681 zv.
173 1643 421 1690 Metamorph.

446 1710 558 1741 Pavet
580 1702 666 1746 illa,
696 1711 857 1750 metuque

143 1761 188 1794 Et
208 1755 294 1793 colus
314 1766 356 1795 ω’
365 1753 468 1804 fusus
489 1753 606 1802 digitis
624 1752 764 1790 cecidere
782 1751 932 1801 remissis.

90 1809 268 1847 Nmoi.

144 1877 227 1926 756.
254 1871 399 1923 Suum]
429 1878 492 1910 Suo
512 1871 598 1910 editi
621 1871 768 1920 plurimi
789 1871 825 1908 &
848 1870 980 1919 scripti.

144 1950 227 1986 757.
257 1940 430 1977 Lacrimae
451 1939 585 1976 decuere
607 1936 813 1986 pudicam]
852 1937 1008 1974 Cecidere
1023 1936 1129 1987 pudi-

88 2002 147 2026 cae
167 1990 287 2028 Urfin.
307 1992 343 2028 &
371 1990 458 2027 0610
482 1991 552 2027 alii.
584 1989 708 2037 probe.
737 2000 858 2035 neque
885 1988 987 2024 aliter
1008 1988 1127 2025 codex

89 2040 275 2089 Naugerii.
303 2042 470 2078 nonnulli
506 2040 640 2076 decuere
666 2038 809 2087 pudicae
859 2038 1030 2086 proxime
1064 2051 1130 2075 ve-

88 2101 183 2128 rum.
221 2091 336 2128 cadere
367 2090 530 2128 lacrimae
561 2089 685 2138 passim
724 2090 858 2126 Nostro
896 2089 1045 2137 aliisque
1074 2089 1128 2126 di-

89 2150 231 2178 cuntur.
248 2141 332 2178 Val.
355 2142 502 2178 Flaccus
520 2141 614 2178 libro
641 2153 666 2177 1.
690 2140 774 2185 278.
802 2140 966 2175 lacrimae
988 2139 1131 2176 cecidere

87 2191 236 2228 canenti.
266 2193 435 2230 Lucanus
454 2192 515 2228 lib.
534 2204 598 2228 111.

142 2261 223 2292 Non
243 2255 410 2293 lacrimae
432 2255 571 2292 cecidere
587 2256 680 2303 genis
695 2283 703 2298 ‚
724 2267 792 2291 non
810 2256 944 2303 peciam
962 2254 1094 2292 tundit.

86 2317 230 2355 Heius.
264 2326 329 2355 Hoc
350 2319 457 2366 ipsam
488 2317 599 2354 decuit
620 2317 758 2355 multae
782 2317 964 2355 editiones
988 2318 1025 2355 ὃς
1046 2317 1128 2355 scri-

88 2369 140 2415 pti
160 2369 323 2417 quidam.

142 2439 226 2474 759.
254 2435 342 2465 Pone
370 2439 502 2467 metum
526 2457 535 2471 ,
572 2428 712 2474 venia]
767 2430 850 2465 Nec
879 2428 1040 2476 displicet
1063 2429 1128 2466 alia

92 2476 230 2522 editio,
258 2484 346 2514 Pone
378 2490 531 2522 metum,
560 2480 652 2514 veni.
691 2479 865 2514 NEAPOL.
907 2478 1004 2513 Venio
1026 2479 1130 2525 pleri-

91 2539 165 2576 que
186 2528 466 2575 praestantiores.
493 2537 532 2564 ut
553 2528 649 2575 apud
671 2528 823 2564 Statium
847 2528 968 2564 Theb.
995 2540 1048 2564 XI.

142 2590 306 2626 Eumenis
323 2590 414 2634 ejecit
427 2590 554 2636 sraelis
577 2587 753 2624 Etheoclea
771 2588 875 2637 portis
889 2616 900 2633 ,

89 2690 126 2728 H
139 2640 366 2677 clamantem
381 2668 391 2685 ,
418 2639 528 2678 venio.

134 2703 235 2728 mixis.

649 2728 664 2740 0

144 2751 225 2794 761.
254 2750 409 2788 furiales
427 2753 533 2801 regius
554 2753 681 2802 ignea]
711 2753 875 2790 furiatus
896 2755 1035 2792 Mazar.
1053 2755 1128 2791 Ui·-

90 2799 153 2838 sin.
182 2801 219 2838 &
248 2802 306 2839 sex
329 2802 398 2839 alii.
436 2804 530 2840 Puto
556 2833 565 2847 ‚
594 2805 749 2850 furiatos
778 2805 880 2852 ignes.
920 2804 966 2842 sic
987 2806 1129 2852 furiata

89 2864 186 2889 mens
202 2853 297 2900 apud
310 2853 521 2891 Maronem.
533 2867 621 2891 moi<
636 2865 750 2903 captus
762 2868 876 2890 amore
887 2883 895 2898 ,
910 2868 984 2893 non
998 2866 1130 2904 raptus,

89 2902 269 2939 Arondel.
290 2901 390 2939 Vols.
409 2906 445 2941 &
466 2904 555 2942 ocio
575 2906 644 2942 alii.
673 2907 817 2942 Heius.
845 2907 928 2943 Vid.
951 2906 1067 2944 Bentl.
1086 2907 1130 2944 ad

90 2951 224 2990 Horat.
243 2965 287 2989 ii.
311 2953 426 3002 Saty-r.
452 2967 480 2992 1.
503 2968 557 2992 10.

142 3005 209 3046 762
253 3010 382 3052 Raptus
401 3018 514 3041 amore
536 3006 645 3051 ruit]
696 3007 805 3043 Unde
843 3006 1014 3044 Heinsius
1044 3007 1130 3045 il'iid

91 3053 161 3089 ruit
183 3056 316 3101 ceperit
343 3056 488 3099 nclcio,
517 3066 612 3092 certe
635 3058 669 3093 in
693 3057 793 3093 millo
822 3058 949 3094 codice
979 3060 1130 3104 repperi.

94 3103 132 3139 &
155 3103 238 3141 editi
268 3105 615 3153 constanter,fitrit.
635 3109 739 3155 saevo
760 3121 872 3143 amore
897 3109 972 3145 duo
1000 3110 1074 3154 fait
1092 3108 1129 3145 in

94 3161 230 3189 novem
255 3154 299 3190 cst
339 3155 466 3193 Euam.

147 3202 423 3258 76331Jlaviqtte
460 3207 574 3253 capilli
599 3207 611 3252 1
653 3208 787 3245 Nescio
818 3219 861 3244 an
897 3221 941 3245 ex
971 3209 1130 3245 decoro:

95 3254 340 3290 meretricibus
369 3258 464 3293 enim
497 3260 531 3294 δ’
565 3258 759 3295 libidinosis
790 3260 901 3295 mulie
923 3259 998 3296 ibus
1020 3288 1028 3302 ,
1058 3271 1133 3296 non

94 3302 269 3338 matronis
285 3329 294 3342 .
325 3302 439 3351 flavos
461 3308 593 3357 capillos
613 3309 730 3348 solent
753 3310 828 3348 fere
853 3313 988 3359 poetae
1010 3309 1138 3348 adscri-

269 3356 366 3393 Tam.
394 3361 458 3395 111.

2114 1214 2236 1272 Hos

1186 1351 1295 1395 bere:
1325 1363 1438 1399 quare
1467 1361 1594 1400 parum
1625 1349 1743 1394 abest,
1770 1350 1860 1400 quin
1883 1351 1946 1390 uni
1976 1350 2093 1388 codici
2116 1351 2237 1390 Hein-

1187 1402 1288 1439 fiano
1317 1403 1572 1450 obtemperem
1602 1402 1639 1438 &
1670 1401 1858 1439 rescribam
1885 1431 1894 1447 ,
1931 1403 2085 1452 nigrique
2111 1403 2240 1450 capilli.

1186 1461 1227 1490 ut
1246 1454 1296 1491 ita
1317 1453 1431 1489 niveo
1453 1454 1525 1490 oris
1547 1453 1663 1490 colori
1685 1453 1802 1501 capilli
1826 1454 1916 1503 nigri
1932 1454 2051 1501 juncti
2076 1453 2237 1492 efficiant

1192 1504 1505 1540 emendatiffimae
1546 1504 1688 1541 formae
1732 1503 1853 1541 decus.
1905 1517 1996 1542 unus
2037 1504 2238 1542 Vaticanus

1191 1553 1384 1603 vivensque
1413 1553 1499 1590 color
1525 1554 1633 1591 habet
1656 1582 1667 1598 ,
1722 1553 1821 1591 unde
1851 1554 2023 1592 Heinsius
2059 1555 2260 1604 *inuusque=

1189 1605 1419 1653 conjiciebat.
1445 1604 1517 1641 vid.
1537 1604 1579 1640 ad
1599 1617 1633 1640 ii
1658 1605 1736 1641 Art.
1758 1616 1830 1641 am.
1850 1607 1933 1642 660.
1963 1606 2091 1642 Buiziu.

1239 1657 1320 1701 764.
1351 1654 1463 1691 Nulla
1483 1656 1602 1701 faetus
1630 1655 1674 1690 ab
1696 1666 1772 1691 arte
1792 1655 1925 1705 decom]
1979 1656 2065 1693 Sine
2086 1656 2173 1693 fuco
2194 1655 2235 1693 &

1185 1708 1393 1756 pigmento.
1421 1706 1520 1743 unde
1544 1705 1675 1742 Noster
1695 1706 1799 1742 alibi:

1237 1772 1337 1808 Scitis
1356 1783 1399 1811 (φ’
1423 1769 1571 1808 inducta
1591 1769 1771 1806 candorem
1791 1783 1952 1819 quaerere
1969 1770 2047 1807 cerd
2060 1786 2071 1806 .-

1285 1822 1455 1871 Sanguine
1473 1834 1560 1872 quae
1583 1834 1662 1856 vero
1680 1834 1747 1857 non
1767 1821 1865 1858 rubet
1877 1850 1886 1866 ,
1914 1831 1990 1858 arte
2009 1821 2120 1858 rubet.

1185 1887 1316 1926 Malim
1335 1887 1454 1935 legas,
1485 1885 1666 1922 candorem
1688 1898 1847 1933 quaerere
1870 1885 1976 1922 crecti.
2016 1884 2231 1921 Petronius:

1187 1945 1282 1975 Inter
1303 1951 1405 1985 rugas
1423 1937 1601 1974 malarum
1626 1946 1769 1971 tantum
1790 1946 1866 1974 erat
1889 1948 2010 1976 cretae.
2046 1934 2137 1983 Qui)
2157 1934 2235 1983 spe·

1181 1989 1252 2026 &at
1272 1990 1308 2026 ὅ(
1332 1988 1419 2026 illud
1441 1988 1578 2024 Valerii
1595 1987 1792 2024 Martialis:

1233 2048 1378 2097 Craffior
1399 2049 1437 2085 in
1449 2047 1541 2093 facie
1561 2046 1701 2084 vetulae
1715 2047 1788 2095 stat
1809 2058 1899 2085 creta
1918 2047 2094 2086 Fabullae.

1181 2112 1306 2150 Nem.
1334 2111 1394 2150 Ab
1413 2122 1487 2149 arte
1518 2113 1603 2150 color
1633 2113 1802 2151 Berneiis.
1824 2115 1976 2152 Thumi.
2001 2115 2038 2151 ὅ(
2073 2119 2233 2162 quatuor

1183 2162 1329 2211 alii.qui
1350 2164 1515 2212 ingenuus
1536 2165 1639 2201 color
1656 2164 1788 2202 dicitur
1808 2164 1974 2211 Propert.
1995 2178 2022 2201 i.
2040 2176 2092 2201 iv.
2109 2174 2163 2211 13.

1238 2215 1321 2262 765.
1349 2219 1393 2250 Et
1421 2214 1511 2264 quod
1542 2214 1790 2264 corrumperes]
1845 2220 1891 2251 Et
1924 2228 2030 2262 quam
2062 2214 2232 2261 Excerpt.

1187 2263 1301 2300 Vossii
1317 2265 1352 2302 δε
1373 2273 1532 2313 quatuor
1555 2266 1701 2303 codices
1716 2294 1725 2309 ,
1738 2278 1780 2304 ey
1793 2279 1893 2315 quem
1908 2266 2054 2303 Veneta
2068 2265 2166 2302 Edit.
2179 2276 2231 2312 pr.

1185 2328 1292 2364 quam
1314 2325 1390 2351 tum
1414 2316 1543 2352 Oxon.
1567 2327 1610 2355 ω’
1633 2329 1702 2364 qna
1727 2326 1808 2353 tres.

1238 2366 1319 2410 766.
1348 2368 1492 2414 Qoque
1513 2367 1625 2403 minor
1637 2373 1709 2415 spes
1730 2367 1809 2415 est.]
1841 2367 1963 2403 Minas
1987 2367 2124 2414 primus
2145 2365 2231 2401 Me·

1186 2414 1311 2453 diceus
1340 2418 1377 2452 &
1406 2417 1482 2453 duo
1511 2417 1583 2453 alii.
1607 2417 1717 2453 Forte
1740 2444 1749 2459 ‚
1787 2420 1930 2464 &Juque
1957 2417 2020 2464 [psi
2042 2417 2156 2451 minus
2175 2414 2230 2460 est.

1186 2467 1360 2512 proximo
1374 2466 1475 2502 versu
1490 2493 1499 2507 ,
1519 2466 1658 2502 dederat
1680 2477 1822 2502 cantum
1845 2467 2012 2503 meliores
2028 2477 2123 2508 ‚non
2147 2477 2231 2500 can-

1185 2525 1253 2551 tus.
1281 2516 1423 2550 Hiems.
1461 2515 1554 2559 Janz
1576 2515 1685 2563 magis
1703 2525 1861 2563 quatuor
1877 2516 1965 2552 libri.

1237 2565 1319 2608 767.
1346 2565 1438 2608 Jam
1462 2565 1601 2601 dederat
1618 2575 1762 2602 cantum
1785 2565 1868 2602 lucis
1884 2566 2114 2615 praenuncius
2125 2563 2225 2613 alen]

1187 2614 1323 2652 Gallus.
1349 2615 1585 2652 Prudentius:
2025 2625 2030 2628 ·

1408 2680 1494 2717 Ales
1509 2709 1517 2724 ,
1539 2680 1607 2717 diei
1628 2680 1792 2725 nuncius,

1414 2736 1537 2767 Lucem
1557 2732 1785 2781 propinquam
1801 2732 1983 2781 praecinit.

1186 2780 1331 2819 Auctor
1350 2782 1516 2819 Moreti:

1240 2844 1494 2892 Excubitorque
1513 2845 1603 2883 diem
1624 2856 1729 2882 cantu
1745 2846 1966 2894 praedixerat
1986 2847 2067 2884 ales.

1188 2907 1356 2943 CIOFAN.
1385 2912 1520 2943 Cantus
1541 2907 1688 2955 quidam
1714 2909 1828 2956 scripti
1857 2910 1893 2945 ὅ(
1918 2909 2016 2945 editi.
2044 2907 2101 2944 sed
2121 2904 2229 2944 male„

1186 2967 1344 3006 quatuor
1365 2958 1463 2994 enim
1486 2969 1597 2995 voces
1618 2961 1652 2995 in
1679 2973 1692 2995 s
1712 2962 1874 3002 exireiit;
1906 2959 1967 2996 iiiii
1991 2958 2058 2994 luci
2078 2959 2227 3006 legatur.

1238 3007 1320 3047 768.
1359 3007 1522 3058 Pedem]
1595 3009 1696 3046 Pedes
1725 3011 1868 3058 plurimi
1898 3010 2013 3057 scripti
2046 3011 2080 3046 ὃ(
2116 3009 2226 3045 etiam

1185 3057 1270 3095 editi
1295 3057 1456 3109 quidam.

1237 3120 1321 3152 770.
1350 3109 1555 3146 Recordanti
1571 3109 1711 3159 plural
1742 3111 1894 3148 Pulchra
1917 3122 2009 3148 unus
2033 3108 2201 3146 Heinsius
2217 3133 2227 3149 5

1187 3158 1284 3195 unde
1305 3159 1363 3196 ille
1395 3162 1638 3209 conjiciebat,
1676 3157 1740 3197 illa
1773 3163 1964 3198 recordanti
1989 3160 2131 3209 pulchra
2152 3169 2228 3193 miz-

1185 3210 1429 3257 gisqueplacet.
1459 3212 1515 3248 vel
1532 3240 1540 3255 ‚
1559 3212 1700 3260 plusque
1720 3214 1897 3262 magisque
1910 3215 2030 3260 placet.
2059 3209 2119 3244 illa
2133 3207 2177 3259 cll
2192 3217 2226 3258 m

1191 3262 1354 3308 quinque
1384 3261 1501 3307 libris,
1532 3264 1569 3301 ὃς
1601 3263 1638 3301 111
1667 3264 1824 3303 totidem
1849 3292 1860 3310 ‚
1897 3274 2010 3310 atque.
2041 3270 2110 3305 ego
2143 3254 2231 3291 1111111

1191 3319 1310 3349 muto.
1335 3310 1467 3350 Euam.
2214 3353 2220 3359 ,

1371 3361 1413 3408 T
2076 3368 2158 3403 771.
2186 3360 2239 3392 Sic
