2495 3675
512 175 1147 237 TRISTIUM
1221 176 1413 234 L1ss.

1484 179 1580 238 IV.
1655 181 1825 244 Eriza]
1862 192 1899 249 Ϊ.
2137 197 2240 257 607

371 281 614 338 :Forsitan
640 282 740 336 hoc
765 281 996 336 studium
1021 277 1180 353 possit
1204 276 1354 332 furor
1381 275 1485 332 esse
1515 275 1710 333 videri:

450 355 556 411 Sed
586 354 842 428 quiddam
868 353 1016 408 furor
1043 352 1129 407 hie
1155 351 1392 406 utilitatis
1415 348 1588 404 habet.

372 429 591 501 Semper
625 429 679 482 in
704 427 897 482 obtutu
923 438 1162 480 mentem
1190 437 1335 478 vetat
1364 423 1467 478 esse
1492 423 1795 489 malorum31

225 520 295 572 40
447 500 739 556 Praesentis
762 499 903 552 casus
928 499 1412 568 immemoremque
1437 495 1578 550 facit.

372 574 555 645 thue
579 574 728 628 suum
754 569 977 624 Bacchis
1002 586 1111 623 non
1137 569 1291 623 sentit
1315 569 1484 623 saucia
1507 568 1720 633 vulnuS,

439 648 584 701 Dum
609 644 782 715 stupet
812 641 1016 696 Edonis
1040 642 1296 695 exululata
1319 641 1489 711 jugis;

359 719 470 782 Sic,
510 717 600 771 ubi
625 728 772 770 mota
794 715 967 769 calent
992 713 1148 767 viridi
1176 731 1292 767 mea
1319 712 1535 784 pestora
1558 712 1772 786 thyrs0‚

438 791 616 845 Altior
640 788 876 843 humano
900 787 1108 860 spiritus
1135 785 1219 840 ille
1245 786 1383 839 malo
1410 785 1498 839 est.

257 883 284 934 5
358 864 447 919 Ille
474 881 571 917 nec
599 861 861 923 exsilium,
901 858 1137 931 Scythici
1164 875 1263 912 nec
1289 859 1443 913 litora
1467 863 1653 931 ponti,

430 936 518 989 Ille
545 952 646 988 nec
670 935 830 987 iratos
861 933 1016 986 sentit·
1040 930 1215 985 adess'e
1242 930 1404 985 Deos.

362 1007 546 1080 thue
572 1004 892 1078 soporiferae
919 1004 1157 1058 biberem
1184 1002 1219 1056 fi
1245 1004 1436 1074 pocula
1463 1004 1695 1069 Lethe3‚

420 1079 711 1151 Temporis
739 1076 942 1135 adversi
967 1076 1036 1132 sic
1064 1076 1192 1132 mihi
1218 1076 1390 1132 sensus
1416 1077 1591 1133 hebet.

63 1346 241 1388 moediae
260 1345 407 1385 Plautus
422 1372 432 1388 ‚
460 1355 572 1394 quam
599 1342 787 1381 Bacchidas
804 1340 1001 1390 inscripsit,
1027 1348 1068 1379 ut
1088 1340 1110 1379 ὲ

66 1400 246 1449 prologo,
277 1409 321 1434 ex
350 1396 549 1432 Camerarii
578 1395 799 1432 membranis
829 1392 929 1430 edito
953 1420 964 1437 ‚
1000 1403 1109 1440 appa·

65 1459 132 1488 ret.
164 1447 366 1485 Evantidas
388 1446 581 1483 Philemon
611 1445 841 1492 inscripserat.
878 1442 938 1480 sed
961 1444 997 1479 &
1022 1449 1109 1479 Bac-

67 1500 139 1537 chis
165 1511 306 1537 nomen
328 1497 445 1535 virile.
473 1504 511 1533 ut
534 1494 674 1532 Bacchis
701 1494 870 1531 Corinthi
891 1505 954 1530 rex
975 1492 1058 1537 ille,
1086 1505 1106 1531 a

65 1564 143 1600 quo
164 1549 317 1599 posteri,
346 1549 384 1585 ὅ(
404 1547 587 1584 Corinthii
610 1545 762 1582 demum
787 1555 918 1581 omnes
943 1543 1106 1580 Bacchia-

67 1604 142 1638 dae.
162 1612 227 1649 pro
251 1598 360 1636 Idaeis
374 1598 464 1647 jugis
475 1599 579 1645 prim.
597 1596 702 1633 Polit.
721 1594 959 1645 prim.Vatic.
981 1595 1107 1633 multi-

64 1664 138 1701 que
158 1652 214 1689 alii
235 1661 318 1688 cum
343 1649 467 1698 primis
490 1646 732 1691 editionibus,
760 1645 879 1684 modis.
907 1646 1104 1695 quomodo

63 1703 196 1741 Statius
217 1701 339 1739 Theb.
357 1710 393 1737 v.

416 1764 531 1803 veluti
551 1762 722 1811 Teumesia
748 1762 862 1812 Thyas

109 1824 228 1869 'Rapta
247 1824 318 1856 Deo
330 1845 342 1864 ,
367 1830 443 1855 cum
457 1818 561 1866 sacra
577 1824 724 1861 vocant,
755 1814 924 1865 Idaeaque
937 1812 1066 1860 suadet

116 1877 249 1908 Buxus.

65 1935 242 1973 Ceterum
268 1933 395 1972 Edonis
411 1932 504 1984 jugis
531 1931 735 1980 ampleemr
763 1942 847 1980 prae
876 1930 1021 1979 vulgata
1049 1929 1101 1967 le-

65 1986 215 2030 stione,
237 1986 328 2034 jugis
352 1984 469 2022 Idaeis.
503 1982 552 2021 fic
575 1982 710 2020 Edonus
730 1987 850 2019 Boreas
869 1981 1019 2019 Maroni
1042 1980 1102 2017 lib.

65 2048 138 2074 xri.
159 2036 309 2074 AEneid.
333 2035 469 2072 Edonae
485 2034 617 2083 hyemes
638 2033 734 2081 apud
755 2032 908 2070 Statium
933 2032 970 2069 &
992 2031 1103 2068 Clau·

63 2086 226 2125 dianum.
248 2087 384 2123 Edonus
399 2084 576 2123 Mavortis
595 2097 714 2120 currus
733 2083 828 2132 apud
849 2081 1006 2120 eundem
1024 2082 1101 2119 Sta·

62 2137 157 2174 tium
178 2137 359 2175 Thebaid.
382 2148 454 2175 xit.
482 2135 590 2172 Edoni
609 2135 683 2181 fiola
704 2134 854 2182 Pangaei
873 2133 969 2180 apud
989 2131 1101 2169 Sene-

63 2198 145 2225 cam
176 2187 340 2235 Oedipo.
367 2187 406 2224 &
438 2187 576 2222 Edonae
601 2184 721 2221 Silvae
746 2184 908 2220 Hercule
939 2183 1100 2220 Oetaeo.

62 2237 105 2275 .&
123 2238 234 2275 Edoni
252 2237 350 2274 venti
379 2235 475 2285 apud
504 2235 692 2272 Valerium
714 2234 899 2271 Flaccum.
930 2233 1102 2280 produxit

62 2299 215 2338 quoque
235 2286 429 2326 secundam
453 2285 622 2334 syllabam
651 2286 848 2322 Horatius:
879 2287 959 2321 Non
980 2297 1032 2332 ego
1055 2283 1100 2320 le-

64 2339 144 2376 vius
167 2338 358 2375 Bacchabor
381 2337 517 2374 Edonis.
542 2347 656 2386 quare
682 2335 805 2373 frustra
834 2334 934 2378 sunt,
961 2336 1023 2383 qui
1056 2339 1102 2370 E-

55 2389 204 2434 donias,
231 2401 297 2438 pro
319 2388 433 2425 Edono
453 2395 651 2435 reponunt.
677 2386 718 2423 In
742 2385 867 2423 Edonis
888 2393 1011 2423 tamen
1024 2397 1102 2423 am·-

63 2439 169 2488 bigua
188 2440 237 2477 est
259 2439 388 2487 syllaba
403 2467 412 2482 ‚
440 2437 638 2486 quomodo
667 2438 703 2473 ὅ(
726 2437 761 2473 in
786 2436 930 2473 Sidonis.
958 2434 1006 2472 fic
1025 2449 1102 2472 ma-

64 2500 130 2527 tres
152 2490 318 2526 Edonides
345 2501 459 2525 omnes
476 2487 574 2536 apud
594 2486 769 2524 Nostrum
788 2486 849 2525 lib.
867 2497 922 2524 xx.
948 2486 1043 2525 Met.
1064 2488 1102 2525 &

63 2539 159 2589 apud
180 2539 433 2588 Propertium:

116 2609 188 2641 Nec
207 2605 323 2642 minus
342 2600 478 2652 aJIiduis
497 2603 625 2642 Edonis
647 2602 731 2653 laffa
752 2601 890 2641 choreis.

58 2681 150 2708 >cum
176 2673 346 2710 Lucanus
368 2674 603 2722 corripuerit:

115 2742 242 2779 Edonis
265 2740 387 2791 Ogygio
412 2739 590 2777 decurrens
601 2738 701 2786 plena
725 2743 843 2788 Lyaeo.

67 2811 159 2858 Quo
180 2810 266 2848 loco
289 2808 477 2846 Salmasius
505 2806 696 2844 Solinianis
716 2799 1034 2844 exercitationibus
1053 2811 1099 2842 O·

68 2860 162 2897 donis
182 2861 309 2908 reponi
324 2860 440 2908 jubet.
470 2870 554 2895 cum
568 2857 724 2894 Odones
735 2855 1101 2904 sintpopulusTlira-

69 2911 155 2946 ciae.
184 2911 241 2948 sed
263 2922 338 2948 non
360 2911 577 2946 meminerat
609 2908 737 2945 Silium
761 2918 911 2956 quoque
931 2907 1099 2946 Italicum

67 2959 259 2998 secundam
287 2961 455 3010 syllabam
474 2956 679 3007 corripuisse
698 2958 789 2995 libro
810 2970 861 2995 iv.

118 3025 246 3062 Edonis
267 3034 305 3060 ut
325 3030 483 3072 Pangaea
497 3024 597 3072 super
615 3021 786 3058 trieteride
806 3032 899 3058 mota

125 3080 153 3110 It
168 3077 251 3123 juga
266 3103 274 3117 ,
304 3086 346 3113 (ς’
367 3074 538 3118 inclusum
560 3072 710 3121 suspirat
724 3075 850 3121 periore
868 3073 1054 3112 Bacchum.

71 3134 243 3185 Virgilius
266 3137 301 3173 in
323 3136 397 3172 Ciri
419 3133 615 3172 secundam
638 3135 674 3170 in
696 3133 836 3180 Bistonis
854 3134 1022 3183 producit
1036 3145 1048 3185 :-

126 3206 236 3236 Saeva
258 3199 353 3235 velut
372 3198 490 3246 gelidis
510 3197 675 3235 Ciconum
698 3198 837 3244 Bistonis
856 3199 893 3235 in
914 3198 980 3238 oris

127 3252 243 3287 leia-ve
261 3248 436 3286 barbarico
455 3248 593 3296 Cybeles
612 3248 771 3296 antistita
792 3249 894 3292 buxo.

75 3313 124 3355 Et
143 3314 362 3365 Apollonius
385 3314 548 3354 Rhodius
567 3315 781 3366 Argonaut:

2079 1208 2209 1280 jure

1215 1339 1362 1389 Δέξιιτο
1383 1343 1509 1389 Πιερίῃ
1529 1342 1684 1384 Ere-eculeis
1710 1341 1945 1386 uospu've‘ovrx.

1163 1398 1213 1440 ita
1233 1404 1427 1442 secundam
1452 1407 1488 1443 in
1514 1406 1721 1443 Macedonia
1744 1405 1861 1443 modo
1877 1406 2095 1455 corripiunt,
2125 1411 2210 1447 moss

1164 1453 1213 1491 do
1237 1455 1446 1502 producunt
1466 1458 1619 1495 Po'e'tae.
1642 1458 1686 1494 de
1707 1468 1783 1505 quo
1800 1458 2051 1505 Metamorph.
2071 1470 2140 1495 xxx.
2170 1467 2210 1497 ut

1162 1505 1253 1542 nihil
1289 1506 1466 1554 impediat
1500 1508 1646 1544 Edonios
1669 1518 1822 1559 quoque
1850 1507 2005 1545 secunda
2042 1519 2209 1556 correpta

1163 1555 1293 1594 efferri.
1323 1557 1451 1593 odonis
1479 1570 1619 1596 nomen
1644 1558 1692 1596 est
1714 1558 1907 1596 obscurum
1929 1559 2036 1596 nimis
2057 1587 2067 1603 ,
2091 1571 2205 1609 quam

1162 1614 1202 1643 ut
1222 1617 1269 1644 eo
1291 1607 1492 1646 Thraciam
1517 1609 1718 1657 defignaret
1739 1610 1923 1647 Lucanus.
1950 1610 2090 1647 Heius.
2136 1611 2205 1647 Vi-

1161 1655 1208 1745 dccl
1227 1669 1322 1746 guae
1342 1659 1488 1746 collegat
1510 1661 1680 1698 industria
1701 1659 1758 1698 Cl.
1781 1659 2075 1699 Drakenborchii
2094 1660 2206 1701 nostri

1159 1718 1180 1744 a
1213 1721 1495 1807 431.·31“Ziriae7m.ea
1511 1762 1645 1809 pebiora
1663 1759 1808 1809 thyrfh]
1837 1760 1949 1798 viridi
1965 1760 2081 1809 thyrsi)
2093 1762 2203 1809 prim.⁴

1157 1808 1328 1897 gatligzgn.
1357 1810 1631 1861 Rottendorph.
1658 1811 1747 1848 alter
1782 1811 1888 1849 Polit.
1925 1812 1962 1849 &
1999 1812 2089 1849 octo
2126 1812 2200 1851 alii.

1202 1873 1284 1999 {34st
1295 1889 1357 1949 ille
1383 1911 1474 1950 malo
1501 1911 1582 1964 est.]
1632 1912 1676 1952 In
1706 1912 1817 1952 Leld.
1848 1919 1946 1959 erat,
1973 1911 2029 1951 ille
2058 1912 2124 1951 loco
2146 1911 2203 1962 est„

1159 1974 1186 1999 1.
1237 1973 1255 1998 a
1287 1991 1296 1998 .
1315 1975 1402 2012 299.

1208 2033 1379 2071 Credibile
1398 2035 1441 2082 est
1460 2035 1535 2073 illos
1549 2037 1680 2086 pariter
1701 2036 1868 2088 vitiisque
1891 2037 2035 2089 locisque

1257 2084 1383 2122 Altius
1403 2086 1571 2123 humanis
1592 2087 1764 2137 exseruiffi:
1785 2099 1896 2138 caput.

1155 2146 1240 2185 vide
1260 2160 1303 2187 an
1332 2150 1405 2188 huc
1432 2152 1539 2189 faciat
1566 2151 1654 2190 illud
1684 2153 1847 2192 Petronii
1872 2166 1949 2193 can.
1973 2167 2032 2194 xc.
2064 2157 2201 2208 Saepius·

1155 2200 1287 2255 Poe—tice
1308 2214 1415 2251 quam
1435 2201 1587 2240 humane
1614 2203 1746 2241 locutus
1767 2219 1812 2245 es.
1842 2205 1881 2243 &
1909 2199 2004 2256 {luae
2022 2207 2107 2246 illuc
2126 2219 2200 2253 no:

1154 2256 1324 2290 tavimus.
1350 2252 1482 2291 Bunm.

1208 2303 1267 2343 46.
1295 2303 1405 2340 Sentit
1426 2303 1548 2341 habere
1578 2303 1691 2353 deos.]
1738 2306 1859 2355 Adesse
1879 2307 2014 2355 septem
2042 2313 2198 2346 veteres·

1159 2350 1288 2397 Forte,
1309 2354 1418 2401 sentit
1448 2354 1606 2393 habetve.
1643 2354 1766 2393 habere
1798 2363 1883 2394 Deos
1901 2360 2005 2395 iratos
2032 2368 2070 2395 ut
2098 2359 2195 2406 apud

1157 2401 1369 2441 Petronium
1387 2432 1398 2447 ‚
1425 2405 1605 2450 Junonem
1629 2419 1741 2442 meam
1763 2407 1895 2444 iratam
1918 2408 2075 2445 habeam.
2122 2409 2194 2447 Sed

1158 2451 1335 2491 distichon
1359 2455 1406 2492 est
1425 2455 1637 2503 susperstum.
1666 2457 1810 2493 Herus.
1860 2459 1947 2495 Non
1973 2459 2080 2495 video
2104 2459 2195 2506 quid

1158 2504 1243 2541 mali
1266 2506 1462 2543 commatis
1485 2504 1526 2542 fit
1552 2504 1588 2543 in
1610 2505 1685 2545 lio:
1708 2507 1858 2544 disticho
1875 2535 1885 2552 ,
1913 2507 1936 2544 si
1961 2508 2077 2545 modo
2099 2508 2195 2557 legas

1158 2564 1242 2591 cum
1266 2555 1446 2593 veteribus
1473 2554 1567 2593 libris
1589 2584 1599 2599 ,
1634 2556 1741 2603 sentit
1768 2557 1871 2607 asleffe
1904 2558 1988 2595 deos.
2018 2560 2064 2596 ita
2088 2559 2193 2607 adeffe

1156 2603 1259 2652 supra
1280 2617 1333 2644 1v.
1355 2606 1442 2643 Fast.
1462 2606 1546 2654 236.
1584 2606 1656 2644 vid.
1676 2607 1721 2644 ad
1747 2608 1828 2644 Val.
1851 2608 1943 2645 Flac.
1965 2621 2016 2645 ιν.
2043 2621 2099 2658 314-
2125 2621 2191 2657 pro

1156 2655 1306 2702 Scythici
1333 2657 1437 2693 litora
1464 2657 1570 2703 ponti.
1597 2658 1743 2695 mallem
1771 2666 1895 2695 tamen
1919 2687 1929 2703 ‚
1947 2661 2082 2708 frigora
2103 2670 2189 2710 pon-

1155 2707 1206 2750 ti,
1234 2707 1280 2745 de
1302 2707 1431 2757 quibus
1458 2707 1598 2755 semper
1624 2709 1796 2757 queritur.
1823 2708 1871 2746 fic
1891 2721 1918 2747 1.
1939 2721 1984 2747 ex
2003 2711 2109 2749 Pont.
2128 2723 2195 2754 111.

1157 2766 1174 2805 3
1208 2807 1308 2857 §Quid
1343 2808 1462 2846 melius
1495 2815 1603 2846 Roma
1623 2819 1638 2847 ‚²
1684 2810 1837 2859 Scythico
1873 2811 1958 2862 quid
1985 2812 2112 2861 frigore
2132 2816 2193 2863 pe-'j

1328 2870 1413 2903 jus?

1156 2908 1218 2946 ubi
1245 2909 1354 2946 etiam
1383 2910 1480 2947 litore
1506 2911 1564 2949 alii
1586 2939 1596 2956 ‚
1624 2911 1726 2961 quod
1755 2912 1850 2950 male
1876 2914 2044 2961 praetulit
2071 2916 2192 2956 Hein-

1156 2959 1237 2998 fius.
1264 2959 1393 2998 Bunm.
2188 2959 2193 2963 ’

1208 3010 1267 3057 48.
1296 3011 1462 3059 Temporis
1487 3010 1625 3059 adversi
1642 3012 1691 3061 sic
1717 3013 1806 3051 mihi
1823 3014 1942 3063 sensus
1962 3017 2082 3066 abest]
2114 3019 2193 3057 Ad·

1159 3061 1201 3108 est
1230 3062 1428 3108 Gottorph.
1457 3063 1726 3108 Medonianus,
1756 3065 1842 3102 abit.
1877 3068 1984 3114 prim.
2024 3069 2193 3109 Vatican.

1160 3121 1288 3160 tempus
1308 3111 1414 3151 hebet.
1442 3113 1583 3158 Scribe,
1612 3115 1730 3164 Sensus
1749 3114 1856 3155 hebet.
1883 3117 1929 3156 fic
1948 3132 1999 3157 xv.
2022 3133 2066 3158 ex
2085 3122 2195 3160 Pont:

1165 3174 1195 3201 1.
1222 3173 1277 3207 17.

1218 3218 1278 3249 Da
1299 3213 1387 3251 mihi
1408 3243 1417 3259 ,
1437 3214 1472 3265 fi
1492 3216 1576 3266 quid
1593 3230 1631 3255 ea
1650 3217 1714 3264 est,
1743 3217 1958 3258 hebetantem
1981 3224 2112 3270 penora
2134 3228 2198 3267 Le:

1171 3313 1265 3365 hebes
1275 3264 1507 3367 senfziysez'pud
1531 3319 1754 3361 Ciceronem
1774 3324 1943 3363 occurrit.
1970 3323 2112 3364 Hms.

1365 3368 1512 3419 Hhhh
1538 3382 1570 3422 ι.
2069 3371 2206 3425 Deas.]

1196 3482 1217 3502 Χ
