2495 3675
240 146 338 194 612
611 119 668 176 C
745 134 808 191 P.
839 117 936 192 ⁴v'o
973 115 1090 192 ‘vi
1126 131 1184 190 D
1218 132 1302 196 11

1377 110 1598 188 NA'S
1634 107 1928 211 o'iiis'
2004 113 2028 118 ’”

532 235 770 309 Altaque
794 238 1040 293 velentur
1063 234 1275 292 fortasse
1302 232 1496 287 Palatia
1522 229 1700 295 sertis;

609 309 869 384 Turaque
892 312 946 366 in
974 310 1098 380 igne
1123 309 1310 360 sonent
1328 349 1339 367 ‚

1381 303 1730 375 inficiantque
1755 304 1900 361 diem
1915 331 1935 371 ς

374 373 424 452 ³5
474 389 477 392 ’
532 381 895 456 Candidaque
922 379 1153 435 adducta
1180 378 1376 433 collum
1403 374 1640 448 percussa
1665 375 1836 430 securi

606 452 657 511 V
665 454 844 509 iRirna-
863 469 1133 525 purpureo
1158 451 1407 522 sanguine
1433 449 1638 520 tinguat
1666 449 1918 505 humum:

542 529 811 599 Donaque
836 526 1132 579 amicorum
1163 524 1375 595 templis
1401 521 1645 594 promiffa
1675 521 1920 576 Deorum

618 600 877 654 Reddere
904 595 1129 651 vifiores
1154 596 1347 650 Caesar
1378 608 1604 667 uterque
1631 609 1843 667 parent:

546 673 618 728 Et
644 672 734 742 qui
762 669 1025 725 Caesareo
1045 673 1267 742 juvenes
1291 668 1382 723 sub
1409 668 1627 722 nornine
1656 666 1930 732 crescunt,

403 767 474 817 ‚10

621 743 894 814 Perpetuo
924 757 1086 797 terras
1113 758 1170 797 ut
1199 743 1390 797 domus
1416 740 1707 811 istaregat:

542 816 794 886 Cumque
824 816 977 869 bonis
1003 815 1218 869 nuribus
1244 832 1340 886 pro
1366 814 1554 886 sospite
1587 813 1738 866 Livia
1766 827 1893 867 nato

623 886 855 942 Munera
883 888 975 942 det
1003 888 1235 950 meritis,
1274 887 1425 958 saepe
1454 887 1667 948 datura,
1707 885 1860 940 Deis:

550 959 624 1015 Et
643 962 844 1029 pariter
868 974 1091 1023 mat1·e8‚
1128 966 1179 1014 ὅτ
1207 978 1341 1032 quae
1369 959 1472 1013 sine
1501 959 1722 1013 crimine
1752 958 1916 1013 castos

578 1073 581 1075 -
621 1032 887 1104 Perpetua
911 1034 1116 1088 servant
1140 1033 1445 1105 virginitate
1475 1031 1642 1085 focos,
1689 1048 1691 1050 ·

264 1253 396 1295 ae‘tusg
435 1256 495 1287 aut
529 1248 639 1287 etiam
671 1254 789 1293 partus
817 1258 895 1286 non
924 1247 993 1286 fuit
1017 1274 1027 1290 ‚
1067 1246 1127 1285 secl
1160 1248 1310 1296 opinio-

1372 1257 1525 1290 verem,
1552 1256 1674 1294 neque
1700 1243 1830 1283 eadem
1858 1245 1969 1284 toties
1988 1246 2190 1295 repetenda
2220 1248 2328 1290 foret.
2361 1253 2423 1296 Ut,
2486 1250 2490 1291 ἕ

265 1315 314 1341 ne
336 1314 376 1339 ac
394 1302 449 1349 spe
472 1308 614 1337 tantum
647 1307 848 1347 conceptus
870 1327 880 1344 ‚
917 1298 1020 1348 quod
1050 1309 1134 1336 cum
1157 1297 1268 1346 longe
1288 1296 1308 1334 a
1360 1299 1468 1344 igitur
1491 1295 1534 1333 acl
1556 1297 1674 1334 versus
1689 1325 1697 1340 ‚
1725 1297 1762 1334 &
1785 1295 1827 1333 ad
1855 1297 1925 1352 ipsa
1947 1297 2054 1334 verba
2078 1298 2291 1345 redeamus,
2321 1302 2410 1347 Jam
2485 1306 2490 1346 t

266 1354 393 1390 Roma
416 1349 547 1387 abt-ss'et
564 1377 574 1394 ,
599 1361 722 1398 eoque
738 1361 832 1398 quae
863 1349 935 1387 illic
954 1349 1082 1387 fierent
1102 1357 1203 1387 certo
1225 1349 1312 1386 scire
1357 1354 1436 1395 sera
1460 1347 1664 1395 Caesaribus
1695 1352 1888 1384 Germania
1909 1376 1918 1391 ‚
1946 1348 2090 1394 inquit,
2115 1351 2218 1396 potest
2233 1379 2242 1394 ‚
2274 1362 2312 1389 ut
2335 1353 2426 1408 reli-n
2486 1352 2490 1394 ξ

1368 1410 1459 1447 quus
1491 1407 1590 1435 totus
1620 1399 1713 1435 orbis
1736 1427 1745 1443 ,
1789 1398 1885 1434 ἰἱέῖα
1908 1398 2116 1447 succubuiffe
2137 1428 2147 1443 ,
2176 1399 2270 1450 flexo
2299 1414 2411 1451 genu,-v
2487 1401 2490 1431 i

266 1415 342 1441 non
367 1401 503 1449 posset:
535 1402 571 1437 &
602 1410 727 1438 tamen
760 1399 780 1437 a
809 1400 960 1437 Caesare
983 1428 993 1445 ,
1023 1399 1180 1437 Tiberio
1203 1407 1313 1446 puta,

266 1462 308 1491 ut
334 1453 435 1501 supra
470 1452 710 1489 meminimus
732 1478 742 1494 ,
779 1450 1055 1499 expeditionem
1089 1452 1125 1488 in
1158 1450 1314 1487 Germa-

269 1504 370 1542 niam
402 1501 472 1539 efle
516 1501 649 1540 saetam
680 1499 831 1539 audiffet
855 1528 866 1545 ,
911 1501 1071 1549 sperabat
1108 1502 1316 1539 Germanos

269 1566 337 1603 pro
378 1553 515 1602 reliqua
546 1554 698 1602 Augusti
737 1553 882 1589 fortuna
912 1563 953 1589 ac
984 1552 1155 1589 felicitate
1177 1579 1188 1596 ,
1237 1553 1318 1589 vin-

270 1606 303 1642 ci
325 1612 435 1654 atque
456 1603 599 1641 domari
621 1603 743 1651 polle,
773 1614 894 1652 eoque
917 1614 1069 1640 omnem
1095 1604 1206 1640 etiam
1231 1614 1321 1651 ope-

271 1667 348 1694 ram
371 1654 602 1704 impensuros
624 1653 694 1691 effe
718 1653 910 1698 Caesares,
939 1653 984 1690 acl
1008 1652 1320 1701 cladem&igno-

273 1707 427 1744 miniam
457 1705 680 1753 superiorem
712 1704 946 1741 abolendam.
999 1703 1115 1752 Quod
1137 1712 1261 1741 tamen
1279 1703 1322 1740 il-

273 1757 313 1795 lo
336 1765 415 1794 tum
439 1764 610 1802 tempore
637 1754 656 1792 a
681 1755 837 1792 Tiberio
868 1753 1005 1792 fatorum
1035 1766 1113 1792 non
1143 1755 1233 1799 fuit,
1262 1754 1321 1791 sed

275 1806 399 1856 postea
423 1805 443 1842 a
476 1807 702 1843 Germanico
728 1833 738 1849 ‚
776 1814 907 1855 quarto
934 1805 1085 1842 demum
1113 1816 1212 1843 anno
1242 1804 1321 1853 post

276 1856 461 1895 excessum
486 1856 638 1905 Augusti
656 1883 666 1900 ,
693 1865 732 1895 ut
754 1855 880 1893 Strabo
902 1856 940 1894 ὅ(
964 1857 1118 1894 Tacitus
1139 1857 1321 1894 memine-

279 1919 333 1946 re.
361 1907 548 1944 Secundus
571 1908 774 1955 triumphus
799 1908 826 1945 is
846 1906 894 1944 est
910 1935 919 1950 ‚
949 1919 1062 1956 quem
1085 1906 1257 1944 Tiberius
1276 1906 1320 1943 de

277 1957 432 2008 Illyricis
459 1960 532 2006 egit
558 1971 564 1995 :
605 1959 705 2007 cujus
728 1958 871 1995 mentio
900 1957 938 1995 fit
968 1960 1003 1995 in
1031 1957 1091 1995 lib.
1120 1957 1321 1994 <le-Ponto

278 2022 318 2047 α..
348 2010 451 2058 Eieg.
472 2021 497 2046 1.
526 2010 563 2047 δὲ
592 2021 638 2046 n.
687 2011 722 2046 ὃ(
752 2010 862 2047 tertio
898 2008 998 2056 Eieg.
1036 2019 1091 2045 iv.
1128 2007 1240 2056 idque
1270 2007 1328 2044 vel

284 2071 332 2099 ex
351 2071 397 2097 eo
429 2070 567 2099 certum
589 2088 600 2104 ‚
638 2059 739 2109 quod
769 2060 828 2097 lib.
847 2071 880 2096 2.
913 2059 1015 2108 Eleg.
1035 2071 1078 2095 ii.
1108 2059 1157 2096 ait
1172 2086 1188 2102 „
1225 2058 1330 2095 Adde

282 2111 516 2160 triumphatos
534 2111 630 2148 modo
647 2118 816 2157 Paeonas,
845 2110 934 2148 adde
950 2109 1057 2162 quieti
1077 2108 1222 2148 subdit-z
1233 2122 1334 2156 mon:

279 2170 394 2200 ,tanae
416 2163 556 2199 brachia
584 2163 798 2206 Dalmatiae.
841 2162 990 2201 Tertius
1020 2172 1142 2201 autem
1168 2164 1237 2208 est,
1265 2162 1329 2214 qui

287 2225 372 2250 cuin
398 2213 418 2250 a
453 2214 610 2250 Tiberio
634 2242 643 2257 ‚
675 2216 773 2251 -vivo
804 2213 969 2261 Augusto
995 2241 1005 2257 ,
1046 2223 1086 2251 ut
1114 2215 1228 2252 Poeta
1252 2214 1327 2264 spe-

286 2273 406 2308 rarat,
432 2263 477 2301 de
508 2265 701 2302 Germanis
728 2265 783 2313 agi
813 2263 987 2301 debuiffet
1007 2293 1017 2309 ,
1046 2274 1106 2302 aut
1129 2267 1238 2304 etiam
1255 2294 1264 2310 ,
1290 2273 1330 2304 ut

285 2314 359 2362 ipse
380 2316 450 2358 ait,
481 2315 670 2363 portarier,
699 2314 861 2353 extr-aeto
884 2315 1000 2359 bello,
1030 2315 1236 2354 &Tiberio
1251 2318 1327 2354 Ro-

287 2375 389 2402 mam
412 2366 556 2403 reverso
578 2392 587 2408 ‚
625 2364 644 2402 a
668 2367 892 2403 Germanico
916 2393 926 2410 ,
963 2367 1025 2415 qui
1054 2367 1089 2404 in
1109 2366 1252 2404 Tiberii
1274 2368 1330 2404 lo·

290 2427 377 2452 cum
400 2443 411 2460 ‚
449 2416 492 2453 ab
525 2417 691 2465 Augusto
718 2417 835 2454 adbuc
851 2418 937 2453 vivo
954 2444 963 2460 ‚
987 2416 1046 2454 sed
1069 2418 1181 2454 morti
1206 2427 1330 2455 tamen

287 2467 466 2514 proximo
480 2494 488 2508 ,
515 2466 720 2514 legionibus
741 2467 829 2504 06³0
857 2467 952 2514 apud
973 2468 1144 2505 Rhenum
1161 2496 1170 2511 ‚
1200 2477 1238 2505 ut
1257 2469 1333 2505 Ta-

291 2517 384 2553 citus
403 2527 508 2555 autor
528 2517 576 2554 est
600 2545 610 2560 ,
647 2517 838 2566 impositus
869 2519 1007 2562 fuerat,
1034 2519 1182 2556 tandem
1204 2524 1343 2566 quarto·

291 2565 559 2605 Tiberii.anno
591 2567 690 2606 aetus
720 2568 767 2605 est
791 2582 799 2605 :
838 2579 914 2617 quo
935 2577 1104 2617 tempore
1128 2569 1241 2607 Poeta
1258 2571 1337 2617 jam

294 2627 464 2656 mortuus
489 2617 591 2656 fuiffe
612 2618 779 2663 videtur,
806 2619 942 2667 quippe
963 2631 1046 2656 cum
1076 2621 1181 2668 hujus
1212 2628 1340 2657 triuiii-

294 2667 358 2714 phi
383 2680 458 2706 non
487 2670 587 2707 aliter
616 2682 726 2718 quam
751 2671 981 2707 vaticinantis
1012 2670 1127 2707 modo
1158 2672 1341 2707 memine-

295 2719 367 2761 rit,
395 2720 637 2765 praedicendo
663 2720 795 2758 scilicet
819 2721 1067 2764 Germanico,
1097 2721 1228 2757 eodem
1257 2732 1337 2757 mo-

301 2767 353 2805 do
376 2769 491 2816 ipsum
516 2770 560 2808 de
594 2771 787 2809 Germanis
806 2772 1111 2817 triumphaturum
1130 2799 1138 2814 ,
1167 2781 1206 2808 ut
1225 2771 1341 2808 Tibe-

299 2819 374 2856 1ius
396 2819 440 2856 de
461 2820 640 2859 Dalmatis
661 2823 697 2859 ὅ(
718 2821 870 2871 Illyricis
899 2821 1156 2870 triiimpliaslet.
1211 2823 1343 2869 Quan-

307 2880 421 2918 quam
443 2870 539 2907 idem
573 2872 775 2920 triumphus
797 2872 1022 2909 Germanico
1040 2899 1049 2915 ,
1089 2873 1238 2909 biennio
1266 2872 1341 2909 fere

298 2927 386 2956 ante
411 2931 519 2967 quam
541 2921 638 2958 aetus
659 2923 706 2959 est
721 2951 730 2967 ,
759 2923 924 2960 decretus
945 2921 964 2958 a
994 2923 1115 2959 senatu
1137 2923 1265 2964 fuerit,
1288 2923 1339 2959 vi-

299 2968 434 3007 delicet
466 2969 561 3007 Coff.
591 2971 708 3009 Druso
750 2975 785 3009 ὅς
818 2974 860 3009 C.
895 2973 1103 3009 Norbano:
1143 2985 1225 3010 curn
1258 2972 1341 3016 ille,

301 3018 402 3057 Coff.
426 3019 467 3056 L.
501 3022 710 3068 Pomponio
734 3050 742 3065 ,
792 3034 900 3070 quem
931 3025 1042 3059 'eoem
1073 3023 1243 3060 Graecini
1274 3025 1343 3059 fra-

300 3077 396 3108 trem
420 3071 509 3107 infra
537 3070 654 3108 dicei-e
686 3074 829 3109 videtur
851 3100 861 3115 ,
900 3076 933 3109 ἐς
969 3073 1011 3109 C.
1032 3074 1181 3118 Caelio,
1209 3074 1282 3111 sive
1304 3083 1342 3111 ut

239 3151 244 3154 .
297 3122 345 3157 ali
376 3149 386 3163 ,
419 3121 610 3164 Caecilio,
637 3123 784 3160 tandem
817 3123 1059 3168 triuznpliatit.
1117 3125 1214 3162 Inter
1249 3136 1340 3172 quos

298 3171 399 3209 Coff.
423 3172 458 3207 δι
481 3172 677 3219 superiores
699 3200 708 3214 ‚
749 3172 895 3210 Sisenna
924 3173 1081 3210 Statilius
1103 3176 1137 3210 ὅ(
1174 3177 1217 3213 L,
1243 3175 1337 3212 Libo

291 3220 590 3264 interce¹i’:runt‚
618 3231 745 3258 autore
765 3223 918 3260 Tacito.
949 3223 1052 3259 Haec
1078 3225 1260 3262 verbofius
1274 3226 1330 3263 ali·

282 3280 424 3324 q‘uanto
442 3275 499 3312 ni:
517 3271 660 3320 addidi,
689 3281 727 3310 ut
754 3284 829 3311 uno
863 3274 949 3327 loco
973 3282 1091 3312 totam
1117 3287 1194 3314 iem
1222 3276 1337 3324 absol·-

1368 1450 1442 1487 hoc
1464 1448 1538 1492 estJ
1567 1448 1705 1486 domita
1739 1447 1808 1486 ess-c
1827 1479 1836 1492 ‚
1865 1451 1964 1486 κατ-Ξ
1986 1453 2277 1493 πρωωποποιίκν.
2323 1454 2412 1493 Cae.

1371 1500 1460 1537 sares
1490 1509 1611 1536 autem
1637 1527 1646 1543 ‚
1695 1499 1898 1548 Augustum
1934 1501 1972 1537 ὅτ
2014 1501 2208 1540 Tiberium
2243 1503 2412 1555 intellige.

1375 1552 1599 1599 Quanquam
1634 1552 1670 1587 ὅ(
1701 1551 1948 1588 Germanicus
1979 1551 2106 1589 iisdem
2142 1554 2216 1591 fere
2237 1552 2423 1604 tempori-3

1376 1601 1440 1639 bus
1461 1601 1498 1638 in
1522 1601 1699 1637 familiam
1722 1601 1914 1638 Caesarum
1950 1601 2077 1640 ascitus
2110 1603 2179 1641 fuit
2202 1632 2211 1647 ‚
2241 1616 2304 1653 per
2325 1606 2432 1645 ado-⁹>

1377 1653 1544 1700 ptionem
1567 1651 1730 1694 Tiberii,
1751 1651 1845 1699 jussu
1869 1652 2033 1700 Augusti.
2062 1654 2239 1692 Micrri..

1430 1715 1460 1740 1.
1488 1708 1573 1739 Fera
1593 1702 1826 1751 Germania]
1875 1703 1932 1740 Sic
1951 1703 2011 1740 lib.
2037 1716 2093 1742 11.
2119 1704 2165 1742 de
2188 1705 2312 1745 Ponto
2333 1674 2431 1756 Ele-5⁷

1402 1765 1433 1791 ia
1459 1765 1539 1790 1ix.

1376 1765 1398 1802 g
1427 1803 1479 1840 Sic
1490 1804 1572 1850 fera
1595 1817 1700 1854 quam
1719 1805 1872 1854 primum
1889 1804 2018 1852 pavido
2040 1808 2231 1844 Germania
2253 1807 2360 1846 vultu
2404 1807 2429 1845 'i

1479 1859 1576 1891 Ante
1598 1855 1854 1904 triumphantes
1867 1857 1975 1904 serva
1991 1857 2132 1902 seratur
2152 1871 2261 1908 equos.

1378 1919 1426 1958 Et
1445 1919 1618 1956 Manilius
1639 1919 1732 1957 libro
1757 1921 1898 1968 primo:

1434 1993 1620 2024 Extremas
1642 1990 1741 2026 modo
1759 2001 1816 2039 per
1830 2004 1944 2041 gentes
1968 2004 2008 2031 ut
2021 1999 2078 2042 fce
2087 1996 2155 2033 {ere
2174 2005 2273 2047 rupto

1435 2045 1527 2076 Cum
1542 2041 1623 2085 sera
1646 2041 1819 2078 duciorem
1840 2045 1955 2093 rapuit
1980 2048 2170 2085 Germania
2192 2050 2336 2088 Varum.

1386 2091 1424 2129 ὅ(
1442 2089 1581 2127 Horat.
1603 2091 1638 2127 in
1657 2090 1778 2140 Epod.
1800 2093 1873 2132 ode
1891 2107 1971 2133 xvi.

1385 2204 1417 2242 C
1441 2159 1511 2191 Nec
1525 2154 1606 2201 fera
1629 2154 1783 2194 caerulea
1796 2154 1930 2196 domuit
1951 2161 2142 2198 Germania
2155 2160 2254 2211 pube.

1421 2217 1554 2244 IOFAN.
1932 2218 1936 2219 ⁷

1438 2270 1473 2296 2.
1502 2258 1598 2294 Vitia
1622 2258 1765 2308 potest]
1821 2266 1916 2298 Potes
1949 2260 2154 2311 Hamburg.
2186 2262 2224 2300 &
2251 2269 2326 2301 tres
2357 2252 2445 2302 aiiij*

1388 2310 1534 2347 Heius.
1563 2309 1784 2348 Praeferrem
1805 2312 1912 2349 etiam
1937 2325 2020 2350 cum
2043 2314 2208 2362 quinque
2229 2313 2428 2358 codicibus,

1382 2359 1597 2410 procubuiffe.
1624 2368 1662 2398 ut
1686 2361 1847 2409 respiciat
1877 2364 1920 2399 ad
1943 2363 2106 2400 habitum
2123 2390 2133 2406 ,
2162 2374 2239 2412 quo
2270 2364 2355 2401 vieti
2377 2375 2431 2401 re-

1389 2423 1450 2459 ges
1464 2412 1499 2448 ὃ(
1514 2419 1639 2459 gentes
1652 2412 1686 2447 in
1703 2414 1864 2449 nummis
1885 2413 1983 2450 flexo
1995 2425 2092 2462 genu
2114 2413 2429 2462 procumbunt.fic

1390 2464 1427 2498 in
1448 2462 1611 2499 nummis
1632 2461 1844 2499 Domitiani
1859 2464 2057 2501 Germania
2074 2491 2085 2509 ,
2106 2464 2142 2502 δε
2156 2464 2329 2502 Sarmatia
2350 2474 2431 2512 pro·

1395 2512 1534 2549 cumbit
1555 2539 1566 2556 ‚
1609 2513 1796 2560 porrigens
1823 2513 1881 2551 illa
1909 2514 2048 2552 scutum
2074 2542 2086 2557 ,
2112 2515 2205 2552 haec
2223 2514 2332 2563 signa.
2359 2513 2431 2552 vid.

1395 2562 1491 2599 Tab.
1514 2562 1638 2600 Arsch.
1658 2575 1761 2599 xxxx.
1786 2575 1838 2601 12.
1875 2565 1914 2602 ὃ(
1940 2577 1992 2610 14.
2013 2565 2050 2602 ὅτ
2069 2565 2220 2602 Parthus
2240 2565 2336 2615 figna
2354 2563 2432 2602 red-

1394 2612 1482 2650 dens
1510 2612 1607 2649 flexo
1637 2624 1735 2660 genu
1759 2613 1848 2651 ibid.
1870 2614 1968 2652 Tab.
1997 2627 2085 2653 xiii.
2114 2627 2152 2653 n.
2185 2627 2242 2654 11.
2283 2625 2436 2665 procum·
2460 2638 2467 2648 ·

1393 2662 1467 2699 bere
1496 2674 1585 2699 vero
1616 2663 1768 2701 verbum
1797 2664 2015 2714 supplicum.
2060 2674 2099 2704 ut
2121 2677 2167 2704 11.
2197 2678 2242 2704 ex
2271 2667 2379 2704 Pont.
2400 2676 2450 2704 2.-

1448 2741 1519 2771 Nec
1542 2734 1621 2772 licet
1641 2746 1723 2773 ante
1746 2736 1827 2786 ipsos
1843 2737 2048 2788 procubuiffe
2071 2743 2170 2776 Deos.

1397 2799 1474 2850 yid.
1499 2799 1606 2848 Epist.
1622 2813 1673 2838 ix.
1693 2802 1835 2841 8z.xi1.
1870 2803 1995 2841 186.1.
2016 2805 2113 2841 Met.
2131 2802 2364 2850 187.&alibi.
2385 2803 2435 2842 ita

1397 2857 1433 2886 ln
1453 2850 1517 2888 alia
1541 2863 1576 2888 te
1599 2852 1753 2891 eandem
1777 2855 1814 2891 iii
1839 2855 1894 2892 his
1917 2854 2034 2892 verbis
2056 2855 2270 2892 varietatem
2293 2854 2436 2897 notavi-⁴

1399 2912 1480 2938 mus
1502 2901 1559 2939 libv
1575 2914 1637 2939 111.
1658 2903 1767 2941 Trist.
1787 2916 1839 2942 iv.
1863 2916 1898 2941 2.
1920 2904 2117 2954 supposuisse
2137 2905 2258 2942 Vatic.
2285 2904 2413 2943 Eunu.

1451 2963 1482 2999 3.
1511 2952 1670 3001 Altaque
1691 2954 1892 3004 velantur.]
1925 2956 2084 2992 i'elentur
2099 2983 2108 2999 ,
2137 2956 2173 2992 &
2189 2967 2276 2993 mox
2291 2982 2301 2998 ,
2323 2956 2438 3000 sonent

1399 3002 1435 3038 &
1459 3001 1684 3053 inficiantque
1703 3005 1873 3043 meliores
1903 3005 2034 3054 scripti.
2070 3006 2215 3043 l-lmss.
2256 3004 2439 3049 Vallatum·⁴

1394 3051 1502 3089 Polit.
1521 3054 1558 3089 δε
1582 3053 1712 3092 ΥοΠῐί.

1450 3140 1482 3173 5.
1510 3126 1742 3176 Candidaque
1763 3127 1918 3164 addam
1947 3125 2071 3162 collum
2092 3128 2237 3177 percuffa
2250 3126 2362 3177 ficari
2384 3125 2439 3164 Vt'i

1393 3175 1500 3213 Rima
1525 3186 1690 3225 purpureo
1705 3179 1878 3226 sanguine
1900 3176 2003 3225 tingit
2029 3177 2234 3228 humum.].
2265 3180 2369 3216 Haec
2390 3175 2439 3214 est

1396 3239 1480 3264 vera
1503 3228 1536 3264 ὅ(
1563 3239 1735 3274 gerznana
1755 3227 1890 3270 iestis),
1920 3239 2029 3275 quam
2054 3229 2091 3264 ὃς
2113 3237 2254 3268 veteres
2270 3228 2370 3272 libri.
2398 3227 2437 3265 &

1394 3276 1514 3316 excusi
1536 3276 1685 3326 quidam
1710 3278 1856 3319 habent.
1880 3278 1942 3317 lib.
1969 3290 1998 3316 1.
2018 3277 2104 3317 Fast.
2370 3325 2423 3364 ‘H-

1967 3347 1971 3351 ·
2337 3332 2375 3366 Vt
2408 3339 2440 3364 t-

2487 1447 2491 1523 ἱ
