2495 3675
229 179 330 250 386
733 173 1284 234 P.OVIDII

1358 171 1889 232 NASONIS

672 282 970 339 Uaerebam
997 281 1182 335 Nonas
1207 279 1380 334 Sanco
1403 276 1634 332 Fidione
1657 277 1943 346 referrem,

746 358 834 410 An
863 354 986 417 tibi,
1025 354 1188 407 Semo
1213 367 1390 422 pater:
1427 367 1553 405 cum
1578 348 1708 403 mihi
1734 350 1932 405 Sancus
1959 354 2061 409 ait:

388 448 487 499 215
525 431 868 501 Cuicumque
892 445 960 481 ex
988 426 1085 480 illis
1113 425 1355 486 dederis3
1397 435 1500 495 ego
1525 439 1717 477 munus
1741 423 1965 479 habebo,

608 503 844 560 Nomina
870 500 1005 554 trina
1029 499 1170 554 fero:
1216 499 1284 553 fic
1314 500 1533 553 voluere
1559 495 1746 551 CureS.

291 728 378 766 213.
405 716 626 764 Quaerebam
661 723 778 753 Nonas
817 714 965 757 sancio,
1015 710 1155 748 Fidione
1187 711 1292 756 reser-

242 769 355 817 rem.]
414 768 456 806 In
477 770 625 815 optimo
645 768 706 805 lib.
728 766 850 803 Varie.
875 763 956 801 Urs.
983 763 1150 811 itemque
1174 761 1289 800 altero

242 818 430 858 contracte
449 818 618 866 scriptum
643 818 690 855 est
704 847 712 861 ‚
744 832 759 854 s
774 817 864 855 c*'0.
904 816 959 852 Ex
977 825 1055 863 quo
1073 813 1223 870 postea,
1250 821 1290 870 ut

241 879 354 920 puto,
383 869 520 906 factum
543 869 592 906 est
618 871 762 906 saneto:
792 865 991 915 quomodo
1011 865 1141 920 legitur
1160 876 1196 920 in
1216 863 1291 902 aliis

244 930 334 959 vett.
362 920 402 957 In
423 919 495 957 alio
518 928 644 957 tamen
663 920 726 957 lib.
746 919 873 957 litteris
894 914 1184 965 Loiigobardicis
1205 926 1291 952 exa-

238 980 343 1016 rato,
372 982 483 1019 quein
515 970 661 1009 Fulvius
692 969 844 1008 Ursinus
873 976 1007 1019 quarto
1037 966 1169 1004 abhinc
1191 977 1291 1004 anno

239 1024 332 1061 mihi
353 1021 532 1066 ostendit,
555 1022 740 1071 perspicue
762 1021 932 1068 scriptum
960 1019 1009 1057 est
1033 1025 1149 1055 Sanco.
1180 1017 1292 1054 Utra-

240 1085 314 1123 que
336 1073 507 1121 scriptura
527 1085 572 1110 ex
591 1074 772 1111 veteribus
795 1069 1088 1119 inscriptionibus
1113 1080 1290 1116 compro-

240 1125 356 1162 batur.
385 1126 472 1172 Qua
496 1123 541 1161 de
564 1136 600 1161 re
623 1122 865 1162 consulendus
885 1121 935 1159 est
952 1120 1118 1170 ejusdem
1142 1118 1288 1164 Ursini,

238 1187 354 1224 quem
389 1175 435 1213 de
469 1174 629 1213 Familiis
661 1176 924 1212 Romanorum
952 1170 1148 1220 inscripsit,
1176 1170 1287 1214 liber;

238 1227 330 1265 item
364 1226 452 1264 Aldi
487 1226 647 1276 junioris
673 1226 763 1263 liber
781 1225 826 1263 de
850 1222 1034 1273 Quaesitis
1056 1234 1119 1270 pcr
1142 1221 1288 1278 Episto-

237 1277 325 1316 lam.
354 1277 524 1315 CioFAN.
573 1277 672 1315 Vide
703 1289 798 1326 quae
828 1275 874 1314 de
903 1273 1038 1312 Sancto
1069 1273 1290 1329 Sabinorum

238 1328 328 1366 Deo
344 1357 353 1371 ‚
383 1341 495 1377 quem
514 1334 665 1378 Sangam
685 1328 743 1366 alii
756 1356 766 1372 ,
793 1327 853 1365 alii
874 1327 1039 1363 Sanctam
1053 1331 1189 1361 voc-ant
1205 1323 1295 1366 ,Li-

239 1379 307 1417 lius
329 1379 510 1428 Gyraldus
524 1387 691 1417 accurate
707 1379 864 1416 notavit.
891 1379 1015 1424 Quem
1032 1374 1193 1430 eundem
1206 1385 1292 1430 curn

240 1430 406 1469 Hercule
429 1430 570 1468 volunt.
598 1432 726 1479 Quem
751 1431 790 1467 ὃς
815 1430 936 1470 [Ii-710⁹
954 1428 1048 1471 ,hoc
1070 1425 1119 1464 est
1133 1425 1294 1472 Fidium,

241 1482 437 1520 vocabant.
466 1482 614 1520 Notum
635 1481 684 1519 est
701 1481 790 1519 illud
812 1479 910 1519 Silii:

472 1573 516 1603 (9’
534 1562 618 1600 laeti
635 1571 718 1612 pars
735 1561 902 1598 Sanctum
924 1572 1006 1597 voce
1024 1557 1218 1604 canebant,

292 1618 469 1651 Autorem
487 1615 622 1663 gentis:
650 1623 732 1659 pars
757 1612 876 1649 laudes
895 1624 948 1648 ore
960 1609 1123 1658 ferebant
1137 1638 1149 1655 ,

293 1663 378 1701 Sabe
394 1693 404 1709 ‚
420 1676 510 1703 tuas.
546 1665 607 1714 qui
626 1665 666 1701 de
683 1664 796 1714 patrio
816 1662 1010 1712 cognomine
1024 1661 1158 1711 primus

292 1715 427 1763 Dixisti
440 1716 574 1765 populos
593 1728 722 1765 magna
744 1714 877 1752 ratione
896 1711 1049 1751 Sabinos.

241 1789 308 1839 qui
331 1790 447 1829 Lilius
467 1792 645 1829 hocloco
666 1794 789 1829 sancio
807 1791 907 1839 legit.
936 1790 996 1827 De
1026 1789 1145 1828 Sanco
1169 1789 1292 1828 Festus

243 1840 435 1879 videndus.
463 1843 568 1880 DAN.
599 1843 745 1880 Hems.
783 1843 859 1880 Hic
879 1842 980 1880 Deus
1002 1842 1197 1890 praecipue
1217 1841 1293 1879 cul-

244 1899 301 1929 tus
324 1891 343 1929 ᾗ
377 1893 536 1931 Sabinis:
581 1894 620 1931 ὃς
653 1894 771 1931 Fidius
792 1921 802 1939 ,
840 1893 878 1931 ὃ(
903 1892 1034 1935 Sabus,
1059 1893 1097 1930 δε
1124 1894 1295 1938 Sanctus,

245 1943 284 1979 δε
307 1945 493 1992 semipater
513 1953 676 1983 vocatus.
707 1944 777 1983 Sed
798 1953 889 1993 puto
911 1943 1092 1981 diversum
1121 1943 1295 1982 Sanftum

245 1991 267 2029 a
290 1994 406 2037 Sabo;
437 2007 481 2033 ex
505 2007 581 2044 quo
603 1996 753 2034 Sabinos
774 2007 915 2033 nomen
938 1992 1114 2043 accepiffe
1142 1996 1199 2032 M.
1225 1995 1298 2033 Ca·

245 2051 288 2081 to
311 2046 348 2082 in
372 2046 585 2095 Originibus
604 2047 713 2085 tradit
735 2048 789 2085 his
811 2047 928 2084 verbis
949 2059 958 2083 :
999 2051 1134 2082 Nomen
1155 2045 1212 2094 effi
1229 2046 1298 2083 im·

241 2093 387 2143 pofitum
406 2112 447 2134 ex
466 2097 549 2134 Sabo
573 2097 665 2135 Divi
682 2098 783 2135 Sanci
803 2097 951 2134 Gentilis
967 2095 1054 2144 filio.
1085 2097 1190 2135 [dem
1203 2108 1301 2147 quo-

247 2157 321 2194 que
342 2146 445 2187 Silius
464 2150 617 2187 innuere
639 2149 829 2187 videturin
851 2160 942 2185 vni.
964 2159 1050 2195 422.

299 2210 405 2248 Ibant
424 2224 467 2252 c9·
487 2211 590 2251 laeti:
616 2223 697 2263 pars
715 2216 882 2251 sanctam
906 2227 987 2250 voce
1016 2213 1191 2251 canebant

299 2265 491 2301 Auderem
507 2265 638 2313 genti53
661 2279 745 2316 pars
764 2265 882 2302 laudes
904 2279 958 2302 ore
968 2265 1158 2312 ferebant,

2119 591 2137 613 s
2228 573 2398 635 Hunc

1399 708 1503 752 Sabe,
1533 718 1633 747 tuas:
1663 708 1724 760 qui
1742 709 1782 746 de
1799 708 1914 759 patrio
1937 709 2133 758 cognomine
2151 711 2285 762 primus

1398 759 1532 797 Dixisti
1550 760 1684 809 populos
1702 761 1835 809 magnai
1856 761 1988 798 ditione
2015 761 2168 800 Sabinos.

1347 810 1406 848 Sic
1428 811 1515 858 legit
1537 812 1575 849 δε
1600 813 1685 849 citat
1706 811 1773 849 hos
1792 811 1989 849 versiculos
2012 813 2128 851 Aldus
2152 815 2340 855 Manutius
2358 819 2397 858 in

1347 861 1543 909 Quaesitis.
1596 862 1667 900 Sed
1698 862 1846 900 mallem
1878 862 1927 900 ibi
1956 874 2035 900 non
2065 864 2106 900 de
2120 866 2235 912 patrio
2253 866 2397 915 legere,

1345 912 1406 950 sed
1425 912 1466 949 de
1488 911 1629 962 proprio.
1686 912 1900 961 Quomodo
1932 915 2034 952 enim
2065 915 2111 953 de
2140 916 2263 954 Sancti
2294 919 2399 966 patris
2438 952 2443 956 .

1347 965 1504 1002 nomine
1523 963 1614 1002 dixit
1649 963 1802 1002 Sabinos
1833 964 1967 1009 Sabus,
1993 977 2035 1002 ac
2060 977 2139 1003 non
2168 967 2215 1004 de
2247 968 2311 1005 suo
2332 981 2401 1018 po-

1346 1015 1438 1060 tius,
1467 1026 1552 1052 cum
1572 1015 1646 1053 hoc
1666 1015 1786 1053 Sabini
1805 1025 1962 1064 etymon
1985 1016 2122 1066 flagitet
2141 1016 2156 1054 ?
2188 1019 2298 1057 Mens
2317 1019 2400 1061 sane

1346 1070 1483 1114 poetae
1502 1066 1594 1109 fuit,
1624 1073 1663 1103 ut
1684 1066 1926 1110 existimaret,
1944 1065 2112 1106 aSaneto
2132 1070 2315 1118 originem
2339 1071 2400 1110 Sa.

1346 1117 1477 1162 binos,
1505 1116 1566 1154 sed
1585 1116 1604 1154 a
1628 1116 1723 1155 Sabo
1754 1129 1897 1156 nomen
1924 1118 2067 1156 traxiffe
2087 1131 2096 1156 t
2125 1120 2275 1159 Sanetus
2296 1123 2399 1163 enim

1346 1169 1417 1206 fuit
1436 1169 1574 1217 primus
1594 1168 1812 1207 Sabinorum
1839 1170 1919 1206 Rex
1933 1198 1944 1214 ‚
1974 1169 1999 1207 fi
2017 1170 2226 1219 Augustino
2238 1172 2327 1212 fides
2338 1175 2402 1214 ad-

1346 1217 1506 1256 hibenda
1528 1219 1590 1256 lib.
1612 1231 1728 1258 xvnx.
1754 1219 1799 1258 de
1821 1219 1983 1258 Civitate
2006 1221 2103 1260 Dei:
2142 1223 2263 1260 Sabini
2280 1231 2402 1275 Regem

1338 1269 1448 1318 suum
1468 1270 1624 1318 primum
1648 1276 1823 1316 Sancum,
1843 1272 1930 1320 seu,
1957 1282 1997 1309 ut
2018 1272 2104 1318 alii,
2134 1276 2324 1321 Sanc‘lum,
2350 1291 2403 1315 re-

1349 1320 1507 1357 tulerunt
1535 1321 1574 1358 in
1602 1326 1701 1358 Deos.
1748 1321 1796 1360 fic
1837 1322 2037 1372 legendum
2062 1353 2073 1370 ,
2116 1336 2195 1363 non
2230 1337 2402 1377 corrupte

1349 1371 1537 1408 Xanthum
1555 1399 1565 1415 ,
1591 1372 1650 1409 vel
1679 1372 1892 1411 Xanthiam.
1932 1375 2080 1413 Relatus
2108 1387 2197 1425 ergo
2228 1378 2263 1415 in
2294 1378 2403 1418 Deo-

1349 1433 1431 1461 rum
1457 1422 1641 1470 synodum
1673 1421 1694 1460 ὲ
1726 1423 1886 1468 Sabinis,
1914 1423 1994 1462 imo
2013 1425 2034 1463 a
2062 1427 2254 1466 Romanis.
2294 1430 2404 1476 Justi-

1348 1485 1416 1511 nus
1436 1473 1581 1523 Martyr
1598 1474 1725 1512 locum
1747 1475 1786 1512 in
1797 1474 1901 1513 Urbe
1928 1475 2114 1526 designat,
2139 1478 2201 1516 ubi
2221 1479 2270 1518 illi
2288 1480 2404 1522 statua

1352 1523 1472 1562 erecta
1488 1553 1497 1568 ‚
1528 1536 1613 1563 cum
1635 1525 1870 1575 inscriptione
1892 1526 1931 1564 δε
1950 1528 2060 1566 titulo
2078 1529 2196 1566 saneti
2217 1530 2294 1569 Dei.
2324 1533 2404 1582 ejus

1356 1575 1468 1613 verba
1494 1574 1574 1613 sunt
1594 1577 1631 1613 in
1649 1576 1810 1615 secundo
1826 1589 1895 1625 pro
1917 1577 2124 1617 Christianis
2141 1579 2406 1630 Aooiogetico:

1345 1625 1408 1668 '⁸05
1427 1629 1476 1666 ἐπὶ
1498 1627 1650 1667 Κλειυὸίε
1670 1632 1840 1680 Καίσαρος
1859 1627 1930 1682 ,Ἄζρὶ
1961 1631 1989 1669 ¹¹5
2018 1631 2048 1671 ff
2066 1628 2259 1685 α’νεξγέντωι
2280 1632 2404 1686 &ocupab-

1350 1701 1403 1722 νων
1422 1685 1540 1733 τέχνης
1559 1681 1724 1734 ὃνμοίμεις
1744 1684 1881 1725 ποιήσοις
1901 1684 2060 1735 μειγικοὶς
2080 1686 2117 1725 εἶν
2142 1689 2185 1740 τῇ
2214 1689 2298 1733 nini
2315 1691 2405 1741 υζιιῶ

1348 1737 1498 1784 βασιλίδι
1521 1736 1654 1792 Ῥώμῃ,
1693 1742 1773 1782 Θεὸς
1805 1738 1970 1790 ἐνομίσθη
1990 1772 1997 1782 ,
2039 1744 2098 1789 qq)
2129 1740 2304 1790 oc’iaebbcoc'im
2327 1745 2405 1798 παρ’

1350 1795 1441 1843 aaa»
1459 1795 1498 1834 ὣς
1516 1796 1596 1837 Θεὸς
1617 1795 1777 1848 rerc'pan·
1801 1794 1832 1836 ’ὃς
1854 1793 1993 1843 οἷνὲμοὶς
2012 1794 2200 1853 οἷνεγνῖγεῶ
2222 1797 2260 1836 οἷν
2280 1803 2328 1850 τξέ
2348 1803 2406 1841 Τί.

1352 1847 1431 1901 Cep&
1451 1852 1621 1900 ποταμῷ,
1651 1849 1785 1900 μετοιξδ
1801 1851 1831 1890 ss
1852 1849 1907 1889 ὂῖἷο
1926 1856 2070 1903 γεφυρῶν
2088 1852 2172 1902 ’ἔχων
2201 1853 2406 1907 ἔπιγρθιφᾶδ

1350 1902 1545 1956 Ῥωμαῖκῶ)
1580 1903 1738 1958 ταύτὴν,
1788 1905 1978 1944 SlMONI
2014 1907 2128 1945 DEO
2168 1909 2406 1951 SANCTU-

1351 1959 1430 1998 Ubi
1448 1960 1580 1996 Simoni
1598 1961 1722 1999 nescio
1739 1962 1940 2011 quomodo
1968 1965 2142 2012 scriptum
2167 1978 2234 2015 pro
2255 1971 2405 2010 Semoni.
2445 1960 2450 1964 ”

1353 2010 1607 2049 Tertullianus
1639 2023 1793 2061 quoque
1831 2013 1947 2052 fimile
1985 2016 2166 2055 mendum
2194 2018 2305 2057 habet
2326 2048 2337 2064 ,
2380 2021 2408 2060 fi

1354 2061 1535 2099 mendum
1554 2062 1680 2099 vocari
1704 2065 1844 2111 potest,
1873 2066 1912 2103 in
1931 2066 2210 2116 Apologetico:
2239 2075 2332 2106 Cum
2353 2073 2407 2109 Si-

1354 2126 1490 2150 monem
1513 2125 1656 2161 magum
1673 2114 1800 2160 statud
1822 2116 2100 2166 &inscriptione
2117 2119 2236 2155 sancii
2259 2119 2329 2156 Dei
2348 2122 2406 2158 in-

1353 2163 1546 2220 augaratis.
1583 2175 1672 2201 nam
1703 2166 1728 2201 l.
1756 2178 1824 2214 pro
1853 2168 1896 2205 E.
1922 2167 2026 2216 saepe
2044 2169 2082 2205 in
2114 2168 2406 2217 inscriptionibus

1351 2215 1510 2263 antiquis
1531 2213 1755 2262 usurpatum.
1784 2217 1856 2254 Sed
1875 2218 1953 2256 fere
1976 2218 2111 2256 Semoni
2133 2220 2172 2257 in
2192 2222 2408 2269 pervetustis

1351 2265 1509 2303 memini
1526 2263 1673 2313 legiffe;
1702 2274 1743 2304 ut
1759 2267 1797 2304 in
1815 2268 1906 2306 hac:

373 2365 591 2405 SANGO
621 2342 887 2406 SANCTO
918 2366 1165 2404 SEMONI
1195 2365 1327 2405 DEO
1357 2366 1543 2405 FIDIO
1574 2367 1847 2406 SACRVM

378 2441 459 2480 DE
488 2442 691 2481 CVRIA
719 2440 1173 2480 SACERDOTVM
1202 2437 1684 2478 BIDENTALIVM

570 2514 1012 2553 RECIPERATIS
1044 2509 1552 2553 VECTIGALIBVS.

254 2588 291 2625 ὅτ
320 2587 356 2625 in
384 2583 465 2623 issa:
523 2585 775 2625 SEMONI
806 2587 1018 2627 SANCO
1046 2588 1179 2626 DEO
1209 2586 1394 2626 FIDIO
1426 2583 1693 2623 SACRVM
1721 2584 1963 2626 SEXTVS

249 2659 584 2696 POMPEIVS
614 2659 647 2697 S.
675 2660 714 2697 P.
742 2660 782 2697 F.
811 2661 956 2698 COL.
985 2659 1358 2700 MVSSIANVS
1388 2658 1955 2707 QVINQVENNALIS

251 2727 550 2770 DECVRIO
580 2732 988 2771 BIDENTALIS
1016 2733 1263 2771 DONVM
1290 2730 1512 2770 DEDIT.
1567 2732 1745 2771 Nmpor.

253 2829 376 2867 Scribe
397 2837 501 2868 Sanco
514 2862 523 2877 ‚
552 2835 589 2872 ὅ(
613 2839 740 2871 Sancus
757 2833 941 2883 ‚sequenti
958 2834 1060 2872 versu
1078 2863 1088 2878 ‚
1101 2847 1184 2872 cum
1200 2834 1297 2884 opti-

251 2891 319 2919 mo
339 2882 459 2919 Uriim
475 2883 566 2921 libro
589 2886 625 2921 &
646 2884 788 2923 duobus
802 2885 992 2923 Mediceis.
1021 2886 1094 2923 Adi
1115 2895 1298 2934 praeterea

255 2931 468 2979 Neapolim.
496 2934 569 2971 hoc
586 2935 675 2972 loco
690 2964 699 2979 ‚
720 2948 786 2984 pro
800 2942 893 2973 Semo
908 2946 1008 2984 pater
1021 2965 1031 2981 ,
1058 2937 1135 2974 libri
1160 2945 1299 2974 veteres

254 2982 481 3023 constanter,
498 2984 586 3019 Semi
604 2994 722 3031 pater,
736 2986 799 3022 nisi
821 2988 921 3035 quod
935 2988 970 3024 in
991 2988 1177 3026 nonnullis
1196 3000 1302 3025 men-

254 3032 342 3069 dose
357 3060 367 3075 ‚
386 3033 580 3081 semicaper
596 3043 656 3076 ,ut
677 3037 877 3076 Ennipater.
912 3039 1013 3075 Nil-iil
1035 3048 1141 3076 muto
1163 3048 1303 3077 tamen.

255 3083 355 3120 Nam
383 3083 485 3131 quod
510 3084 683 3131 Neapolis
703 3097 745 3121 ex
768 3087 921 3123 Reatina
944 3089 1177 3138 inscriptione
1197 3098 1303 3128 notat

255 3133 294 3171 ὃς
317 3133 363 3171 ad
386 3134 593 3172 Rostratum
616 3134 744 3172 Duillii
766 3137 987 3175 Ciacconius
1003 3165 1014 3182 ,

498 3234 621 3274 Semi
650 3236 820 3274 Parni
850 3236 1044 3285 ΞΑΝεο,

251 3313 346 3365 apud
365 3314 413 3355 G.
423 3322 564 3356 aterum
586 3328 664 3366 pag.
677 3328 778 3357 xcvi.
806 3317 970 3369 aliosque
991 3320 1225 3362 SEMOPATRI
1245 3322 1298 3363 le-

1352 2832 1459 2881 gitur.
1486 2831 1534 2870 fic
1555 2833 1590 2870 in
1615 2832 1777 2872 Sardinia
1796 2834 1900 2873 locus
1915 2860 1924 2876 ‚
1939 2834 2295 2885 (ιυῐΣσιρδοπ-άτκρος
2316 2843 2406 2889 ἱερὸν

1354 2883 1556 2921 Ptolomeo
1577 2884 1709 2922 dicitur
1725 2897 1763 2928 ,a
1785 2885 1898 2922 Sardo
1920 2884 2034 2924 heroe
2053 2889 2281 2932 nominatus.
2311 2895 2407 2945 apud
2426 2915 2429 2920 s
2488 2883 2493 2913 ³¹

1356 2935 1588 2983 Propertium
1608 2935 1670 2973 lib.
1701 2947 1754 2972 iv.
1776 2935 1879 2984 Eleg.
1899 2947 1937 2975 x.

1409 3008 1461 3044 Sic
1482 3014 1633 3044 Sancum
1658 3008 1780 3044 Tatiae
1803 3010 2006 3056 composuere
2025 3014 2144 3049 Cures.

1354 3081 1431 3118 quo
1454 3069 1540 3107 loco
1561 3069 1741 3108 videndus
1764 3070 1986 3111 Passeratius.
2026 3073 2064 3109 &
2086 3075 2184 3122 apud
2202 3075 2345 3115 Festum
2368 3077 2405 3116 in

1355 3120 1531 3157 Praedia:
1563 3126 1602 3156 In
1627 3121 1708 3157 aede
1736 3123 1838 3159 Sanci
1858 3151 1868 3168 ‚
1904 3124 1964 3171 qui
1993 3128 2086 3159 Dea.-
2111 3126 2229 3164 Fidius
2246 3137 2408 3178 putatur.

1356 3172 1486 3208 Livius
1510 3171 1568 3208 lib.
1587 3183 1677 3208 viii.
1702 3183 1779 3221 cap.
1809 3186 1869 3212 20.
1896 3180 2072 3210 Semonem
2103 3182 2258 3226 Sangam
2286 3187 2408 3218 vocat.

1355 3220 1416 3259 sed
1447 3221 1485 3258 &
1517 3221 1589 3258 illic
1609 3228 1738 3259 Sancus
1761 3223 1809 3261 est
1836 3224 2064 3263 scribendum
2089 3256 2100 3272 ‚
2132 3238 2170 3266 ut
2192 3230 2230 3265 ὅ(
2250 3231 2406 3275 Σάγκον,

1355 3283 1422 3320 pro
1433 3273 1620 3316 Σάγκτου,
1640 3274 1735 3321 apud
1749 3273 2059 3314 Halicarnasseuin
2074 3280 2112 3316 ὅς
2123 3279 2357 3318 Plutarchum
2369 3281 2408 3317 in

1353 3322 1593 3362 Problematis
1606 3324 1798 3364 Romanis.
1807 3336 2021 3377 quanquam
2035 3327 2259 3379 Augustinus
2270 3339 2411 3371 utrum-

2334 3389 2408 3429 que
