2495 3675
856 25 879 48 ‘-

377 152 940 218 EplsTOLARUM
979 152 1086 209 EX
1128 151 1413 211 PONTO.
1452 155 1573 216 Lm.
1614 160 1708 219 IV.
1747 160 1929 219 Emsr.
1966 162 2062 221 IX.

2219 162 2313 234 873

450 259 778 332 Multiplicat
808 272 984 311 tamen
1012 256 1153 309 hune
1182 259 1409 327 gravitas
1434 259 1661 316 aufioris
1686 263 1980 320 honorem:

530 333 599 386 Et
624 331 945 399 majestatem
974 346 1055 382 res
1079 327 1200 381 data
1226 331 1398 386 dantis
1423 332 1596 390 habet.

220 466 374 549 '70

445 405 668 476 Jud'iciis
694 405 854 475 igitur
881 403 1031 456 liceat
1061 400 1361 474 t‘laccoque
1387 405 1591 479 tibique

523 478 746 532 Talibus
777 474 998 544 Augusti
1022 486 1231 544 tempus
1257 476 1312 528 in
1338 494 1499 531 omne
1524 480 1643 535 frui.

449 551 526 606 Ut
553 565 732 604 tamen
758 550 784 602 a
809 563 990 602 rerum
1013 548 1140 600 curii
1167 548 1421 618 propiore
1450 553 1686 617 vacabit3

529 623 676 679 Vota
702 637 892 692 precor
915 620 1054 672 voris
1086 618 1271 674 addite
1299 621 1465 675 vestra
1489 627 1634 679 meis.

451 697 553 760 Et,
592 696 627 750 fi
653 710 819 765 quem—
840 691 986 746 dabit
1012 709 1133 745 aura
1158 691 1324 747 finum
1342 738 1354 756 ‚
1396 695 1567 751 laxate
1584 696 1879 766 .rudentes;

533 769 704 823 Exeat
732 767 762 820 ὲ
789 764 984 836 Stygiis
1010 777 1068 817 ut
1094 782 1210 818 mea
1233 767 1377 821 navis
1408 770 1570 840 aquis,

313 860 376 915 75
454 840 689 898 Praefuit
714 839 820 900 his,
858 836 1156 900 Gramine,
1200 838 1327 892 locis
1352 842 1521 895 modo
1548 842 1795 908 Flaccus3
1839 845 1895 898 &
1921 846 2012 902 iiio

534 913 675 982 Ripa
697 909 854 964 ferox
879 907 986 960 Istri
1014 908 1106 961 sub
1134 910 1273 965 duce
1301 925 1412 966 tuta
1439 914 1556 970 fuit.

451 986 566 1042 Hic
594 981 767 1036 tenuit
791 978 967 1050 Mysas
992 993 1178 1051 gentes
1202 983 1256 1036 in
1283 1001 1412 1054 pace
1437 986 1608 1043 fideli:

531 1055 644 1111 Hic
669 1071 796 1108 arcu
819 1053 937 1108 fisos
963 1055 1153 1107 terruit
1178 1057 1299 1110 ense
1326 1057 1512 1115 Getas.

452 1130 568 1188 Hic
594 1140 800 1200 raptam
827 1125 1081 1180 Trosmin
1111 1129 1273 1183 celeri
1296 1130 1493 1186 virtute
1519 1136 1759 1209 recepit,

305 1203 378 1272 80

210 1472 304 1512 eum
318 1472 450 1523 pariter
470 1468 600 1518 fiilvelre
619 1467 737 1515 rates}
762 1461 915 1519 totosque
933 1465 1095 1507 rudentes

210 1529 395 1563 Laxavere
408 1521 518 1572 finus.

155 1599 252 1651 libro
271 1614 325 1640 xx.
348 1611 458 1646 1004.

211 1667 362 1715 Septima
380 1677 448 1701 nox
461 1662 614 1712 Zephyro
632 1671 817 1716 nunquam
838 1657 985 1699 laxante
999 1662 1178 1709 rudenteg

211 1715 368 1762 Ostendit
391 1713 529 1753 Phariis
552 1712 715 1762 AEgyptia
736 1712 856 1749 littora
865 1709 1039 1762 flammis.

160 1797 353 1840 Praeterea
370 1796 481 1835 scribe
505 1808 550 1834 ex
569 1794 681 1834 tribus
704 1821 716 1839 ,
753 1796 799 1831 Es
812 1791 848 1843 fi
870 1805 971 1845 quem
993 1793 1094 1832 dabie
1113 1809 1203 1836 aura

157 1850 290 1903 finum.
317 1849 463 1886 Herus.

216 1931 276 1967 74.
302 1923 332 1956 E
348 1917 511 1968 stygiis]
540 1922 578 1957 A
598 1916 717 1966 scripti
736 1915 775 1955 &
797 1913 885 1954 editi
904 1912 1070 1964 quidam.
1089 1917 1202 1952 Exeat

161 1969 314 2017 {Euxinis
331 1969 474 2009 Fames.

219 2062 281 2101 75.
309 2052 470 2100 Praefuit
490 2050 566 2095 his,
595 2048 760 2086 Graecina
773 2075 783 2092 ,
811 2045 890 2084 locis
911 2045 1010 2084 modo
1031 2043 1203 2095 Flaccus]

165 2101 226 2142 Ex
247 2104 323 2143 hoc
352 2105 440 2141 loco
470 2100 727 2151 cognoscimus
758 2099 802 2135 L.
822 2098 1073 2145 Pomponium
1102 2097 1205 2135 Flac-

168 2164 256 2192 cum
278 2153 331 2191 bis
361 2152 504 2203 Mysiae
536 2148 738 2201 praefuisse.
774 2147 978 2186 Praefidem
1002 2149 1112 2185 Ponti
1136 2159 1206 2185 vo-

169 2212 228 2242 cat
251 2205 344 2242 infra
364 2204 420 2247 xis.
435 2215 516 2250 119.
545 2203 655 2239 Certe
677 2198 881 2236 Consulatu
901 2198 1119 2236 desunRum
1142 2209 1206 2236 an-

168 2264 220 2293 no
240 2254 479 2302 subsequente
502 2254 685 2299 Legatum
704 2248 924 2286 Proconsuie
937 2248 1119 2286 Moesiam
1140 2248 1209 2286 ob-

168 2303 313 2342 tinuisse
328 2331 337 2348 ,
348 2315 392 2341 ex
415 2303 552 2340 Tacito
572 2300 733 2343 constat,
748 2310 790 2336 ac
806 2299 957 2336 Latinio
971 2300 1095 2337 Pando
1108 2311 1209 2337 rnor-

168 2362 237 2393 tuo
258 2352 498 2391 successorem
528 2352 668 2389 datum.
704 2349 932 2387 Praeclarum
964 2351 1041 2399 ejus
1074 2351 1210 2389 facinus

166 2403 277 2448 audi,
290 2404 336 2442 de
356 2412 463 2452 capto
480 2414 542 2451 per
562 2401 692 2439 dolum
713 2399 989 2448 Rhescuporide
1003 2430 1013 2446 ‚
1026 2401 1211 2440 Thraciae

169 2455 300 2503 Rege,
326 2455 472 2504 Cotyos
506 2452 615 2501 Regis
644 2463 689 2488 ex
709 2451 816 2489 fratre
845 2452 990 2500 nepotis
1018 2453 1208 2491 interemti

167 2517 234 2545 reo
250 2519 258 2543 :
286 2505 511 2554 Pomponium
523 2502 683 2540 Flaccum
705 2511 854 2539 veterem
870 2503 1068 2552 stipendiis,
1087 2514 1130 2545 φ’
1147 2516 1206 2541 ar-

170 2559 227 2595 c'ta
246 2570 324 2594 cum
353 2563 435 2604 Rege
455 2554 614 2592 amicitia
628 2581 638 2598 ,
658 2566 758 2604 eoque
786 2553 1128 2592 accommodatiorem
1158 2555 1206 2592 ad

166 2608 389 2655 fallendum,
420 2606 459 2642 ob
480 2606 518 2642 id
546 2605 701 2641 maxime
721 2603 866 2651 Moefiae
881 2606 1052 2653 praefecit.
1105 2605 1206 2643 Flac-

171 2671 229 2697 cus
248 2659 288 2694 in
308 2658 496 2695 Thraciam
516 2655 736 2704 transgreffus
759 2664 816 2702 per
836 2655 1007 2703 ingentiag
1017 2657 1178 2706 promiffa
1193 2686 1203 2702 ‚

167 2708 336 2761 quamvis
355 2708 555 2756 ambiguum
578 2705 759 2754 &scelera
775 2705 844 2754 sua
866 2717 1080 2756 reputantem
1096 2736 1104 2751 ‚
1129 2718 1204 2755 per-

165 2759 283 2809 pulit,
311 2770 351 2796 ut
365 2758 534 2809 praesidia
555 2763 711 2793 Romana
732 2756 894 2794 intraret.
935 2763 1036 2807 *Tum
1058 2759 1205 2803 custodia

169 2810 322 2848 cinnum
342 2816 462 2858 Regem
488 2820 642 2857 gnarum
678 2804 874 2854 neceffitatis
896 2808 942 2844 ad
961 2808 1079 2845 urbem
1101 2808 1205 2858 misit.

168 2861 367 2908 Accusatus
396 2861 435 2897 in
466 2866 595 2896 Senatu
626 2856 839 2905 Rhescuporis
868 2858 911 2893 ab
932 2864 1038 2896 Uxore
1058 2865 1202 2907 Cotym,

170 2911 363 2948 damnatus
378 2923 419 2951 (9¹
435 2909 550 2958 procul
572 2921 669 2956 regno
691 2906 728 2943 in
746 2906 900 2957 exfilium
919 2908 1045 2956 miffus.
1092 2911 1203 2948 'shra-

168 2962 224 2999 cia
243 2961 281 2997 in
302 2960 575 3000 Rhaemetalcom
597 2958 716 3006 filium
729 2987 739 3004 ,
767 2971 869 3006 quem
889 2960 1044 3008 paternis
1062 2961 1204 3007 consiliis

169 3013 397 3059 adversatum
417 3010 589 3058 conflabat
602 3038 612 3054 ,
627 3010 729 3061 inque
747 3009 865 3048 liberos
878 3011 993 3059 Cotyis
1015 3012 1203 3053 dividitur.

171 3061 288 3100 Recte
316 3063 486 3101 Flaccum
518 3073 669 3099 veterem
692 3059 869 3110 stipendiis
890 3069 999 3098 vocat
1026 3062 1201 3110 Tacitus,

171 3121 212 3153 ut
233 3113 354 3162 quiin
383 3114 512 3152 iisdem
542 3113 632 3150 locis
661 3111 797 3149 bellum
823 3112 899 3161 jatn
923 3121 1006 3149 ante
1025 3112 1200 3161 gessisset,

171 3171 211 3202 ut
233 3175 278 3201 ex
298 3163 373 3200 hoc
390 3164 546 3202 Nasonis
564 3164 651 3199 loco
671 3161 852 3199 discimus.
907 3163 1003 3200 Nam
1026 3164 1203 3211 Pro-prae-

170 3221 251 3253 tore
272 3214 369 3262 prius
388 3215 542 3252 eandem
566 3213 773 3250 obtinuerat
792 3213 1037 3251 Provinciam.
1077 3217 1201 3263 Syriae

170 3265 321 3305 demum
345 3264 605 3302 Proconsulatu
620 3262 763 3300 functus
786 3263 834 3300 est
855 3264 915 3302 sub
935 3276 1072 3303 annum
1094 3266 1143 3303 V.
1158 3267 1204 3305 C.

169 3327 387 3360 Deci-xxxx.
421 3316 548 3364 Quam
569 3314 798 3368 provinciam
818 3325 838 3354 a
871 3315 1027 3366 Tiberio
1048 3318 1206 3371 meruit,

521 1201 819 1274 infecitque
843 1199 961 1255 fero
988 1198 1238 1274 sanguine
1263 1201 1588 1264 Danubium,

2129 1335 2308 1410 Quae-

1253 1470 1280 1510 fi
1300 1471 1388 1522 quid
1412 1470 1594 1514 Suetonio
1615 1474 1865 1522 credendum
1892 1476 1995 1527 quod
2014 1474 2166 1514 noctem
2184 1479 2307 1515 totam'

1254 1523 1487 1575 biduumque
1509 1528 1731 1565 continuum
1757 1528 1941 1577 epulando
1965 1528 2206 1577 potandoque
2219 1539 2308 1566 cum

1256 1574 1416 1614 Tiberio
1436 1578 1474 1614 ὅ(
1502 1578 1547 1614 L.
1575 1578 1705 1616 Pisone
1728 1578 1914 1628 exegisset.
1941 1590 2036 1628 quos
2058 1579 2144 1616 ideo
2171 1579 2309 1627 jucun-

1256 1625 1419 1664 diffimos
1440 1628 1478 1665 &
1501 1630 1673 1667 omnium
1696 1630 1870 1668 horarum
1890 1633 2033 1668 amicos
2054 1628 2228 1667 Tiberius
2240 1640 2310 1677 ap-

1256 1676 1422 1724 pellabat.
1438 1678 1524 1717 vide
1538 1680 1697 1718 Plinium
1710 1679 1755 1718 de
1778 1680 1907 1719 eadem
1922 1692 1959 1719 re
1980 1681 2066 1717 Nat.
2080 1680 2174 1718 Hist.
2188 1680 2303 1717 Men·

1258 1728 1403 1766 tionem
1428 1729 1505 1777 ejus
1537 1742 1690 1779 quoque
1721 1731 1808 1769 facit
1833 1731 2010 1780 Josepbus
2030 1732 2067 1768 in
2093 1731 2309 1778 Antiquita⁴

1257 1778 1351 1816 tibus
1384 1779 1542 1824 Judaicis
1567 1780 1660 1818 libro
1683 1793 1800 1819 xvm.
1833 1794 1913 1830 cap.
1937 1794 1991 1820 12.
2048 1782 2245 1819 Mortuum
2267 1781 2308 1819 in

1259 1828 1457 1866 Provincia
1476 1829 1576 1867 idem
1601 1830 1755 1868 Tacitus
1771 1831 1918 1869 testatur
1941 1832 2003 1871 sub
2022 1843 2160 1870 annum
2191 1832 2240 1869 V.
2262 1831 2311 1870 C.

1261 1889 1480 1918 Dccxxcw.
1518 1879 1662 1929 Insigne
1685 1882 1762 1930 ejus
1782 1882 1925 1920 facinus
1947 1882 1993 1919 de
2012 1881 2182 1930 oppresso
2205 1883 2310 1920 Rhe-

1258 1929 1452 1977 scuporide
1472 1958 1483 1974 ‚
1522 1929 1596 1968 five
1628 1931 1849 1981 Rhascupoli
1882 1933 2163 1971 commendavit
2194 1933 2309 1972 etiam

1261 1979 1458 2028 posteritati
1488 1980 1653 2028 Vellejus
1685 1983 1869 2030 praeclaro
1908 1985 2119 2033 meritoque
2157 1984 2303 2033 elogio:

1261 2029 1326 2066 Sed
1342 2027 1507 2079 proposita
1535 2029 1631 2080 quafi
1649 2033 1814 2079 universa
1838 2034 2052 2083 principatus
2074 2033 2199 2070 Tiberii
2217 2040 2307 2072 Cae-

1254 2081 1347 2129 saris
1361 2082 1506 2126 forma,
1527 2080 1670 2130 fingula
1695 2082 1935 2130 recenseamus.
1971 2086 2056 2131 §Qua
2078 2084 2136 2121 ille
2153 2086 2308 2133 pruden-

1260 2131 1312 2168 tia
1327 2130 1562 2181 Rhascupolim
1582 2133 1855 2182 interemptorem
1868 2136 2000 2182 fratris
2003 2135 2061 2184 sui
2076 2163 2086 2178 ‚
2092 2133 2163 2180 filii
2171 2136 2304 2184 Cotyis,

1262 2181 1334 2229 (fic
1354 2182 1462 2231 lege)
1490 2183 1716 2234 consertisque
1745 2185 1896 2233 ejusdem
1929 2185 2090 2235 imperii,
2117 2188 2322 2226 evocavit?

1253 2232 1430 2282 stngulari
1445 2234 1482 2270 in
1500 2248 1535 2271 eo
1546 2235 1673 2284 negotio
1693 2237 1772 2284 usus
1791 2244 1889 2286 opera
1910 2236 2021 2273 Flacci
2042 2237 2217 2286 Pomponii
2227 2251 2306 2275 con-

1258 2284 1389 2334 sularis
1401 2285 1495 2330 viri,
1511 2288 1588 2323 nati
1606 2287 1653 2323 ad
1672 2288 1788 2324 omnia
1801 2316 1811 2332 ‚
1826 2300 1914 2338 quae
1935 2291 2020 2325 rec't'e
2030 2287 2195 2334 facienda
2201 2290 2304 2335 sunt,

1258 2335 1474 2386 fimplicique
1502 2337 1634 2374 virtute
1667 2339 1828 2376 merentis
1841 2341 1971 2388 semper
1997 2352 2102 2388 quam
2134 2339 2307 2387 captantis

1262 2386 1424 2434 gloriam.
1452 2387 1597 2426 Heius.
1651 2389 1711 2426 Ab
1747 2390 1821 2427 hoc
1849 2390 1981 2427 Flacco
2001 2390 2130 2427 volunt
2152 2390 2304 2437 quidam

1267 2438 1484 2476 Vaiachiam
1506 2437 1608 2476 fuifl'e
1628 2438 1762 2477 dieram
1785 2440 1874 2477 olim
1899 2439 2073 2477 Flacciam
2087 2468 2096 2483 ,
2111 2440 2212 2488 quod
2233 2452 2305 2478 no-

1262 2500 1350 2526 men
1371 2488 1499 2527 sensim
1530 2490 1733 2538 corruptela
1764 2489 1939 2528 sermonis
1967 2491 2107 2527 transiit
2135 2491 2171 2527 in
2195 2490 2306 2528 Vala-

1263 2540 1390 2578 chiam.
1440 2539 1540 2578 Vide
1564 2540 1719 2588 Georgii
1743 2552 1762 2578 a
1786 2540 2081 2590 Reychersdorff
2095 2541 2308 2590 Chorogra-

1259 2591 1383 2639 phiam
1407 2590 1709 2640 Transylvaniae.
1729 2602 1810 2640 pag.
1834 2600 1894 2641 33.
1928 2593 1992 2640 qui
2014 2591 2114 2629 addit
2133 2592 2219 2630 hinc
2239 2592 2305 2630 ad-

1259 2642 1331 2679 huc
1351 2642 1564 2680 Romanurn
1594 2642 1642 2680 ibi
1666 2641 1874 2680 sermonem
1896 2642 2022 2680 durare
2037 2670 2047 2686 ,
2068 2642 2154 2680 licet
2174 2642 2315 2681 admo-1

1259 2692 1347 2730 dum
1372 2701 1598 2741 corruptum.
1627 2692 1687 2730 sed
1703 2693 1773 2730 hae
1794 2693 1946 2730 fabulae.
1993 2692 2211 2730 Walachiam
2233 2705 2304 2731 vo-

1260 2751 1386 2781 carunt
1407 2744 1544 2788 exteri;
1573 2743 1631 2780 sed
1651 2743 1861 2790 Hungarica
1881 2742 2002 2792 lingua
2016 2744 2213 2783 Waiachos
2234 2756 2304 2782 vo-

1261 2795 1332 2831 cari
1356 2794 1449 2830 Olah
1472 2794 1530 2831 vel
1550 2793 1661 2830 Olach
1684 2793 1796 2831 docet
1813 2794 1912 2831 Foris
1932 2793 2133 2831 Otrokocsi
2154 2795 2190 2831 in
2215 2794 2309 2832 Ori--

1259 2845 1386 2893 ginum
1425 2844 1591 2893 Hungar.
1619 2855 1697 2892 cap.
1718 2855 1796 2882 xxv,
1819 2855 1899 2892 pag.
1922 2844 2008 2891 308.
2036 2844 2134 2882 unde
2158 2845 2310 2883 Valachiv

1261 2897 1299 2932 &
1324 2894 1481 2931 Walachi
1501 2895 1588 2933 dic‘ti
1608 2895 1650 2932 ab
1670 2893 1757 2932 aliis.
1788 2895 1876 2931 Non
1899 2894 2015 2932 sanior
2028 2907 2117 2932 vero
2139 2895 2303 2942 reliquis,

1261 2946 1323 2994 qui
1345 2946 1438 2983 circa
1470 2946 1629 2993 origines
1648 2946 1814 2994 gentium
1837 2945 1941 2993 saepe
1960 2946 2146 2994 ineptiunt
2163 2973 2173 2990 ,
2201 2946 2304 2985 Foris

1258 2996 1354 3044 ipse,
1382 2997 1447 3046 qui
1467 2997 1660 3034 mulierem
1678 2995 1890 3033 Waiacham
1908 3023 1917 3039 ‚
1933 3007 1952 3033 a
1973 2996 2152 3045 Phrygiae
2173 2997 2222 3034 ita
2242 3009 2302 3033 ur-

1258 3046 1303 3083 be
1316 3075 1326 3091 ,
1346 3059 1458 3096 quam
1495 3047 1705 3084 ’omo-acm
1718 3054 1827 3085 vocat
1841 3075 1852 3092 ,
1871 3047 2063 3085 Homerus
2086 3047 2126 3085 11.
2147 3046 2185 3083 Β.
2217 3045 2301 3093 738.

1259 3097 1424 3136 deducit.
1455 3098 1588 3139 Burin.

1309 3172 1367 3208 77.
1401 3163 1521 3210 Mysas
1538 3161 1691 3211 genten]
1724 3161 1843 3212 Μίμας
1863 3161 2038 3212 plerique.
2066 3157 2187 3205 Miffus
2209 3157 2300 3195 Mos

1257 3213 1338 3250 reti.
1366 3214 1489 3250 terruit
1513 3212 1567 3249 hic
1582 3213 1664 3259 Jun.
1682 3226 1765 3250 arcu
1777 3212 1868 3260 fixos
1889 3215 1959 3251 Ms.
1982 3210 2115 3248 Bersm.

1308 3280 1370 3319 79.
1402 3270 1466 3308 Hic
1501 3280 1640 3319 raptam
1674 3277 1822 3310 Troezen
1849 3270 1944 3308 celeri
1974 3268 2108 3305 virtute
2135 3269 2295 3319 recepit.]

1263 3321 1369 3372 Lege
1383 3348 1395 3369 ,
1423 3329 1559 3408 casptam
1582 3333 1630 3360 ex
1649 3322 1806 3373 scriptis,
1841 3317 1972 3361 deinde
1990 3329 2057 3367 pro
2078 3320 2299 3409 TroezeZE-

1483 3382 1574 3412 §sss
1604 3385 1623 3413 2
2233 3378 2311 3415 1110:
