2495 3675
490 171 1423 235 FASTORUM
1533 177 1725 232 an.

1797 180 1891 239 IV.
1951 187 1953 190 ’
2115 196 2215 245 237

351 292 595 366 Aprilem
626 304 928 349 memorant
953 289 1016 345 ab
1042 299 1231 360 aperto
1256 299 1501 359 tempore
1523 288 1755 345 dieium:

206 386 275 437 90
420 366 604 440 Quem
628 367 814 424 Venus
841 363 1028 434 injefia
1061 359 1297 414 vindicat
1323 362 1457 416 alma
1480 379 1655 416 manu,

348 438 435 494 Illa
460 439 680 511 quidem
704 451 880 492 totum
910 431 1207 504 digniffima
1232 446 1493 506 temperat
1516 433 1731 490 orbem:

421 512 508 566 Illa
533 525 680 566 tenet
716 509 861 564 nullo
897 523 1059 577 regna
1086 505 1292 560 minora
1318 507 1467 561 Deo:

343 584 575 658 Juraque
604 582 694 636 da‘t
721 582 905 642 coe10‚
949 592 1149 640 terrae,
1188 579 1441 634 natalibus
1466 580 1655 643 undis;

422 657 630 722 Perque
656 653 775 708 suos
802 653 964 706 initus
991 652 1234 706 continet
1259 669 1422 706 omne
1450 670 1631 724 genus.

125 752 130 759 ’
199 750 265 802 95
337 729 426 785 Illa
451 728 598 781 Deos
623 742 807 779 omnes
837 727 1078 796 (longum
1109 727 1456 792 enumerare)
1496 728 1718 782 creavit:

415 799 500 853 Illa
524 797 640 851 satis
662 796 858 852 caussas
883 796 1264 869 arboribusque
1290 797 1468 852 dedit:

338 873 424 928 Illa
452 870 612 925 rudes
635 871 838 923 animos
864 870 1143 923 hominum
1168 871 1433 924 contraxit
1457 870 1512 924 in
1538 889 1740 935 unum3

410 944 482 999 Et
510 942 697 998 docuit
718 941 868 1014 jungi
893 959 1018 996 cum
1046 959 1170 1013 pare
1195 960 1467 1015 quemque
1493 944 1598 997 sua.

336 1017 487 1092 Quid
513 1032 677 1087 genus
706 1022 866 1068 omne
891 1026 1036 1068 creat
1062 1015 1372 1077 volucrum,
1412 1015 1506 1069 nifi
1531 1015 1723 1071 blanda
1747 1018 2022 1092 voluptas?

197 1110 296 1146 100
405 1091 526 1149 Nee
552 1092 743 1144 eo‘e'ant
781 1088 1046 1161 pecudeS,
1087 1086 1125 1140 fi
1148 1087 1278 1143 levis
1310 1086 1439 1142 abs1t
1465 1105 1630 1144 amor.

98 1358 162 1407 83.
188 1361 275 1407 Ergo
293 1355 390 1407 age.]
420 1357 503 1394 Nec
522 1357 661 1396 damno
679 1356 848 1405 scriptum
870 1382 880 1399 ,
909 1359 999 1404 Euge
1018 1368 1090 1404 age.

51 1410 228 1449 Neapoe.
279 1413 365 1457 Ergo
391 1421 449 1456 age
485 1416 636 1447 veteres,
661 1407 781 1444 Urfin.
815 1418 899 1444 cum
929 1414 1088 1453 quatuor

49 1460 126 1499 aliis
145 1488 156 1505 ,
194 1459 309 1508 longas
329 1468 373 1498 (9⁶
384 1458 567 1507 supprime.
597 1460 679 1507 jam
698 1456 868 1506 supprime
889 1456 1088 1493 Helmaest.

46 1510 188 1550 Primus
218 1521 308 1546 vero
340 1508 510 1546 Ambros.
552 1515 638 1558 Ergo
658 1521 710 1556 ego
734 1516 750 1545 3
787 1516 862 1543 tam
884 1505 999 1554 longas
1014 1506 1088 1555 sed.

47 1573 133 1600 cum
154 1558 300 1601 Glossa‚
327 1559 391 1595 ibo.
404 1559 558 1606 subaudi
578 1559 616 1596 in
637 1557 750 1595 exilio.
777 1556 918 1594 Zulich.
942 1558 980 1594 &
1003 1558 1087 1593 Ma-

45 1623 118 1650 zar.
158 1615 244 1657 Ergo
273 1622 327 1657 ego
349 1620 425 1646 tam
452 1609 544 1658 longe
564 1619 580 1647 ,ἓ
626 1609 820 1656 eleganter.
855 1607 940 1644 vide
968 1608 1086 1645 Notas

45 1662 93 1699 ad
122 1660 230 1708 Epist.
261 1672 330 1697 ΧΠ.
368 1659 423 1702 sss.
450 1671 533 1705 207.
570 1660 717 1696 Hiems.
770 1662 855 1707 Ergo
884 1670 938 1706 ego
957 1667 972 1696 ,ἓ
1010 1668 1086 1695 tam

47 1712 164 1760 longas
186 1720 258 1750 επ.
283 1709 393 1747 etiam
414 1709 549 1748 Douza
569 1710 729 1748 volebat.

98 1793 158 1842 85.
185 1794 264 1841 §Quo
281 1804 349 1829 non
372 1791 479 1828 Livor
499 1791 631 1841 adite]
680 1791 773 1828 Abit
786 1791 926 1830 Mazar.
945 1791 1086 1831 Zulich.

44 1846 153 1895 prim.
174 1842 301 1881 Ambr.
325 1843 365 1880 ὅ(
385 1843 550 1892 quinque
574 1843 646 1882 alii.
672 1843 820 1881 Hems.

97 1924 158 1962 88.
186 1929 351 1974 Foetaque
371 1933 464 1961 terra
483 1922 617 1973 patet.]
651 1923 749 1961 Parit
769 1932 839 1962 tres
852 1932 1005 1962 veteres.
1029 1924 1085 1961 vi-

45 1974 92 2013 de
115 1976 231 2013 Notas
248 1975 342 2012 Met.
353 1987 415 2012 xv.
434 1974 488 2018 fis.
509 1987 569 2022 92.
599 1975 744 2012 Hmus.
771 1975 896 2013 Immo
918 1987 1008 2013 vero
1020 1985 1084 2024 pa-

41 2035 93 2064 tet
113 2024 347 2063 retinendum
360 2039 370 2068 ;
385 2025 552 2062 nondum
569 2026 668 2062 enim
688 2026 779 2073 parit
793 2054 803 2070 ,
827 2026 886 2063 sed
904 2026 1034 2063 aestate
1047 2027 1085 2063 &

45 2084 230 2114 autumno
258 2075 425 2113 demum.
462 2087 532 2113 nec
551 2076 635 2125 quia
660 2076 755 2124 parit
781 2076 897 2125 potest
926 2077 969 2113 ab
991 2086 1084 2125 aper-

43 2136 78 2164 to
113 2134 283 2174 tempore
311 2126 383 2163 dici
405 2154 416 2171 ,
463 2125 523 2164 sed
550 2129 635 2174 quia
660 2136 768 2174 patet.
816 2127 903 2164 Vid.
931 2127 995 2164 inf.
1030 2126 1085 2169 x'ls.

47 2188 131 2224 713.
154 2177 239 2214 licet
261 2175 310 2214 ibi
346 2177 383 2213 δε
401 2175 474 2214 alio
494 2176 595 2214 sensu
624 2175 740 2225 posset
768 2177 857 2226 capi.
884 2177 943 2215 sed
971 2178 1009 2215 &
1035 2178 1085 2215 ita

44 2227 168 2277 paffim
188 2238 251 2264 ver
269 2226 401 2265 dicitur
422 2227 565 2271 laxare,
594 2227 720 2276 aperire
731 2237 862 2265 terram
877 2256 887 2272 ,
913 2239 1008 2278 quae
1021 2229 1082 2266 fri-

45 2290 133 2328 gore
161 2277 274 2315 clausa
303 2277 342 2314 &
369 2276 530 2315 adstrida
561 2278 654 2322 fuit,
674 2280 712 2316 ὃς
736 2287 775 2316 ut
794 2279 950 2323 Noster,
979 2278 1083 2328 densa

45 2329 105 2367 est.
126 2328 210 2365 vide
231 2328 276 2365 ad
294 2327 441 2365 Petron.
469 2340 593 2367 cxxn.
612 2330 649 2366 δί
679 2329 797 2367 Nostr.
829 2343 873 2366 11.
904 2330 969 2378 Ep.
1003 2341 1085 2379 123.

47 2380 86 2417 &
108 2379 273 2427 Rutgers.
303 2377 409 2416 Le&
444 2379 623 2417 Venufin.
641 2391 719 2429 cap.
739 2393 790 2418 ix.
815 2380 946 2418 Euam.

98 2457 158 2505 89.
186 2457 247 2494 Ab
258 2467 369 2507 aperto
381 2459 708 2507 temporedielum]
737 2461 835 2497 Ecce
846 2472 890 2497 ex
902 2461 957 2497 his
967 2472 1084 2499 unum

45 2507 307 2556 graviffimum.
345 2509 555 2546 Macrobius
585 2510 705 2556 primo
735 2510 989 2546 Saturnalium.
1007 2522 1085 2557 cap.

50 2569 108 2595 12.
135 2558 197 2594 Sed
219 2558 359 2594 Cincius
374 2558 411 2594 in
433 2571 466 2593 eo
488 2557 573 2594 libro
587 2585 597 2600 ,
626 2570 725 2605 quem
746 2559 785 2594 de
805 2558 911 2604 Fastis
931 2558 1085 2605 reliquit,

45 2607 122 2652 ait,
149 2607 300 2656 imperite
329 2607 496 2657 quosdam
516 2607 647 2656 opinari
678 2607 835 2655 Aprilem
854 2612 1001 2656 mensem
1021 2622 1086 2646 an-

46 2657 158 2707 tiquos
178 2658 203 2694 ιὶ
226 2663 344 2695 Venere
360 2658 479 2706 dixiffe
499 2673 509 2700 ;
548 2671 625 2694 cum
650 2658 765 2694 nullus
787 2658 856 2694 dies
873 2659 1084 2706 sestusytul·

45 2707 188 2759 lamque
210 2707 420 2755 sacrificium
449 2706 576 2756 insigne
608 2709 724 2746 Veneri
743 2718 800 2758 per
820 2708 911 2745 hunc
935 2710 1083 2757 mensem

46 2757 72 2795 ιὶ
98 2757 283 2808 majoribus
311 2758 511 2804 institutum
532 2758 581 2808 sit
605 2775 616 2795 :
648 2759 709 2806 sed
739 2773 778 2796 ne
808 2759 846 2796 in
873 2759 1084 2797 carminibus

47 2810 184 2858 quidem
209 2808 379 2845 Saliorum
408 2810 542 2846 Veneris
571 2809 669 2854 ulla,
698 2820 737 2846 ut
764 2820 946 2847 ceterorum
976 2811 1082 2847 caele-

40 2858 146 2905 stium
160 2888 169 2903 ,
196 2858 272 2896 laus
294 2859 486 2896 celebretur.
513 2859 630 2896 Cincio
650 2860 756 2897 etiam
778 2866 882 2896 Varro
903 2861 1080 2910 consentit,

48 2908 227 2957 affirmans
248 2938 259 2954 ,
294 2923 417 2946 nomen
443 2910 575 2946 Veneris
600 2924 640 2947 ne
662 2910 728 2958 sub
761 2911 901 2959 Regibus
941 2911 1080 2958 quidem

47 2960 137 3007 apud
155 2966 322 2997 Romanos
341 2960 398 2997 vel
425 2961 593 2996 Latinum
620 2961 679 2996 vel
698 2965 868 2998 Graecum
887 2960 989 3010 fuisse
998 2977 1009 3005 3
1039 2972 1082 3001 ω’

46 3009 117 3046 ideo
147 3024 213 3046 non
235 3011 371 3060 potuisse
399 3013 546 3055 mensem
568 3011 593 3046 ὰ
622 3017 743 3048 Venere
771 3012 944 3049 nominari
967 3029 976 3048 :
997 3013 1082 3060 sed,

49 3072 126 3096 cum
144 3061 218 3107 fere
243 3072 325 3097 ante
355 3060 616 3111 AEquinoffiium
648 3075 798 3099 vernum
822 3063 914 3110 triste
935 3061 983 3111 fit
1014 3077 1080 3100 coe-

49 3108 123 3145 lum
149 3122 192 3150 ev·
220 3111 364 3148 nubibus
386 3112 568 3148 obduc'ium
592 3139 602 3155 ,
631 3112 693 3161 sed
719 3123 762 3151 εν
790 3126 886 3151 mare
906 3113 1080 3162 navigan-

50 3157 140 3195 xibus
168 3160 319 3210 clausum
344 3190 354 3206 ,
391 3172 499 3199 terrae
525 3164 631 3199 etiam
659 3163 746 3211 ipsae
774 3175 837 3201 aut
866 3163 986 3214 aqud,
1014 3175 1077 3201 aut

43 3208 197 3256 pruind,
224 3222 286 3248 aue
308 3212 446 3249 nivibus
465 3223 708 3261 contegantur,
736 3227 838 3263 euque
858 3215 974 3252 omnia
998 3230 1078 3251 ver-

47 3270 90 3293 no
117 3257 175 3294 hoc
199 3261 304 3308 mense
330 3264 552 3310 aperiantur;
581 3263 713 3301 arbores
733 3278 863 3313 quoque
884 3294 895 3310 ,
933 3279 991 3302 nec
1012 3266 1080 3302 mi-

44 3320 110 3349 nus
121 3319 226 3348 cetera
238 3337 249 3356 ,
268 3323 352 3360 quae
364 3313 509 3352 centines
521 3324 612 3354 terra
627 3342 636 3361 ,
650 3315 775 3365 aperire
783 3318 821 3366 se
832 3317 869 3355 in
878 3329 1015 3368 germen
1027 3316 1084 3366 in:

2045 1219 2188 1276 Cum

1143 1354 1274 1404 cipiant
1286 1384 1298 1401 ‚
1324 1356 1369 1393 ab
1395 1355 1449 1392 his
1475 1353 1632 1392 omnibus
1651 1354 1800 1404 mensem
1820 1355 1979 1404 Aprilem
1998 1355 2067 1395 dici
2084 1359 2190 1396 meri*

1144 1416 1177 1441 to
1197 1407 1403 1443 credendum
1415 1434 1426 1451 ,
1452 1404 1551 1454 quasi
1561 1405 1758 1454 Aperilem:
1779 1403 1870 1454 sicut
1888 1406 1982 1455 apud
1991 1409 2189 1447 Athenien-

1136 1456 1190 1504 ses
1207 1456 1409 1502 ἆνὲεςηρὶων
1429 1456 1522 1493 idem
1551 1455 1672 1506 menfis
1698 1467 1847 1494 vocatur
1858 1484 1879 1502 ,ν
1895 1456 1939 1495 ab
1958 1471 1992 1496 eo
2015 1460 2106 1510 quod
2125 1461 2186 1499 hoe

1143 1515 1289 1557 tempore
1308 1509 1431 1545 cune‘ia
1443 1506 1640 1557 florescant.
1669 1508 1793 1545 NEAP.

1193 1580 1255 1617 91.
1288 1575 1466 1618 Temperat
1512 1582 1659 1606 annum.
1680 1569 1695 1619 ]
1773 1569 1899 1607 Orbem
1935 1583 2066 1612 omnes
2106 1575 2184 1615 libri

1142 1619 1274 1668 scripti.
1303 1621 1471 1657 ConAN.
1498 1619 1623 1657 Orbem
1646 1622 1783 1658 Mazar.
1805 1620 1947 1660 Zulich.
1968 1623 2092 1662 Petav.
2112 1626 2186 1664 Ur·

1142 1669 1209 1757 {ff}
1216 1669 1324 1759 quffi
1335 1670 1482 1711 Arond.
1492 1669 1624 1720 aliique
1636 1670 1781 1719 plurimi
1791 1683 1876 1710 cum
1889 1673 1996 1726 prim.
2015 1675 2189 1716 Ambros,

1194 1803 1256 1840 92.
1284 1792 1394 1830 Nullo
1412 1803 1515 1842 regna
1532 1791 1667 1829 minora
1684 1788 1796 1838 De0.]
1826 1789 1941 1827 Nulla
1962 1796 2039 1830 Dea
2057 1794 2184 1838 Petav.

1143 1841 1298 1881 membra
1320 1845 1457 1881 minora
1476 1844 1616 1880 Mazar.
1636 1842 1673 1879 &
1694 1841 1794 1878 alius.
1818 1841 1949 1890 templa
1977 1855 2082 1883 unus.

1193 1920 1254 1957 93.
1284 1907 1514 1959 Natalibus.]
1543 1912 1591 1946 Et
1609 1905 1789 1946 natalibus
1807 1906 1977 1947 Bernens.
1996 1910 2134 1951 Mazar.
2147 1913 2188 1952 &

1141 1958 1228 1998 editi
1256 1960 1420 2010 quidam.

1191 2040 1253 2077 94.
1280 2034 1409 2078 Perque
1422 2026 1660 2076 suescoitus.]
1693 2027 1840 2076 Optimi
1856 2027 1935 2065 libri
1947 2028 2087 2078 scripti,
2113 2031 2183 2070 ini-

1142 2089 1220 2123 tus,
1246 2091 1323 2116 non
1355 2078 1459 2115 coitus
1482 2077 1627 2116 habent.
1656 2078 1825 2115 CiorAN.
1878 2079 2011 2117 Noster
2032 2081 2182 2121 infimae

1142 2129 1325 2217 uetustatgs
1337 2156 1347 2173 ‚
1377 2135 1506 2178 Perque
1513 2129 1594 2178 suos
1613 2126 1733 2166 initus.
1745 2128 1953 2168 Veriffime.
1973 2131 2023 2170 T.
2042 2131 2184 2181 Lucreff

1142 2188 1234 2219 t1us:
1279 2193 1286 2217 1
1317 2192 1371 2218 .1.
1398 2192 1452 2218 12.

1189 2254 1321 2290 A'e'riae
1336 2254 1489 2301 primum
1509 2253 1683 2298 volueres,
1712 2262 1765 2298 te,
1792 2253 1901 2300 diva,
1930 2265 2097 2307 tuumque

1192 2304 1394 2352 Significant
1412 2306 1542 2342 initum
1557 2333 1566 2348 ‚
1589 2304 1759 2355 perculsae
1780 2305 1881 2342 corda
1901 2306 1967 2343 tua*
1987 2309 2036 2345 vi.

1141 2368 1321 2407 NEAPOL.
1400 2370 1512 2404 mirus
1551 2369 1661 2405 etiam
1712 2370 1845 2416 optimi
1887 2369 2044 2408 codices.
2108 2371 2180 2409 vid.

1140 2419 1313 2457 Lambin.
1335 2418 1379 2456 ad
1411 2419 1560 2455 Lucret.
1579 2430 1604 2454 x.
1627 2429 1682 2464 13.
1711 2428 1822 2455 motus
1851 2420 2024 2456 Arondel.
2046 2421 2083 2456 δε
2103 2421 2180 2459 duo

1138 2469 1209 2506 alii.
1222 2482 1322 2505 arcus
1335 2468 1476 2506 Heinfii
1489 2479 1592 2504 unus.
1604 2478 1709 2503 nutus
1720 2468 1886 2511 Sarravii,
1901 2470 2047 2505 Thuan.
2059 2471 2095 2507 ὅ(
2110 2483 2179 2508 un-

1141 2518 1260 2555 decim
1282 2519 1354 2555 alii.
1383 2518 1431 2554 ita
1449 2516 1596 2563 Apulej.
1617 2517 1776 2554 x1.Met.
1798 2518 1844 2554 de
1867 2519 1984 2556 Luna.
2010 2526 2077 2556 Nec
2096 2530 2179 2557 tan-

1142 2576 1220 2603 tum
1235 2568 1378 2616 pecuina
1398 2578 1440 2605 <9¹
1462 2567 1584 2612 serina
1598 2594 1608 2610 ‚
1630 2579 1754 2603 verum
1774 2568 1879 2604 etiam
1900 2569 2061 2605 inanima
2081 2571 2177 2608 divi-

1142 2630 1184 2653 no
1204 2619 1273 2665 ejus
1293 2617 1437 2653 luminis
1469 2616 1689 2666 numinisque
1708 2627 1796 2654 nutu
1815 2620 1978 2666 vegetari.
2007 2627 2177 2659 Numeros

1142 2667 1317 2705 Ambros.
1344 2667 1413 2704 sec.
1434 2666 1566 2704 Euam.

1190 2730 1251 2767 95.
1281 2724 1433 2766 Longum
1455 2718 1497 2764 est
1519 2717 1702 2767 narrare]
1734 2718 1785 2756 Ita
1807 2727 1875 2756 tres
1886 2720 2004 2758 Vatic.
2017 2721 2178 2768 aliidUO,

1141 2782 1343 2806 numerare:
1373 2768 1458 2812 alii,
1479 2781 1676 2806 memorare.
1706 2770 1871 2808 CiorAN.
1914 2776 2066 2820 Longum
2091 2787 2176 2810 enu-

1139 2832 1271 2856 merare
1290 2818 1420 2856 refflus
1440 2831 1531 2855 unus
1554 2819 1722 2856 Vatican.
1755 2828 1793 2856 ut
1818 2820 1896 2868 jam
1925 2825 2053 2859 monui
2073 2824 2176 2872 supra

1135 2869 1197 2907 lib.
1219 2882 1283 2907 111.
1302 2869 1356 2911 ybs.
1379 2880 1462 2916 719.
1490 2868 1612 2907 Urfin.
1632 2871 1670 2907 ὃς
1689 2869 1746 2906 sex
1766 2870 1846 2914 alii,
1873 2873 2009 2920 longum
2028 2873 2074 2921 est
2090 2888 2174 2913 narn

1136 2933 1224 2958 rare.
1243 2928 1423 2969 quatuor,
1450 2933 1647 2957 memorare.
1680 2921 1824 2957 Ι-ΙειΝε.

1188 2996 1249 3031 97.
1277 2983 1387 3019 Rudes
1429 2984 1605 3035 animos.]
1687 2986 1840 3023 Animas
1865 2988 1972 3035 prim.
2006 2989 2175 3029 Ambros,

1137 3036 1212 3073 vid.
1252 3033 1296 3072 ad
1329 3034 1508 3081 Quinffil.
1539 3048 1566 3071 1.
1609 3035 1654 3073 de
1686 3036 1765 3074 lnst.
1800 3037 1905 3075 Orat.
1945 3051 1972 3076 x.
2019 3047 2172 3078 Conver-

1136 3086 1247 3173 titdin
1278 3097 1388 3122 unum
1425 3085 1576 3123 Putean.
1610 3087 1647 3124 &
1682 3087 1828 3135 Regius.
1864 3089 2051 3133 construxit
2081 3103 2171 3129 unus

1135 3149 1180 3174 co
1210 3148 1264 3173 ex.

1183 3201 1242 3258 98.
1270 3205 1313 3258 Es
1332 3189 1484 3253 docuits]
1515 3202 1822 3242 EdocuitPutean.
1840 3217 1991 3255 quaeque
2004 3207 2063 3253 suo
2085 3207 2177 3242 Mo·

1134 3261 1200 3291 reti
1221 3260 1357 3289 tertius.

1194 3329 1275 3357 100.
1303 3318 1475 3369 Coeant]
1506 3322 1637 3358 Coeunt
1657 3320 1818 3369 plerique
1839 3318 1968 3367 scripti.

1319 3369 1388 3417 Gg
1419 3380 1436 3416 3
2030 3379 2109 3407 101.
2140 3371 2183 3404 E)
