2495 3675
243 193 344 254 634

2397 0 2464 26 ·····

709 182 770 239 P.
842 174 1258 238 OVIDII
1332 127 1966 235 ΝΑ5οΝ13

523 280 649 338 'Nec
674 279 907 356 quaefita
934 291 1116 334 tamen
1141 273 1308 345 spatio
1336 267 1592 343 patientia
1618 266 1784 341 longo
1807 273 1914 336 estg

613 355 882 428 Mensque
913 353 1032 408 mali
1057 350 1262 403 sensum
1289 342 1463 398 nostra
1490 342 1719 397 recentis
1745 342 1919 398 habeta.

540 428 753 484 Scilicet
785 434 836 482 ὅς
862 440 1069 480 veteres
1095 419 1307 491 fugiunt
1334 416 1458 489 juga
1485 433 1648 470 curva
1668 414 1912 486 juvenci:

615 503 686 556 Et
716 500 952 556 domitus
987 495 1142 550 freno
1167 495 1319 564 saepe
1345 502 1608 563 repugnat
1636 505 1822 561 equus.

392 592 455 648 25

534 573 766 630 Tristior
792 573 866 627 est
889 570 1048 624 etiam
1076 568 1317 639 praesens
1340 581 1590 618 aerumna
1614 563 1820 634 priore:

612 647 686 701 Ut
712 647 771 700 fit
798 644 942 699 enirn
969 640 1059 695 fibi
1086 658 1207 711 par,
1248 637 1418 693 crevit
1437 675 1451 700 ,
1487 636 1543 690 &
1569 634 1717 690 aufia
1739 637 1891 690 mora
1928 635 2020 691 est.

538 721 654 776 Nec
681 732 788 772 tam
815 729 940 772 nota
968 714 1098 770 mihi
1121 753 1136 778 ‚
1175 729 1337 786 quarn
1364 711 1511 774 sunt,
1549 710 1684 764 mala
1708 708 1882 764 nostra
1908 709 2154 768 fuerunt:

613 791 718 846 Sed
746 791 912 863 magis
938 789 1073 851 hoe,
1111 799 1221 858 quo
1245 786 1364 840 sunt
1391 783 1723 856 cognitiora,
1760 796 2000 856 gravant.

523 864 629 920 >Est
653 881 873 938 quoque
896 879 1006 917 non
1034 860 1314 915 minimum
1331 894 1348 922 ,
1385 858 1521 914 vires
1547 856 1759 911 adferre
1785 870 2060 923 recentes;

384 957 460 1004 ⁷30

607 939 724 992 Nec
759 934 1227 1010 praeconsumtum
1253 930 1510 1004 temporis
1535 929 1639 985 effe
1667 929 1834 986 malis.

540 1011 754 1067 Fortior
778 1011 832 1065 in
857 1010 1003 1065 fulvii
1031 1024 1200 1063 novus
1226 1005 1300 1060 est
1327 1004 1554 1060 lufiator
1579 1005 1763 1066 arena,

613 1085 796 1156 Quam
822 1084 909 1139 cui
935 1084 1053 1137 sunt
1081 1079 1236 1136 tarda
1260 1078 1471 1134 brachia
1495 1075 1620 1130 feffa
1647 1078 1813 1131 mora.

536 1159 750 1228 Integer
775 1156 848 1211 est
877 1157 1066 1211 melior
1083 1153 1264 1209 nitidis
1288 1151 1547 1222 gladiator
1568 1150 1621 1203 in
1647 1149 1832 1212 armis,

607 1233 785 1302 Quam
812 1232 900 1285 cui
927 1230 1030 1284 tela
1055 1227 1149 1283 suo
1175 1226 1424 1297 sanguine
1451 1221 1611 1278 tinela
1635 1220 1846 1277 rubent.

251 1495 337 1543 508.
364 1493 481 1544 vastus
500 1494 539 1533 ὅ(
560 1493 701 1539 moestus
720 1490 900 1531 confundi
920 1491 956 1530 in
982 1488 1170 1528 codicibus
1200 1487 1292 1525 Mss.

247 1550 285 1584 ὃ(
307 1546 331 1584 fi
354 1547 401 1584 ita
430 1547 547 1595 legas,
569 1545 770 1585 conveniet
797 1542 886 1582 illud
908 1555 953 1581 ex
982 1541 1142 1591 Epistola
1171 1540 1294 1577 Phoe-

247 1597 356 1642 drae‚
377 1598 533 1648 duraque
555 1600 655 1635 corda
673 1597 778 1632 doma
793 1623 802 1639 ‚
829 1594 933 1644 quod
948 1621 958 1635 ‚
985 1593 1010 1630 fi
1033 1592 1154 1638 moesta
1181 1591 1294 1639 legaS,

249 1649 348 1686 reff'ce
381 1661 457 1686 non
492 1659 695 1698 congruere
728 1649 874 1685 notavit
910 1644 1052 1683 Λυᾶοι·
1077 1642 1292 1683 ΕΙεᾶοωηι

247 1700 507 1738 Etonenfium.
535 1700 613 1738 Bon
627 1715 666 1738 M.

307 1760 364 1797 17.
394 1753 501 1799 Lapsa
519 1749 709 1799 vetustas]
739 1755 850 1798 Longa
872 1746 1040 1785 Bernens.
1069 1745 1106 1782 &
1129 1744 1294 1794 quinque

249 1801 340 1890 {bri
369 1800 454 1838 laxa
489 1802 658 1840 Leidens.
681 1812 796 1845 mox,
828 1810 904 1836 arte
917 1799 1048 1847 juvare
1066 1809 1160 1833 meas
1188 1798 1297 1844 prim.

288 1852 352 1890 dit.

308 1913 366 1951 19.
397 1902 497 1939 Trita
516 1901 600 1951 esp]
631 1902 759 1939 §triola
785 1900 954 1939 Bernens.

304 1963 366 1991 21.
395 1959 466 1990 Nec
490 1953 643 2002 quaefita
667 1965 786 1989 tamen
800 1953 912 2002 spatio
929 1949 1101 2001 patientia
1116 1948 1209 1996 longo
1221 1947 1294 1998 est.]

254 2011 337 2043 Non
356 2007 513 2054 quaſjata
533 2005 767 2044 uanVatic.
790 2006 827 2041 ὅ(
857 2003 1140 2040 Arondelianus.
1167 2000 1226 2037 sed
1247 1999 1299 2036 nil

254 2056 489 2094 mutandum.
519 2056 664 2094 Heius.
717 2062 799 2092 Non
822 2053 974 2105 quaesita
1002 2053 1120 2101 scripti
1148 2052 1186 2089 ὃς
1209 2050 1299 2088 editi

252 2107 436 2146 nonnuHL

312 2168 372 2206 23.
400 2159 500 2207 Juga
514 2159 607 2207 fhepe
621 2155 805 2206 juvenca]
860 2157 960 2204 Juga
989 2167 1100 2191 curva
1122 2153 1212 2191 alter
1232 2154 1303 2192 Pa-

255 2209 318 2247 lat.
339 2210 464 2256 placet.
493 2212 541 2246 ita
571 2210 674 2256 saepe
701 2210 840 2245 Noster.
869 2206 1303 2255 quandoque‚&panda

249 2261 348 2310 juga.
373 2260 475 2308 supra
495 2260 562 2298 hac
582 2258 729 2308 Elegia:

312 2311 456 2348 Praebet
476 2323 520 2351 ey
536 2313 683 2348 incurvo
703 2309 787 2347 colla
805 2307 997 2358 premenda
1014 2307 1106 2355 jugo.

259 2375 402 2412 Hiems.
440 2373 546 2410 Modo
565 2374 651 2422 juga
683 2373 789 2420 prim.
819 2371 886 2409 Ed.
909 2370 997 2419 juga
1023 2375 1133 2417 saeva
1156 2369 1303 2408 Lovan.

259 2439 352 2462 nova
388 2434 464 2474 aepe
491 2424 661 2462 Beruens.
683 2425 765 2472 juga
796 2423 885 2460 dura
907 2421 1091 2458 Francius.
1119 2421 1243 2466 scilicet
1263 2431 1304 2456 ut

259 2478 405 2523 Junian.
435 2478 472 2512 ὅε
495 2476 572 2513 duo
593 2476 651 2512 alii
672 2486 775 2511 mox.
811 2472 1002 2510 indomitus
1022 2471 1190 2508 Bernens.

313 2537 375 2575 25.
403 2525 557 2576 Priore]
606 2525 718 2563 Priori
747 2535 817 2563 tres
842 2524 933 2562 libri.
955 2522 1081 2570 tristior
1102 2521 1145 2569 est
1169 2520 1303 2558 domita

262 2578 431 2616 Leidens.

316 2629 378 2666 26.
407 2635 451 2665 Ut
468 2626 516 2677 fit
529 2626 662 2678 enim]
724 2632 776 2663 Ne
798 2625 845 2673 fit
866 2625 1012 2673 Junian.
1033 2622 1133 2673 quod
1156 2622 1307 2671 expedi-

263 2679 398 2717 tiorem
417 2680 631 2717 sententiam
647 2680 764 2716 facere
787 2676 931 2715 videtur
963 2675 1117 2712 Auelori
1148 2673 1307 2711 Eleeror.

266 2729 441 2767 Etonens.
462 2731 576 2778 crescit
596 2731 725 2768 Servii.
752 2727 841 2779 quod
855 2727 953 2774 fieret
971 2725 1030 2773 [ibi
1045 2734 1111 2775 par
1133 2726 1242 2761 crevit
1264 2733 1308 2764 ey

267 2782 371 2816 aubia
393 2794 488 2816 mora
514 2780 679 2818 Bernens.
699 2789 781 2830 apta
805 2791 901 2815 mora
923 2777 1101 2824 Excerpta
1128 2775 1259 2812 Vossii.

321 2830 381 2867 28.
408 2831 471 2866 Sed
498 2832 605 2880 magis
625 2831 724 2880 hoo.]
781 2836 887 2867 Nunc
916 2827 1024 2876 magis
1053 2826 1195 2864 Barber.
1229 2825 1310 2862 haec

269 2881 414 2930 Micyll.
434 2882 574 2930 Gryph.
595 2882 685 2933 quod
696 2879 773 2931 sint
793 2881 939 2929 Junian.
966 2878 1057 2928 quod
1072 2879 1156 2927 sunt
1177 2877 1313 2926 Regius

271 2934 310 2970 ὅ(
331 2934 431 2970 aliuS.

327 2992 390 3031 29.
417 2981 473 3029 Est
499 2995 629 3033 quoque
655 2996 724 3020 non
748 2980 979 3030 minimum]
1046 2985 1129 3017 Non
1159 2977 1313 3016 nihilum

273 3034 640 3079 Rottendorphianus
667 3045 752 3072 cum
783 3031 953 3070 Leidenfi
975 3059 985 3074 ,
1023 3032 1059 3069 δε
1082 3030 1312 3069 Combianus

274 3097 342 3134 pro
371 3084 509 3121 diversa
544 3085 716 3122 leffilione.
762 3097 830 3120 non
867 3083 1017 3119 nimium
1050 3092 1209 3132 quatuor
1242 3080 1314 3120 alii.

275 3138 421 3174 Hfims.

329 3199 388 3234 32.
417 3183 565 3222 Brachia
583 3183 706 3234 lassas]
744 3191 891 3233 Corpora
902 3184 986 3232 fessa
1007 3183 1150 3230 Junian.
1171 3184 1316 3222 brachia

276 3240 358 3289 laffa
371 3248 473 3275 unus.
486 3236 568 3284 lassa
589 3236 677 3275 duo.
693 3237 784 3271 lenta
804 3236 888 3273 duo.

337 3299 396 3338 33.
428 3294 467 3324 In
496 3285 644 3335 armis.]
700 3287 842 3324 Multae
871 3285 1050 3323 editiones
1079 3285 1314 3330 vetustiores,

271 3341 401 3381 arenis.
417 3338 476 3378 sed
492 3346 617 3377 contra
634 3336 783 3387 scriptos
805 3336 949 3377 codices
962 3363 973 3383 ‚
993 3338 1030 3375 ὃς
1050 3337 1199 3387 repetita
1220 3348 1317 3376 voce

2272 1353 2398 1414 Fert

2484 1445 2486 1462 l

1349 1498 1394 1525 ex
1423 1483 1736 1541 praecedentibus.
1789 1484 1837 1522 Et
1865 1484 1955 1534 quid
1983 1485 2065 1525 sunt
2093 1485 2229 1525 nitidae
2248 1500 2413 1532 arenae?
2484 1470 2495 1502 '⁴

1350 1549 1436 1575 cum
1463 1549 1567 1573 arma
1595 1536 1711 1572 nitida
1748 1547 1987 1586 opponantur
2022 1538 2179 1578 foedatis
2214 1539 2399 1591 sanguine.

1350 1588 1424 1626 slve
1447 1587 1620 1636 sanguine
1643 1587 1761 1624 tinelis
1786 1615 1796 1631 ‚
1829 1587 1875 1626 de
1897 1588 2029 1638 quibus
2051 1589 2195 1630 vid.Cl.
2217 1591 2335 1634 Bentl.
2350 1593 2397 1634 ad

1351 1640 1485 1677 Horat.
1499 1650 1543 1675 11.
1564 1637 1639 1676 Od.
1653 1651 1679 1677 1.
1698 1637 1831 1676 Bonis.

1404 1701 1463 1741 35.
1491 1689 1596 1726 Modo
1607 1689 1752 1739 saetas]
1779 1691 1874 1727 Secia
1894 1690 2072 1731 Vatican.·

1407 1762 1467 1803 37.
1494 1757 1568 1809 Nos
1595 1766 1725 1803 quoque
1752 1767 1840 1804 quae
1863 1755 2054 1805 serimus.]
2111 1756 2300 1799 Assentior
2330 1761 2400 1808 iis,'

1352 1806 1415 1854 qui
1439 1802 1664 1842 icrtbendurn
1685 1813 1837 1854 putant,
1867 1811 1937 1842 Nos
1955 1820 2109 1857 quoque,
2137 1823 2225 1858 quae
2235 1811 2399 1859 ferimus,

1352 1855 1499 1893 tulimus
1516 1855 1709 1904 patientius
1727 1866 1830 1894 ante:
1862 1859 1967 1905 §Quod
1987 1858 2086 1893 mala
2098 1859 2173 1908 s'm
2190 1860 2292 1911 longa
2306 1863 2400 1901 mul-

1354 1907 1510 1957 riplioara
1533 1906 1596 1944 die.
1624 1907 1731 1945 DAN.
1761 1909 1906 1946 Herm.
1935 1912 1980 1945 Et
1999 1909 2098 1946 mala
2119 1910 2217 1949 reste
2245 1922 2401 1955 veteres.

1353 1969 1447 1996 unus
1468 1969 1553 1997 cuin
1583 1957 1795 1998 Bersmanni
1814 1959 1906 1997 libro
1930 1988 1941 2004 ,
1984 1973 2104 2010 quam.
2133 1965 2332 2010 quomodo
2358 1966 2398 2005 &

1355 2009 1571 2047 Gronovius
1603 2009 1836 2058 conjiciebat.
1874 2010 1969 2059 longo
1997 2011 2108 2049 etiam
2141 2013 2194 2050 die
2219 2016 2402 2056 nonnulli.

1356 2061 1503 2098 Hmus.
1532 2063 1632 2108 Quae
1645 2060 1743 2097 mala
1757 2061 1843 2099 edit.
1854 2070 1996 2098 veteres
2010 2090 2020 2106 ‚
2034 2062 2125 2111 quod
2137 2064 2247 2108 maha.
2274 2066 2398 2106 Bianor.

1357 2111 1576 2148 Continuata
1599 2123 1703 2150 unus.
1724 2112 1955 2162 praecipitata
1975 2112 2051 2150 duo
2081 2114 2118 2151 in
2140 2116 2262 2164 primo
2286 2117 2402 2157 versu.

1358 2176 1450 2200 nunc
1470 2175 1601 2213 quoque
1612 2165 1699 2212 sunt
1718 2164 1866 2209 Junian.

1416 2212 1475 2261 38.
1503 2218 1619 2260 Longa
1639 2213 1731 2261 die.]
1770 2213 1965 2255 Heinfius‚
1993 2213 2097 2262 longo.
2126 2213 2186 2252 sed
2206 2226 2283 2254 non
2303 2215 2401 2256 adeo

1359 2263 1465 2301 facile
1485 2264 1522 2300 in
1553 2270 1696 2300 textum
1721 2264 1832 2311 recipi
1856 2261 2015 2300 debuisse
2034 2263 2159 2301 credo.
2217 2267 2302 2303 Dies
2320 2269 2400 2315 fhe-

1360 2314 1493 2351 minino
1508 2326 1626 2361 genere
1654 2322 1785 2363 tempus
1806 2340 1818 2357 ,
1854 2325 1898 2352 εν
1927 2314 1999 2350 ideo
2031 2314 2246 2353 diminutive
2265 2318 2400 2356 diecula

1361 2365 1491 2401 dicitur
1508 2364 1609 2401 breve
1629 2372 1761 2413 tempus
1787 2374 1829 2402 (φ
1848 2378 1958 2401 mora.
1980 2364 2116 2403 Ascon.
2143 2367 2180 2404 1'n
2200 2368 2284 2406 Atst.
2306 2381 2334 2406 1.
2360 2371 2401 2408 in
2459 2393 2463 2398 .
2492 2347 2495 2371 ζ

1360 2417 1466 2453 Verr.
1490 2416 1590 2453 Paria
1619 2414 1764 2452 videtur
1784 2413 1924 2453 sensisse
1944 2415 2113 2453 Donatus
2135 2416 2171 2454 in
2194 2418 2309 2456 Andr.
2322 2419 2404 2458 Te·

1360 2478 1435 2504 ren.
1457 2479 1511 2504 Ν.
1533 2478 1566 2504 2.
1594 2465 1633 2503 &
1651 2465 1796 2503 Servius
1816 2465 1862 2503 ad
1879 2465 2032 2503 AEneid.
2053 2478 2097 2503 11.
2125 2467 2217 2504 diem
2235 2471 2404 2516 foemini-

1361 2532 1402 2554 no
1420 2530 1539 2567 genere
1553 2515 1699 2566 positum
1712 2525 1843 2565 tempus
1856 2518 1906 2553 ait
1926 2514 2124 2565 fignificare.
2137 2518 2319 2559 Charifius
2340 2534 2406 2561 ve·

1360 2580 1402 2606 ro
1431 2569 1491 2606 lib.
1523 2581 1549 2606 1.
1578 2567 1695 2617 ipsum
1724 2579 1876 2616 quoque
1905 2567 2115 2605 Varronem
2141 2570 2189 2608 ita
2219 2570 2404 2623 distinxisse

1361 2618 1531 2664 testatur,
1552 2628 1593 2655 ut
1605 2618 1799 2665 fheminino
1827 2618 1985 2667 temporis
2009 2619 2162 2666 spatium
2182 2620 2406 2672 significaret.

1363 2670 1534 2707 Nonium
1567 2669 1679 2706 video
1705 2697 1716 2712 ,
1771 2680 1886 2706 unum
1921 2668 1941 2706 ὲ
1979 2669 2155 2718 Turpilio
2181 2675 2405 2714 contrarium
2435 2690 2444 2699 ⁸

1363 2720 1578 2768 exemplum
1597 2719 1805 2765 adduxisse,
1834 2720 1870 2757 &
1894 2719 2112 2758 Priscianum
2136 2734 2181 2760 ex
2202 2723 2406 2765 Lucano&

1364 2771 1480 2809 Statio
1500 2770 1647 2820 fingula.
1673 2771 1732 2809 sed
1755 2770 1816 2809 ista
1838 2783 2018 2820 nusquam
2040 2773 2224 2812 maximae
2242 2774 2323 2813 sunt
2345 2788 2409 2815 au-

1367 2822 1541 2859 &ornatis
1567 2849 1576 2864 ,
1614 2823 1651 2859 &
1682 2823 1743 2860 hic
1773 2834 1898 2871 parem
1932 2821 2072 2860 Tibulli
2101 2823 2226 2863 locum
2255 2854 2265 2871 ,
2293 2837 2403 2876 quam

1365 2872 1581 2962 {Turpilium
1604 2901 1615 2918 ,
1645 2873 1831 2912 Nasonem
1853 2873 2019 2912 secutum
2043 2875 2158 2924 magis
2179 2875 2228 2914 est
2257 2877 2408 2924 credibi-¹

1380 2936 1399 2962 e
1413 2951 1425 2969 2

1419 2980 1534 3024 Longa
1556 2974 1626 3012 dies
1646 2974 1780 3012 homini
1799 2975 1914 3013 docuit
1926 2984 2047 3025 parere
2066 2975 2195 3022 leones,

1420 3031 1536 3074 Longa
1555 3027 1624 3063 dies
1644 3027 1740 3063 molli
1754 3027 1848 3076 saxa
1862 3028 1992 3076 peredit
2011 3040 2105 3076 aqua
2118 3055 2130 3073 ,
2150 3040 2224 3069 eye.

1367 3091 1440 3142 ipse
1460 3104 1536 3130 non
1555 3093 1657 3132 aliter
1678 3095 1776 3133 Met.
1795 3106 1873 3132 xxv,
1896 3104 1982 3141 147.

1421 3158 1564 3205 Tempus
1583 3156 1648 3213 erir
1661 3184 1671 3200 ,
1700 3170 1777 3213 cuno
1800 3169 1854 3193 me
1870 3156 1910 3193 de
1929 3167 2029 3195 tanto
2047 3167 2176 3209 corpore
2193 3169 2347 3212 parvam

1473 3211 1587 3255 Longa
1610 3208 1678 3244 dles
1690 3209 1819 3255 factat.

1372 3273 1410 3311 &
1430 3282 1490 3309 xv.
1510 3270 1599 3309 216.

1422 3333 1504 3374 ruit
1521 3333 1584 3372 illa
1608 3332 1696 3380 dies,
1723 3346 1792 3385 qua
1819 3344 1889 3386 σῃ
