2495 3675
266 177 361 251 358

771 169 1931 237 P.0V1D11NASON·15

551 273 817 334 Falcifem
839 274 996 331 libata
1020 273 1127 330 seni
1154 272 1266 327 duo
1293 288 1551 354 corpora,
1589 285 1778 344 gentes
1796 319 1808 337 ,

630 348 871 410 Mittite;
914 365 1049 419 quae
1074 344 1267 401 Tuscis
1291 345 1624 416 exeipiantui·
1653 348 1816 418 aquis,

561 421 754 477 Donec
781 423 835 475 in
859 420 989 476 haec
1017 419 1164 472 venit
1190 418 1510 493 Tirynthius
1538 437 1658 472 arva
1681 459 1696 483 ‚
1736 420 2023 494 quotannis

415 499 517 562 630

628 494 825 549 Tristia
853 491 1132 547 Leucadio
1157 490 1296 545 sacra
1324 491 1527 562 peraPra
1558 493 1743 548 modo,

561 567 712 625 illurn
738 565 1047 620 stramineos
1080 563 1134 618 in
1160 581 1348 636 aquam
1375 564 1560 619 misisse
1587 566 1845 637 Quirites.

639 637 889 695 Herculis
917 637 1167 708 exemplo
1193 652 1422 709 corpora
1446 637 1563 694 falsa
1587 638 1704 707 jaci.

563 714 689 768 Pars
713 725 863 784 putat
883 755 894 774 ,
936 724 995 765 ut
1024 709 1224 764 ferrent
1247 709 1468 781 juvenes
1492 710 1734 783 suffragia
1762 714 1880 777 soli,

642 785 899 840 Pontibus
923 782 1162 838 infirmos
1187 783 1545 855 praecipitasse
1569 784 1730 841 sen-es,

417 869 516 930 635
555 858 796 927 Thybri,
836 857 976 912 doce
1004 873 1220 910 verum:
1264 870 1351 911 tua
1376 856 1485 928 ripa
1511 857 1765 914 vetustior
1792 858 1955 915 Urbe.

632 931 963 1003 Principium
993 929 1124 983 ritus
1151 943 1209 984 tu
1235 929 1371 983 bene
1395 928 1539 984 noffe
1563 946 1731 1004 potes,

561 1005 799 1078 Thybris
829 1002 1192 1057 arundiferum
1221 1003 1402 1056 medio
1428 1020 1583 1074 caput
1610 1006 1800 1060 extulit
1827 1007 2009 1070 alve0;

636 1080 929 1149 Raucaque
956 1075 1186 1130 dimovit
1215 1075 1402 1130 talibus
1430 1094 1523 1130 ora
1547 1076 1710 1132 sonis:

566 1151 725 1209 Haec
750 1152 867 1204 loca
894 1149 1123 1203 desertas
1145 1149 1256 1202 vidi
1283 1148 1388 1202 fine
1416 1150 1695 1203 moenibus
1725 1151 1938 1207 herbas:

417 1233 522 1297 640

321 1437 523 1478 Fatidicum
544 1436 659 1476 verbis
669 1434 796 1485 fallere
814 1434 905 1473 velle
925 1440 1054 1474 Deum.

266 1513 370 1544 certe
383 1505 460 1553 fimi
478 1505 651 1555 proximo
676 1503 778 1540 versu
799 1502 923 1540 denuo
944 1499 1115 1546 sequitur.
1145 1498 1215 1537 Sed
1235 1498 1318 1536 Do-

270 1556 460 1595 donaeum
492 1557 561 1594 fuit
591 1556 811 1593 Oraculum.
845 1562 886 1591 ut
917 1563 962 1589 ex
989 1551 1184 1588 Macrobio
1211 1550 1271 1588 lib.
1290 1562 1319 1589 1.

272 1618 353 1655 cap.
377 1618 410 1652 7.
445 1608 483 1645 &
515 1606 709 1644 Lactantio
731 1605 791 1643 lib.
822 1618 847 1642 1.
894 1601 1047 1640 Institut.
1077 1602 1242 1639 Divinar.
1264 1601 1324 1650 38.

271 1657 454 1696 discimus.
481 1669 592 1708 quare
621 1656 849 1695 scribendum
874 1682 884 1699 ‚
916 1653 1061 1701 fatidici
1079 1652 1199 1699 Jovis.
1226 1653 1325 1701 prior

273 1708 418 1758 Syllaba
442 1711 477 1746 in
507 1709 598 1757 senis
628 1720 673 1745 ex
703 1705 832 1745 ultima
855 1704 1101 1753 praecedentis
1131 1705 1234 1741 vocis
1256 1704 1325 1741 fuit

271 1762 439 1807 repetita.
466 1760 570 1807 quod
592 1759 703 1796 errori
725 1758 866 1795 causam
888 1755 1000 1793 dedit.
1037 1756 1073 1792 ὃ(
1094 1754 1140 1792 fic
1163 1755 1324 1792 Erfurta-

270 1820 339 1848 nus
361 1809 381 1847 a
404 1821 515 1847 manu
543 1810 672 1858 prima.
702 1809 848 1846 Hnins.
904 1806 1087 1843 Arnobius
1113 1813 1240 1842 tamen
1260 1806 1321 1843 lib.

272 1872 318 1898 11.
339 1872 420 1909 pag.
440 1872 502 1908 91.
529 1874 571 1898 ex
590 1859 763 1910 Apollinis
781 1857 918 1896 monitu
940 1856 1077 1894 faenum
1099 1857 1225 1894 scribit.
1244 1856 1321 1894 vid.

273 1911 392 1949 Dion.
415 1912 498 1949 Hal.
516 1911 615 1950 lib.1.
638 1912 816 1960 Ant.cap.
842 1922 898 1958 19.
925 1908 962 1946 δε
986 1908 1110 1957 Stepli.
1129 1909 1164 1946 in
1188 1907 1322 1954 Ἀβορί-

271 1975 385 2009 γενες.
414 1962 467 1999 Βυ
475 1976 495 1999 R
504 1975 545 2001 M.

328 2028 413 2071 627.
442 2025 607 2073 Falcisero
627 2024 738 2062 libata
760 2023 870 2074 senil]
929 2021 968 2059 In
990 2020 1143 2059 denariis
1163 2020 1321 2069 antiquis

274 2076 419 2115 Saturni
451 2078 604 2125 imagini
636 2077 766 2113 falcem
799 2076 921 2111 videas
950 2071 1147 2121 subjeetarn
1171 2099 1181 2114 ‚
1216 2072 1320 2120 quod

274 2129 363 2166 huic
399 2128 472 2165 deo
510 2128 722 2166 insertiones
769 2125 992 2164 surculorum
1048 2133 1326 2172 pomorumque

274 2179 514 2217 educationes
527 2207 536 2222 ‚
549 2179 586 2216 &
600 2179 770 2215 omnium
786 2174 1041 2225 cujuscemodi
1055 2173 1227 2211 fertilium
1242 2202 1251 2217 ‚
1264 2176 1328 2212 tri-

274 2229 436 2268 buebant
466 2229 677 2277 disciplinas.
725 2229 865 2275 antiqui
897 2234 1081 2275 praeterea
1119 2224 1139 2262 ὲ
1168 2225 1324 2262 stercore

268 2280 569 2320 foecunditatem
591 2282 682 2329 agris
697 2279 740 2316 ab
763 2279 825 2315 illo
840 2284 1103 2325 comparatam.
1117 2277 1213 2312 unde
1234 2281 1326 2312 Ster-

278 2342 378 2369 cutus
399 2331 440 2369 fit
463 2330 589 2369 ditius.
626 2329 853 2380 Cyrenenses
875 2339 1028 2378 quoque
1050 2327 1164 2377 mellis
1187 2338 1228 2363 ac
1250 2327 1322 2364 fru-

279 2382 406 2420 &uum
432 2391 656 2429 repertorem
687 2380 879 2418 censebant
907 2379 1115 2416 Saturnum.
1144 2377 1324 2414 Videatur

279 2433 494 2471 Macrobius
517 2431 692 2469 Saturnal.
721 2432 813 2469 libro
835 2429 956 2478 primo
977 2441 1055 2476 cap.
1075 2440 1107 2474 7.
1153 2428 1213 2465 De
1232 2427 1324 2465 falce

278 2492 405 2523 tamen
426 2483 569 2521 Saturni
602 2484 710 2521 aliam
737 2483 919 2519 rationem
950 2480 1050 2517 idem
1085 2481 1203 2528 capite
1236 2490 1326 2516 mox

277 2535 506 2583 subsequenti
535 2534 636 2572 addit
662 2562 672 2579 ,
712 2534 828 2578 κρονὸν
858 2543 994 2579 nempe
1028 2532 1066 2568 &
1095 2531 1210 2571 τρὸυσν
1246 2541 1329 2567 eos-

277 2586 362 2623 dem
385 2585 455 2622 effe
470 2613 479 2628 ‚
509 2586 567 2622 cui
587 2585 716 2622 falcem
745 2584 832 2622 ideo
852 2583 1014 2630 assignari
1030 2610 1040 2626 ‚
1067 2580 1168 2630 quod
1182 2590 1329 2629 tempus

279 2646 393 2673 metat
413 2638 539 2674 omnia
563 2637 600 2672 ὅ(
620 2637 767 2673 incidat.
793 2633 969 2682 probabili
989 2633 1070 2669 sarie
1092 2641 1328 2680 argumento.

282 2688 364 2723 Nec
383 2696 507 2724 tamen
531 2686 730 2734 respuenda
750 2688 847 2733 prior
869 2682 961 2720 ratio
978 2683 1037 2719 est.
1085 2684 1182 2718 Nam
1206 2683 1244 2718 ὅ(
1265 2682 1327 2718 Sa·

282 2738 381 2774 turni
400 2738 528 2775 falcem
553 2738 588 2774 in
610 2738 768 2774 Siciliam
794 2732 966 2772 decidifle
994 2732 1140 2769 fabulati
1165 2732 1244 2769 sunt
1267 2743 1330 2768 ve-

282 2795 398 2829 teres,
428 2790 529 2836 quod
558 2789 649 2825 haec
681 2786 793 2825 insula
820 2796 905 2833 prae
935 2785 1062 2821 ceteris
1092 2782 1112 2819 a
1144 2782 1328 2819 fertilitate

284 2838 578 2875 commendetur.
618 2838 720 2886 Quid
751 2836 853 2885 quod
874 2834 988 2882 ipsum
1018 2834 1164 2870 saturni
1186 2845 1328 2871 nomen

285 2900 306 2926 a
325 2894 410 2924 Sara
430 2891 654 2935 grammatici
678 2885 892 2926 deducunt?
923 2886 1066 2922 Hnins.

338 2947 421 2985 (229.
453 2943 565 2974 Donec
592 2939 627 2974 in
650 2938 731 2975 haec
757 2937 893 2987 venia]
950 2937 1024 2973 Hic
1047 2936 1169 2973 mitius
1191 2936 1331 2973 oraculi

284 2999 450 3028 mentem
480 2989 734 3035 interpretatus
756 3017 765 3032 ‚
802 2999 1034 3036 omnemque
1062 2986 1332 3030 ἀνθρωποθυσῖαν

283 3041 328 3078 ab
350 3039 449 3077 Italia
470 3039 606 3087 rejecit.
636 3038 704 3074 Sed
727 3049 821 3085 quae
844 3039 943 3075 cursu
966 3039 1133 3075 aevinon
1149 3036 1330 3075 redeunt?

285 3091 395 3130 Trita
419 3092 455 3125 ὅ(
479 3090 621 3134 vulgara
645 3087 693 3123 est
722 3089 782 3124 sub
807 3089 984 3135 aliquibus
1006 3088 1214 3126 Caesaribus
1235 3090 1326 3126 exti-

285 3143 399 3191 spicio
421 3140 566 3188 puerilis
585 3137 770 3174 viciiinae.
800 3138 857 3174 De
878 3137 1028 3186 antiquit
1050 3139 1147 3184 plura
1172 3140 1278 3184 vide,
1305 3138 1329 3176 si

283 3201 425 3234 vacat,
479 3190 575 3239 apud
604 3189 798 3226 Eusebium
834 3189 893 3225 lib.
927 3200 980 3226 iv.
1029 3191 1093 3231 τῆς
1126 3193 1331 3235 Upon-apae.

287 3245 465 3284 Nsapot.

336 3297 422 3359 63¹0.
451 3307 574 3359 Tristia
607 3307 774 3347 Leucadio
797 3308 902 3359 sacra
933 3309 1071 3359 perucia
1108 3309 1218 3360 Dea]
1271 3311 1333 3350 Sic

633 1223 882 1280 Pascebat
910 1221 1109 1294 sparsos
1135 1235 1359 1293 utraque
1383 1221 1495 1293 ripa
1520 1222 1698 1278 boves.

2350 1302 2422 1359 Et

1371 1444 1505 1473 ornnes
1524 1432 1606 1472 libri
1626 1433 1757 1483 scripti.
1785 1446 1909 1484 neque
1939 1434 2042 1474 aliter
2069 1438 2162 1486 apud
2186 1439 2424 1481 Laetantium

1371 1485 1484 1523 hodie
1510 1485 1653 1534 legitur.
1694 1486 1809 1535 quue
1839 1495 1962 1535 aperte
1990 1489 2029 1525 ὅς
2058 1487 2199 1528 strenue
2228 1492 2426 1532 confirmat

1375 1536 1492 1574 Ovid.
1514 1537 1587 1585 ipse
1604 1537 1665 1574 lib.
1682 1549 1718 1575 v.
1746 1537 1859 1576 Trist.
1878 1538 1979 1587 Eleg.
2000 1551 2063 1576 ιιι.

1431 1587 1523 1625 Hinc
1541 1601 1593 1636 ego
1613 1587 1699 1625 dum
1719 1600 1855 1631 muter,
1883 1589 1943 1625 vel
1963 1604 2016 1626 me
2037 1590 2189 1628 Zanclea
2201 1591 2399 1642 Charybdis

1484 1643 1638 1675 Devoret
1651 1667 1661 1683 ‚
1689 1650 1796 1690 atque
1807 1640 1881 1687 suis
1901 1641 1950 1676 ad
1967 1647 2074 1690 Styga
2094 1643 2219 1680 mittat
2240 1645 2362 1693 aquis:

1422 1688 1492 1727 Vel
1510 1689 1651 1738 rapidae
1660 1689 1822 1740 flammis
1846 1704 1931 1727 urar
1946 1694 2120 1739 patienter
2139 1693 2177 1730 in
2197 1700 2329 1732 AEtnae
2340 1722 2353 1740 ,

1483 1740 1541 1777 Vel
1549 1742 1649 1787 freta
1666 1742 1829 1778 Leucadii
1850 1743 1976 1779 mittar
1995 1743 2032 1779 in
2054 1743 2131 1780 alta
2157 1746 2238 1782 Dei.

1379 1806 1550 1846 Crosan.
1584 1807 1627 1845 In
1648 1820 1758 1853 meo,
1786 1809 1849 1856 qui
1872 1810 1931 1847 vix
1951 1809 2024 1858 legi
2048 1811 2189 1856 potest,
2215 1811 2309 1850 adeo
2321 1812 2428 1852 tineis

1377 1858 1548 1903 adrosus‚
1578 1859 1746 1912 Leucadio
1771 1870 1810 1896 ut
1822 1863 1924 1907 sacra
1939 1863 2077 1908 perabla
2108 1867 2191 1899 Deo.
2217 1863 2259 1899 ad
2285 1876 2430 1903 vetum.

1377 1909 1505 1947 Strabo
1526 1910 1575 1947 lib
1609 1924 1644 1947 x.
1669 1914 1727 1949 Ἠν
1748 1911 1767 1961 [7²
1791 1912 1848 1959 ³:90?
1868 1909 2002 1965 mlv-geor
2029 1916 2096 1954 τοῖς
2125 1914 2323 1956 Λώκοιὲιόις
2347 1921 2429 1954 κατ’

1379 1964 1528 2003 chiaus-bu
1557 1964 1593 2003 οἷν
1616 1969 1658 2018 τῇ
1685 1970 1794 2018 θυσίᾳ
1818 1967 1843 2008 Ξ
1874 1967 2084 2012 Ἀπόλλωνῶυ
2105 2000 2115 2017 ,
2154 1969 2217 2008 xm*
2244 1971 2272 2008 ’θ’
2301 1974 2426 2020 exon-34

1379 2022 1523 2073 ῥιπἿεῖοῧς
1551 2020 1639 2062 vavae}
1668 2022 1699 2060 Ψ
1728 2021 1764 2060 οἶν
1794 2023 1917 2063 αἰτίαις
1944 2023 2037 2062 ὅντων
2058 2054 2069 2073 ,
2118 2023 2280 2067 λ’πυκοπῖἱς
2305 2026 2428 2079 χάριν,

1382 2075 1609 2126 ὲξσιπἾομεῦων
1637 2078 1668 2122 ἒξ
1695 2078 1788 2115 οιιῖτὲ
1816 2077 2036 2117 παντοδαπῶν
2065 2078 2170 2125 πἿερὲιῖν
2193 2110 2202 2125 ,
2240 2084 2273 2132 ,9
2299 2081 2425 2131 ὀρνέων,

1382 2131 1593 2182 οἷνοικκφίζε-ιν
1620 2129 1804 2183 διωκμᾙων
1833 2136 1876 2184 τῇ
1903 2130 1996 2177 vilae-d
2024 2136 2061 2171 τό
2081 2130 2197 2181 ἅλμα·
2225 2133 2427 2185 ὼοῖεχεαζ

1382 2186 1401 2235 5
1428 2182 1525 2224 κοίταν
1547 2191 1685 2239 pangaei}
1703 2189 1820 2226 &alaim
1842 2186 1959 2237 κύκλῳ
1982 2187 2179 2229 &segnes
2197 2187 2334 2229 ποὴἰκὲςΑ
2366 2191 2427 2238 ,(9ιᾷ

1380 2241 1567 2293 &Tagen
1598 2243 1641 2283 εἷς
1667 2240 1800 2291 &drawn
1832 2243 1862 2281 ἧς
1891 2243 1961 2292 ’ὅρων
1999 2243 2058 2288 ’ἔξω
2088 2241 2141 2280 τὶν
2172 2244 2424 2293 οἰνωληφθέντοι.

1382 2296 1506 2333 Num.
1538 2298 1621 2333 [mo
1644 2298 1793 2332 Lucadio
1816 2298 1914 2332 modo
1935 2309 2018 2334 cum
2046 2297 2221 2345 Naugerii
2237 2326 2246 2340 ‚
2279 2298 2427 2345 Ursini,

1382 2347 1520 2384 Mazar.
1539 2346 1682 2384 Zulich.
1704 2350 1742 2384 ὅ(
1768 2347 1910 2384 duobus
1934 2347 2021 2384 aliis.
2049 2359 2118 2384 nec
2139 2348 2241 2385 aliter
2267 2349 2425 2387 Lactan-

1380 2398 1463 2435 tius.
1493 2397 1578 2435 vide
1606 2399 1822 2435 Strabonem
1853 2398 1912 2435 lib.
1935 2410 1968 2435 x.
1999 2397 2045 2436 de
2069 2399 2142 2435 hoc
2163 2399 2244 2436 ritu.
2283 2401 2428 2440 i-izms.

1382 2449 1509 2496 Quem
1535 2448 1607 2486 vid.
1628 2450 1673 2485 ad
1703 2461 1739 2486 v.
1759 2448 1869 2486 Trist.
1889 2461 1921 2486 ii
1956 2449 2014 2493 76.
2043 2448 2211 2486 Turneb.
2232 2462 2310 2487 xix.
2329 2451 2428 2489 Adv.

1386 2511 1441 2544 17.
1469 2498 1568 2537 rene
1588 2500 1768 2548 explicat,
1794 2500 1966 2537 homines
1986 2500 2022 2538 iii
2050 2511 2185 2547 aquam
2215 2502 2429 2548 praecipita-

1381 2558 1439 2587 tos
1458 2578 1468 2593 ‚
1498 2558 1537 2587 ut
1568 2550 1681 2599 aliqui
1710 2550 1744 2587 se
1773 2562 1817 2588 ex
1849 2550 2037 2589 Leucadia
2063 2560 2162 2597 petra
2192 2553 2429 2600 praecipitare

1381 2601 1561 2638 solebant.
1577 2602 1623 2637 de
1644 2613 1722 2650 qno
1743 2601 1828 2639 vide
1848 2601 1893 2638 ad
1913 2601 2095 2649 Epist.xv.
2126 2603 2204 2647 165.

1435 2652 1520 2699 631.
1547 2652 1758 2688 stramineos
1777 2652 1816 2689 in
1840 2665 1972 2702 aquam
1995 2650 2112 2701 mififfit
2129 2650 2323 2701 Quiritem]
2373 2652 2429 2691 Si-

1385 2701 1511 2737 milem
1536 2702 1610 2738 fere
1633 2702 1743 2739 ritum
1777 2703 1919 2751 Lipsiae
1949 2715 1969 2740 a
1994 2700 2239 2739 meretricibus
2269 2703 2429 2742 celebra·

1383 2760 1463 2789 tum
1483 2751 1600 2789 scribit
1620 2752 1777 2790 Pfeiffer.
1792 2755 1930 2791 Rerum
1955 2750 2196 2799 Lipfienfium
2223 2752 2283 2790 lib.
2306 2767 2372 2791 ιιι.
2390 2756 2428 2799 ᾗ.

1389 2802 1443 2839 ι8.
1473 2803 1548 2839 illas
1567 2802 1699 2840 seilicet
1717 2803 1835 2842 solitas
1861 2805 1951 2841 olim
1973 2802 2096 2849 primis
2113 2802 2245 2851 jejunii
2271 2805 2426 2852 quadra-

1384 2855 1522 2901 genarii
1544 2853 1670 2891 diebus
1691 2855 1889 2902 imaginem
1920 2853 2151 2889 stramineam
2172 2853 2350 2893 deformis
2373 2857 2428 2894 vi-

1386 2906 1439 2947 ri,
1465 2903 1576 2951 longa
1596 2905 1732 2952 pertica
1751 2904 1911 2940 suffixam
1927 2931 1937 2945 ‚
1957 2903 2131 2951 sequente
2143 2906 2247 2942 omni
2263 2907 2428 2945 meretri-

1387 2966 1470 2991 cum
1489 2955 1661 3001 agmine,
1692 2953 1808 2990 tuliffe
1836 2953 1879 2989 ad
1913 2953 2061 2990 Pardam
2082 2953 2219 2992 flumen
2236 2984 2245 2999 ‚
2282 2957 2428 3006 ibique,

1388 3017 1470 3042 cuni
1498 3004 1715 3041 carminibus
1751 3005 1786 3040 iri
1821 3004 1988 3050 pallidam
2019 3014 2178 3042 mortem
2206 3034 2217 3050 ,
2254 3009 2428 3057 praecipi·

1387 3054 1494 3098 talse;
1510 3055 1670 3092 dicentes
1688 3054 1721 3090 se
1739 3054 1883 3092 lustrare
1902 3054 2028 3091 urbem
2046 3083 2055 3098 ‚
2083 3065 2121 3092 ut
2145 3056 2309 3105 sequenti
2329 3070 2427 3096 anno

1384 3119 1402 3143 a
1425 3105 1620 3153 pestilentia
1634 3103 1718 3141 effet
1743 3106 1932 3143 immunis.
1960 3108 2087 3154 Quam
2109 3106 2167 3143 ille
2186 3110 2425 3147 cerimoniam

1384 3169 1402 3193 a
1427 3157 1580 3193 Venetis
1604 3156 1750 3203 Poputis
1779 3159 1921 3204 repetit.
1948 3156 1993 3193 de
2023 3158 2096 3194 hoc
2128 3170 2217 3195 vero
2249 3161 2317 3197 ritu
2343 3160 2426 3197 vide

1383 3209 1456 3245 late
1484 3215 1653 3255 agentern
1675 3206 1883 3244 Colum.ad
1907 3207 2013 3244 Ennii
2036 3208 2215 3257 fragmen.
2238 3222 2282 3247 eir
2303 3223 2330 3248 i.
2347 3212 2428 3248 An-

1386 3258 1455 3296 nal.
1480 3269 1557 3306 pag.
1582 3257 1639 3294 28.
1682 3260 1744 3304 qui
1766 3267 1889 3295 tamen
1912 3258 2033 3295 nescio
2055 3260 2150 3297 unde
2173 3259 2425 3303 Dodonaeum

1387 3309 1605 3359 Apollinem
1632 3309 1801 3357 petierit,
1839 3320 1885 3347 ex
1917 3309 2018 3358 cujus
2043 3311 2215 3360 responso
2243 3312 2338 3350 sacra
2367 3309 2424 3347 illa

2357 3371 2427 3398 ini-
