2495 3675
561 170 606 227 F
677 170 732 227 A
805 171 841 228 S
910 169 971 227 T
1038 166 1225 273 O²IR
1298 166 1367 224 U·
1426 165 1497 223 M
1606 167 1801 241 LIss.
1872 168 1939 229 Il.-

2186 185 2280 236 117

421 285 679 348 Pulcher,
719 285 774 339 δε
800 285 1034 340 humano
1059 282 1248 352 major,
1296 282 1584 357 trabeaque
1610 280 1842 336 decorus

496 359 761 414 Romulus
785 359 839 410 in
867 355 1042 409 medi-21
1067 354 1204 408 visus
1228 353 1401 410 adess'e
1430 355 1541 409 via:

281 448 383 506 505
419 430 494 486 Et
517 430 702 486 dixiffe
725 427 900 487 simul,
940 425 1174 480 Prohibe
1200 427 1381 498 lugere
1408 428 1674 500 Quirites:

494 503 611 557 Nec
636 502 838 555 violent
865 498 1092 552 lacrimis
1117 500 1333 552 numina
1359 507 1531 554 nostra
1555 500 1672 554 suis.

421 575 573 630 Tura
594 573 793 634 ferant,
830 571 1148 641 placentque
1172 588 1373 625 novum
1400 573 1484 643 pia
1509 572 1660 627 turba
1686 570 1991 645 Quirinum.

492 646 564 700 Et
588 644 776 714 patrias
800 655 937 696 artes
964 642 1311 715 militiamque
1335 646 1528 699 colant.

413 715 595 790 Juffit:
638 715 694 770 &
718 716 773 769 in
801 728 987 769 tenues
1012 716 1177 770 oculis
1203 717 1415 771 evanuit
1439 735 1602 772 auras.

282 813 379 864 510
491 788 773 844 Convocat
796 788 883 841 hic
906 789 1159 859 populos:
1195 788 1432 862 jussaque
1463 791 1620 844 verba
1643 791 1824 845 refert.

415 861 646 932 Templa
672 860 794 914 Deo
817 859 967 917 fiunt.
989 860 1135 914 collis
1162 878 1379 933 quoque
1408 863 1579 918 dictus
1608 863 1670 918 ab
1697 863 1826 918 illoz.

486 934 558 989 Et
582 931 822 988 referunt
845 932 981 987 certi
1004 932 1142 987 sacra
1165 947 1382 1005 paterna
1409 935 1539 991 dies,

120 1147 288 1188 tullianus
307 1147 345 1187 δί
365 1146 585 1197 Augustinus
602 1157 680 1185 non
698 1158 775 1184 uno
795 1146 883 1185 loco
898 1174 908 1190 ,
934 1144 1029 1184 hanc
1048 1145 1160 1184 histo-

123 1202 214 1238 riam
244 1206 582 1237 commemorantes
603 1212 614 1240 ;
652 1198 823 1235 Eusebius
850 1199 960 1235 etiam
979 1198 1016 1235 in
1039 1198 1159 1235 Chro-

121 1251 208 1288 nico
235 1250 279 1288 ad
306 1262 444 1288 annum
469 1261 590 1287 mccc.
608 1248 737 1291 Ιοῦλισς
760 1248 922 1292 Πρόκλος
941 1248 989 1285 est
1019 1247 1156 1285 Plutar-

120 1302 205 1339 cho.
233 1301 361 1339 Livius
397 1302 507 1339 etiam
532 1301 594 1337 lib.
612 1312 640 1337 1.
669 1311 747 1348 cap.
772 1300 826 1335 16.
872 1298 972 1343 Julii
1011 1310 1153 1336 nomen

121 1351 318 1401 postponit.
368 1351 434 1389 nisi
454 1349 558 1400 quod
587 1350 773 1387 Proculum
806 1349 975 1386 nonnulli
1010 1360 1054 1385 ex
1085 1349 1152 1393 iis,

120 1401 255 1439 omiffo
281 1401 378 1447 Julii
407 1401 649 1450 praenomine
670 1427 682 1444 ,
719 1399 953 1448 appellarunt.
980 1397 1153 1436 Eusebius

119 1461 242 1490 autem
265 1453 302 1490 in
315 1452 509 1490 Chronicis
528 1450 573 1488 ad
593 1461 731 1487 annum
747 1461 863 1487 Mch.
889 1448 996 1494 hujus
1016 1449 1155 1486 Procu-

115 1502 142 1541 li
165 1503 348 1551 originem
372 1501 392 1539 ὲ
412 1501 554 1551 regibus
573 1499 904 1538 Albanis-deducit.
930 1497 1033 1536 fuisse
1053 1500 1154 1537 enim

120 1552 302 1591 Rernulae
331 1552 445 1601 Sylvii
479 1552 665 1600 Agrippae
690 1550 767 1588 filio
791 1577 802 1594 ,
849 1561 962 1598 quem
997 1549 1154 1587 fulmine

121 1601 324 1652 percussum
350 1602 507 1646 constat,
533 1602 669 1648 Julium
693 1609 820 1638 natum
837 1628 846 1644 ‚
868 1600 931 1649 qui
951 1600 1155 1649 fueritpro-

122 1665 210 1691 avus
228 1653 325 1700 Julio
348 1653 469 1690 nostro
493 1652 660 1690 Proculo.
687 1651 885 1689 Proculum
914 1658 1037 1688 autem
1067 1663 1154 1689 cum

124 1703 290 1741 Romulo
317 1701 453 1740 venisse
476 1703 638 1740 Romam
667 1714 709 1740 ac
738 1711 885 1749 gentem
908 1701 1042 1748 Juliam
1070 1703 1154 1739 fun-

120 1752 229 1793 dasse.
256 1753 357 1803 quod
374 1753 494 1791 nescio
525 1765 571 1791 an
596 1753 692 1802 apud
715 1753 827 1791 alium
856 1753 1069 1802 scriptorem
1097 1753 1155 1791 in.-

122 1806 256 1842 venias.
285 1804 423 1842 Hzms.

170 1867 254 1903 499.
282 1854 439 1892 Veniebat
455 1854 582 1901 Julius
603 1853 734 1904 Alba]
781 1854 857 1892 Hic
878 1852 982 1892 fassus
1004 1855 1153 1893 Romuss

114 1904 194 1943 lum
216 1903 358 1949 vidisse,
385 1906 476 1943 &in
496 1918 542 1943 eo
563 1905 650 1956 quid
670 1905 835 1942 humano
847 1906 981 1953 majus:
1010 1906 1061 1943 isti
1074 1918 1153 1944 cre·

117 1955 234 1993 ditum
252 1984 262 2000 ‚
289 1957 326 1994 ὃ(
346 1956 454 1994 sedati
473 1956 585 2004 plebis
610 1956 747 2000 animi,
775 1968 859 1993 curn
890 1957 928 1993 ὃς
958 1955 1152 2006 ἀίᾶἰε]υε-

107 2005 308 2054 jurandum
328 2005 522 2044 addidisset.
550 2007 758 2055 Xiphilinus
777 2006 838 2044 sub
851 2005 961 2043 finem
975 2007 1149 2056 Augusti:

114 2052 248 2096 'Exeivn
267 2057 306 2093 δὲ
321 2085 331 2100 ,
361 2057 469 2095 Livia
483 2085 493 2101 ,
513 2058 688 2103 Νουμερίῳ
709 2059 776 2093 wi
795 2058 953 2104 Ἀττικῷ
973 2058 1151 2103 βουλευτῇ

112 2105 406 2153 ἔςριιτηγηκοτῖ,
434 2109 545 2144 πέντε
565 2109 626 2143 καῖ
650 2107 757 2144 ε’ίκοσι
787 2108 960 2153 μυριάδας
979 2108 1151 2153 ἐχαρίσα-

114 2171 180 2202 το,
208 2157 262 2196 ὅτι
285 2160 344 2195 'rev
367 2158 547 2205 Αὔγονςσν
570 2158 606 2200 ἐς
627 2158 688 2195 τὸν
707 2157 863 2202 οὗρκνῦν,
891 2161 993 2196 κατὰ
1014 2161 1063 2195 rie
1084 2172 1149 2196 πε-

115 2210 146 2254 ρὶ
170 2211 232 2246 τοῦ
251 2210 412 2251 Πρόκλου
440 2210 502 2245 καὶ
534 2211 614 2253 orep?
643 2211 706 2245 τοῦ
729 2207 906 2253 Ῥωμύλου
942 2210 1146 2255 λεγόμενοι,

112 2258 256 2296 ἀνιόντα
278 2260 460 2304 ἑωρακέναι
479 2261 603 2306 ὤμοσε.
630 2260 832 2309 Perjurium
854 2261 940 2297 illud
963 2261 1063 2298 velut
1082 2261 1146 2298 he-

110 2310 318 2348 reditarium
345 2310 466 2359 postea
492 2311 569 2349 usui
593 2310 662 2348 fuit
680 2312 716 2348 in
739 2311 844 2348 omni
866 2310 1038 2348 Caesarea
1057 2323 1147 2348 con-

115 2360 322 2398 secratione.
348 2360 503 2408 Justinus
522 2362 663 2410 Martyr
683 2360 868 2410 Apologia
888 2374 933 2398 11.
960 2368 1063 2398 Porro
1087 2374 1147 2398 cur

118 2411 292 2446 morientes
312 2411 404 2458 apud
424 2425 484 2447 vos
506 2418 723 2459 Imperatores
732 2412 862 2460 semper
882 2412 1148 2449 immortalitati

113 2459 297 2506 consecrare
315 2459 744 2508 dignamini,producentes
757 2461 966 2508 quempiam,
979 2462 1040 2510 qui
1050 2462 1146 2509 jure-

111 2508 263 2556 jurando
276 2508 448 2554 confirmet
463 2536 472 2552 ,
486 2510 602 2557 vidiffe
615 2515 649 2555 se
661 2511 677 2544 ἒ
689 2510 811 2556 rogoin
829 2510 959 2545 caelum
971 2512 1146 2557 aftemlere

111 2559 291 2595 ardentem
312 2559 517 2606 Caesarem?
545 2557 693 2605 Insignis
703 2560 813 2595 etiam
833 2559 876 2596 ad
901 2571 1045 2596 morem
1067 2559 1145 2597 Ta·

110 2609 198 2645 tiani
232 2606 367 2656 Assyrii
392 2609 493 2645 locus
525 2610 559 2645 in
594 2608 776 2645 Oratione
805 2617 930 2646 contra
958 2610 1142 2654 Graecos,

108 2658 154 2695 de
176 2659 345 2695 Antinoo
367 2659 403 2694 in
434 2658 541 2696 Luna
571 2658 614 2696 ab
642 2659 799 2719 antiquis
826 2657 1021 2707 imposito:
1051 2661 1141 2703 Τῖς,

108 2708 250 2758 inquit,
279 2709 294 2745 ὁ
313 2707 537 2754 ἀναβιβάσας
556 2707 684 2751 axia-Bm
714 2721 743 2744 ει
765 2709 851 2754 μήτι
872 2711 934 2745 ux?
955 2712 1080 2745 τοῦτον
1098 2709 1142 2752 ὡς

109 2761 188 2800 τοῦς
205 2758 378 2804 βασιλέκς
391 2787 401 2803 ,
429 2753 581 2802 μισόοῦῖἔ
600 2757 634 2794 δι’
656 2757 830 2802 ἐπιορκίκς
851 2773 926 2804 τις,
958 2761 1037 2800 ’τοῦς
1053 2759 1141 2802 θεοὺς

108 2811 324 2855 καταγελῶν
346 2837 357 2853 ,
395 2808 443 2852 εἷς
467 2810 529 2848 τὸν
555 2808 689 2855 οὐρανὸν
715 2810 967 2850 ἀνεληλυθέναι
994 2811 1137 2857 φήσεις,

105 2859 342 2900 πεπὶςευτειι.
367 2860 488 2897 Nem.

157 2923 241 2958 500.
270 2917 434 2957 Lunaque
446 2909 638 2959 fulgebat]
667 2911 828 2960 Surgebat
839 2912 962 2950 PetaV.
986 2912 1023 2950 δί
1041 2913 1135 2952 mul-

100 2962 129 2999 ti
147 2961 219 2999 alii.
247 2963 356 2999 etiam
378 2962 481 2999 bene.
502 2961 548 2999 fic
567 2962 661 3001 Met.
680 2974 770 2999 ν111.
797 2975 853 3001 11.

151 3032 253 3063 Sexta
273 3025 488 3075 resurgebant
506 3026 643 3063 orientis
662 3041 787 3064 cornua
810 3033 940 3067 Lunae.

99 3092 246 3130 Herus.
288 3091 363 3128 Ubi
393 3092 521 3129 itidem
552 3091 762 3140 refulgebant
790 3092 939 3141 quidam
972 3092 1132 3131 codices.

98 3142 251 3179 vid.lib.
272 3155 318 3179 11.
339 3143 430 3180 Met.
449 3155 510 3191 92..
547 3142 700 3179 oblitum
729 3143 778 3180 sui
812 3143 994 3180 Ovidium
1026 3152 1130 3180 notat

99 3191 252 3237 Scaliger
271 3192 305 3229 d.
323 3192 345 3229 l.
364 3193 427 3241 qui
458 3194 494 3229 in
527 3193 723 3229 interlunio
746 3191 872 3230 fulliffe
891 3193 1014 3231 lunam
1033 3193 1131 3230 dicit.

98 3239 157 3277 sed
180 3240 272 3277 forte
297 3243 428 3279 vitium
459 3242 506 3280 est
537 3244 571 3279 in
603 3243 665 3280 illo
682 3242 840 3291 fulgebat
862 3271 872 3286 ‚
907 3244 944 3280 δε
975 3244 1127 3280 verbum
1185 3242 1247 3280 ubi
1279 3255 1372 3280 unus
1401 3245 1522 3281 Vatic.
1552 3243 1633 3283 Urs.
1665 3246 1702 3281 ὃ(
1734 3244 1863 3282 Maffei
1886 3273 1895 3289 ‚
1940 3254 1960 3289 p

2132 1005 2270 1063 Lux·

1215 1149 1318 1188 fuisse
1338 1149 1528 1194 tenebras;
1556 1149 1659 1201 quod
1680 1149 1866 1200 sequentia
1884 1148 1930 1187 cle
1954 1146 2107 1186 nubibus
2128 1145 2261 1184 viden-

1212 1201 1455 1239 turindicare.
1482 1203 1564 1240 dein
1583 1230 1594 1246 ‚
1615 1215 1672 1238 nec
1686 1201 1778 1248 facis
1799 1202 1876 1250 usus
1888 1209 1962 1238 erat
1976 1227 1986 1243 ‚
2014 1199 2269 1253 interpretor-„1

1214 1262 1290 1288 non
1317 1251 1476 1290 habuisse
1508 1254 1626 1290 facem
1656 1253 1853 1290 Proculum
1879 1280 1890 1296 ‚
1935 1249 1993 1288 sed
2032 1249 2069 1286 in
2101 1247 2256 1284 tenebris

1213 1301 1331 1339 subito
1353 1302 1540 1341 emicuisse
1563 1304 1702 1340 tonitru
1717 1330 1727 1346 ‚
1757 1304 1794 1340 δε
1822 1304 1871 1340 ita
1892 1297 2088 1351 apparuiffe
2111 1299 2259 1336 Romu-

1207 1351 1298 1389 lum.
1320 1352 1468 1391 videant
1481 1354 1672 1391 acutiores.
1699 1352 1828 1390 BuRm.

1262 1415 1345 1450 501.
1373 1409 1463 1453 Sepes
1492 1403 1698 1452 tremuere.]
1749 1403 1863 1441 Prim.
1894 1399 2067 1439 Ambros.
2085 1400 2252 1449 sonuere3

1211 1452 1250 1489 ὅτ
1269 1464 1408 1491 novem
1433 1455 1504 1491 alii.
1533 1454 1681 1503 quidam
1699 1482 1709 1498 ,
1730 1453 1834 1490 nubes
1857 1466 2013 1494 crevere,
2041 1463 2134 1500 quos
2157 1453 2252 1488 inter

1210 1503 1350 1541 Mazar.
1371 1505 1409 1542 &
1427 1505 1569 1542 Zulich.
1589 1506 1627 1542 &
1647 1504 1790 1542 Arond.
1816 1516 1882 1553 pro
1903 1513 2060 1553 crepuere.
2087 1512 2253 1550 quomo-

1210 1553 1260 1591 do
1282 1554 1380 1593 redte
1410 1555 1625 1598 Vossianus,
1653 1555 1779 1593 addito
1807 1555 2153 1603 interpretamento,
2185 1550 2256 1589 Dis

1201 1606 1393 1653 prosperae,
1423 1605 1618 1643 hominibus
1629 1605 1797 1654 finislrae.
1825 1614 1864 1642 ut
1885 1605 1928 1642 ad
1955 1615 2069 1642 omen
2092 1602 2250 1646 alludat,

1208 1656 1311 1703 quod
1332 1668 1375 1693 ex
1397 1656 1533 1694 finistro
1554 1657 1710 1695 fulmine
1731 1667 1773 1693 ac
1790 1657 1930 1694 tonitru
1942 1654 2145 1704 captabant.
2163 1653 2253 1690 Vir?

1207 1706 1268 1755 gil.
1286 1706 1347 1744 lib.
1370 1719 1457 1744 vm.
1479 1719 1561 1756 527.

1259 1773 1636 1822 Suspicirtnt:,iterum
1665 1782 1770 1822 atque
1797 1773 1924 1810 iterum
1947 1772 2070 1821 fragor
2097 1770 2250 1820 increpat·

1382 1837 1510 1872 tngens.

1260 1878 1379 1911 Arma
1401 1876 1492 1912 inter
1512 1874 1635 1912 nubem
1657 1874 1740 1912 caeli
1755 1875 1884 1925 regione
1897 1871 2022 1920 sereno}

1258 1930 1324 1961 Per
1331 1926 1464 1971 sudum
1485 1926 1633 1963 rutilare
1650 1926 1774 1963 vident
1789 1955 1798 1971 ‚
1827 1936 1870 1965 ω’
1887 1923 1984 1974 pulsa
2003 1934 2134 1961 tonare.

1205 1990 1254 2028 ita
1274 1991 1527 2029 vetustiffimus
1555 1991 1674 2029 codex
1708 1990 1912 2028 Mediceus.
1947 1990 2139 2037 Perperam
2167 1989 2250 2028 vul-

1205 2042 1303 2089 gau,
1321 2044 1444 2090 fragor
1464 2043 1613 2079 intonat.
1641 2054 1733 2084 cum„
1757 2053 1874 2078 tonare
1897 2053 1986 2077 mox
2006 2040 2250 2089 subsequatur.

1203 2091 1367 2139 sequenti
1407 2094 1521 2130 versu.
1571 2093 1844 2140 horrueruntque
1870 2103 1935 2138 pro
1974 2090 2249 2139 horrueruntque
2318 2135 2320 2139 Ι

1203 2141 1328 2180 Petav.
1348 2144 1484 2180 Mazar.
1507 2143 1626 2181 Urfin.
1646 2141 1749 2180 Voss.
1778 2144 1816 2179 &
1847 2141 1976 2178 decem
2007 2142 2078 2178 alii.
2105 2141 2149 2179 de
2167 2153 2246 2189 quo

1203 2192 1248 2230 ad
1269 2192 1379 2241 Epist.
1401 2206 1473 2231 vu.
1491 2194 1546 2237 >31st
1572 2194 1652 2232 166.
1682 2194 1826 2231 Herus.
1855 2192 1976 2241 Species
1993 2194 2135 2241 sonuere
2156 2194 2245 2230 alter

1202 2243 1340 2282 Mazar.

1254 2307 1336 2342 505.
1366 2301 1412 2332 Et
1447 2294 1566 2344 dixisse
1589 2293 1738 2344 simul]
1793 2292 1955 2338 Malim,
2001 2292 2118 2342 dixiffe
2155 2292 2245 2330 viro,

1203 2345 1349 2382 HfflNs.

1257 2398 1340 2443 506.
1368 2403 1420 2434 Ne
1439 2396 1612 2444 violem]
1642 2401 1712 2433 Nec
1734 2395 1919 2433 meliores.
1937 2393 2149 2442 &sequenti
2164 2403 2242 2430 ver-

1201 2445 1263 2489 su,
1282 2446 1495 2495 placentque.
1521 2447 1667 2482 Herus.

1253 2521 1336 2555 509.
1363 2509 1479 2545 Oculis
1495 2510 1643 2545 evanuit
1655 2508 1798 2556 auras.]
1827 2508 1944 2551 Puto,
1971 2507 2120 2543 evanuit
2140 2508 2241 2546 ocius.

1200 2557 1380 2604 Scriptum
1416 2559 1533 2595 fuerat
1564 2570 1722 2605 nempe,
1749 2559 1837 2593 ocius
1856 2558 2014 2594 evanuit.
2049 2558 2113 2594 nisi
2141 2559 2239 2595 forte

1199 2608 1302 2645 malis
1317 2637 1326 2651 ,
1352 2610 1391 2644 in
1411 2620 1549 2645 tenuem
1567 2622 1607 2645 ex
1626 2609 1729 2645 oculis
1749 2609 1897 2644 evanuit
1916 2621 2055 2645 auram.
2082 2616 2122 2645 ut
2140 2608 2237 2657 apud

1199 2657 1328 2705 virgil.
1348 2672 1400 2695 xx.
1423 2659 1481 2706 58.

1250 2725 1295 2756 Et
1313 2721 1429 2769 procul
1449 2720 1487 2758 in
1505 2730 1647 2758 tenuem
1658 2733 1699 2757 ex
1727 2719 1830 2756 oculis
1849 2718 1996 2756 evanuit
2016 2731 2159 2758 auram.

1198 2771 1343 2810 Hems.

1248 2848 1320 2883 5¹0
1345 2841 1522 2872 Convocat
1535 2833 1745 2884 hicpatres.]
1763 2833 1844 2870 Lib.
1859 2832 1938 2870 Urs.
1950 2831 2078 2871 Maffei
2099 2834 2135 2871 δε
2152 2833 2237 2873 Fra-

1192 2886 1275 2928 tris,
1304 2887 1466 2934 Populos:
1497 2887 1623 2933 placet.
1652 2887 1686 2923 id
1711 2887 1759 2923 est
1780 2912 1789 2926 ‚
1819 2885 2034 2920 Romanum
2055 2885 2236 2933 populum

1191 2937 1228 2973 ἂ
1251 2935 1436 2974 Sabinum.
1454 2936 1546 2974 libro
1569 2948 1646 2973 xxv.
1666 2933 1958 2981 Metamorphos.
1978 2933 2063 2982 805.

1415 3000 1607 3048 populisque
1617 3010 1767 3049 aequata
1786 2998 1930 3042 duobus,

1242 3050 1382 3087 Romule
1403 3079 1412 3094 ‚
1433 3063 1518 3098 ‘tura
1533 3050 1652 3088 dabas.

1189 3113 1422 3154 Confirmant
1439 3115 1476 3153 id
1496 3127 1590 3165 quae
1608 3115 1724 3153 statim
1743 3114 1942 3164 sequuntur
1962 3113 2091 3151 verba:

1238 3177 1330 3213 Hinc
1347 3176 1458 3226 populi
1480 3178 1568 3215 ritus
1591 3177 1753 3214 edidicere
1775 3191 1891 3214 novos.

1963 3244 2019 3280 ios.
2062 3242 2228 3277 Cmmx.

96 3291 192 3328 forte
211 3290 357 3336 fuerat,
390 3304 465 3342 quo
484 3291 624 3332 latuisse
640 3294 763 3332 lunam
788 3294 879 3333 dixit
900 3294 1059 3334 Ovidius
1087 3295 1126 3332 ὃ(
1183 3295 1374 3343 Quattuor
1407 3294 1504 3343 apud
1533 3306 1627 3340 me,
1649 3294 1705 3333 hie
1730 3295 1889 3346 populos;
1923 3294 2074 3332 Sabinos
2096 3292 2131 3325 ἃ
2154 3290 2230 3325 izo„

1352 3344 1376 3383 ,P
1409 3357 1426 3394 3
2094 3347 2237 3376 manos.
