2495 3675
376 156 936 224 EPISTOLARUM
975 157 1090 222 EX:
1123 156 1409 218 PONTO.
1447 159 1568 216 Lm.
1607 163 1665 219 11.
1704 164 1883 226 Emsr.
1910 170 1981 231 V.

2148 192 2250 249 775

388 262 654 335 Missaque
679 261 742 315 ab
771 274 1017 323 extremo
1046 259 1249 330 legeres
1273 276 1398 318 cum
1422 258 1655 314 carmina
1681 259 1892 331 Ponto;

249 358 315 394 10

460 336 545 389 Illa
570 351 688 389 tuus
708 334 842 406 juvit
873 333 1278 406 qualiacumque
1307 330 1472 394 favor.

395 409 707 481 Optastique
731 408 948 467 brevem
979 404 1102 462 {alvi
1131 405 1258 458 mihi
1286 404 1521 460 Caesaris
1544 406 1708 473 iram3

470 480 635 553 Qiod
667 496 841 533 tamen
865 478 1068 546 optari,
1111 474 1146 528 fi
1174 477 1328 539 sciat,
1367 478 1475 548 ipse
1499 478 1644 534 finat.

395 553 644 608 Moribus
672 553 763 615 ista
789 551 890 604 tuis
915 560 1023 607 tam
1051 549 1197 602 mitia
1223 562 1347 602 vota
1375 551 1596 606 dedisti:

464 627 583 681 Nec
610 627 781 680 minus
805 622 1011 676 idcirco
1041 621 1156 674 sunt
1184 639 1244 675 ea
1268 635 1417 692 grata
1443 624 1588 678 mihi.

252 717 316 769 15
388 700 631 772 Quoque
655 696 818 768 magis
844 713 1094 756 ‚moveare
1123 695 1295 774 malis,
1332 693 1658 762 doftiffime,
1696 701 1911 766 nostris,

470 771 745 826 Credibile
773 768 847 828 est
871 768 986 822 fieri
1011 767 1325 820 condltione
1357 767 1478 822 loci.

393 842 505 899 Vix
539 845 634 898 hac
660 843 892 896 invenias
919 854 1093 898 totum
1125 839 1286 906 (mihi
1316 841 1513 910 crede)
1551 859 1647 914 per
1671 845 1858 909 orbem

468 917 622 987 Quae
653 916 824 967 minus
848 912 1084 982 Augusta
1112 910 1251 965 Pace
1278 911 1483 975 fruatur
1495 953 1511 978 a
1551 917 1790 972 humum.

390 987 482 1042 Tu
509 1003 686 1050 tarnen
712 987 799 1041 hic
826 985 1047 1043 ,structos
1072 984 1210 1041 inter
1240 985 1348 1038 fera
1377 988 1576 1058 proelia
1602 989 1777 1046 versus

249 1082 318 1118 20

462 1058 534 1114 Et
559 1062 714 1131 legiS,
754 1059 804 1111 δι’
835 1055 998 1115 Ιεῖᾶοε
1024 1074 1118 1112 ore
1143 1056 1355 1117 favente
1382 1060 1587 1130 probas.

396 1132 725 1205 Ingenioque
751 1149 903 1195 meO,
941 1133 1076 1184 vena
1099 1131 1247 1202 quod
1279 1147 1510 1202 paupere
1539 1148 1743 1206 manat,
1778 1181 1781 1184 ,

469 1205 709 1267 Plaudis;
752 1205 806 1259 &
831 1206 861 1257 e
888 1205 1002 1261 rivo
1027 1203 1248 1257 flumina
1273 1221 1459 1275 magna
1486 1206 1628 1261 faciS.

391 1277 558 1333 Grata
583 1278 804 1348 quidem
829 1278 948 1335 sunt
972 1276 1103 1335 haec
1127 1276 1307 1335 animo
1332 1277 1572 1350 suffragia
1597 1280 1808 1345 nostro;

467 1351 580 1406 Vix
607 1350 698 1404 fibi
724 1368 848 1409 cum
874 1350 1091 1404 miseros
1120 1349 1263 1420 poffe
1284 1351 1491 1421 placere
1516 1366 1686 1423 putes.

245 1442 314 1492 25
387 1424 539 1479 Dum
575 1437 752 1477 tamen
778 1424 830 1476 in
854 1423 1008 1475 rebus
1035 1436 1298 1476 tentamus
1322 1441 1554 1480 carmina
1579 1426 1749 1498 parvis
1765 1467 1782 1494 ‚

2166 1468 2210 1493 U

473 1495 733 1552 Materiae
751 1495 941 1567 ‚gracili
965 1493 1159 1550 sufficit
1184 1495 1476 1567 ingenium.

160 1761 198 1810 9.
225 1760 360 1800 Euxino
380 1758 531 1810 Poma]
577 1763 740 1797 Extremo
770 1759 879 1797 Polit.
900 1758 1053 1805 Combii
1069 1786 1080 1803 ‚
1108 1759 1148 1797 &

111 1812 218 1850 multi
238 1812 307 1850 alii.
333 1822 410 1852 tum
432 1812 541 1859 paulo
568 1819 652 1848 ante
674 1822 740 1859 pro
763 1811 905 1857 juna-rus
926 1809 970 1845 ab
987 1811 1049 1857 usu
1070 1809 1146 1847 duo

109 1872 274 1908 veteres,
302 1864 450 1913 cognitus
472 1863 546 1911 usu.
572 1862 722 1900 Hrzms.
751 1860 870 1904 Tres,
891 1861 1037 1907 junfflus
1050 1873 1148 1897 amo-

109 1927 159 1950 re.
179 1926 294 1959 unus,
319 1914 427 1955 medio
456 1914 520 1952 tibi
542 1913 686 1961 junctus
711 1910 754 1948 ab
777 1910 851 1960 usu.
870 1912 1014 1957 fueram
1035 1912 1146 1950 etiam

113 1963 227 2002 Servii
250 1965 377 2002 codex.
406 1976 496 2003 mox
510 1992 521 2009 ‚
548 1962 722 2011 indoluiffe
739 1961 823 1999 meis
838 1962 998 2010 plurimi.

167 2046 225 2073 10.
253 2033 408 2084 Juviae.]
442 2034 528 2071 Vicit
547 2032 700 2080 Argent.

165 2109 222 2135 11.
252 2103 396 2134 Brevem
413 2097 491 2144 fieri
510 2095 598 2132 mihi
621 2093 777 2135 Caesarit
797 2091 924 2142 iram.]
953 2091 1053 2129 Salvi
1063 2099 1150 2130 Cae-

106 2148 196 2195 saris
214 2148 352 2184 Sarrav.
386 2149 535 2196 Arge-nt.
566 2147 670 2194 prim.
695 2145 800 2183 Med.
829 2145 964 2193 aliique
983 2143 1150 2191 complu-

107 2209 176 2236 res.
205 2197 252 2234 fic
273 2198 373 2246 supra
396 2199 498 2245 Eleg.
518 2209 582 2234 111.
604 2196 666 2233 sub
685 2194 820 2232 finem:

163 2282 207 2314 Ut
226 2277 290 2316 tibi
305 2277 353 2328 stt
370 2277 474 2327 salvo
494 2280 640 2323 Caesare
654 2277 762 2326 salva
778 2286 913 2326 parens.

110 2348 183 2379 tres
209 2343 268 2380 alii
292 2372 302 2388 ‚
329 2345 425 2388 salvo
457 2345 545 2382 mihi
574 2357 658 2383 cum
692 2344 972 2382 Twisdeniano.
1006 2345 1152 2389 Herus.

113 2393 237 2429 Minui
257 2394 347 2431 mihi
366 2396 580 2433 Puteaneus.

170 2470 224 2495 η.
253 2460 287 2495 Si
301 2459 421 2507 sciat.]
452 2459 566 2507 Quali
587 2460 724 2509 aliquid
745 2460 872 2498 lateret
886 2462 921 2497 in
941 2459 998 2497 illa
1019 2459 1149 2498 1εᾶῑο-

111 2516 161 2544 ne
183 2507 346 2546 Barthi'us
361 2539 371 2553 ‚
391 2508 510 2558 fisciat
530 2522 573 2547 ex
594 2511 660 2548 suis
683 2511 902 2548 membranis
925 2511 1086 2558 profert,
1110 2512 1148 2547 ὅ(

111 2557 202 2601 illis,
229 2562 291 2607 qui
314 2561 388 2607 post
412 2573 497 2597 eum
522 2561 611 2599 haec
638 2561 820 2598 tractaturi
853 2561 956 2604 sunt,
985 2561 1149 2598 conlide-

113 2610 267 2647 randum
287 2612 477 2661 relinquit:
511 2623 593 2647 cum
618 2610 685 2648 sint
698 2612 814 2649 modo
835 2612 958 2650 literae
972 2612 1149 2660 junflae,

112 2669 210 2705 quae
231 2660 379 2707 separari
413 2661 596 2699 deberent.
634 2662 692 2700 sed
725 2664 772 2699 ita
802 2662 917 2700 solent
950 2671 1150 2710 captatores

114 2711 335 2760 antiquitatis
359 2713 395 2749 8<
418 2713 665 2749 inulitatarum
691 2724 842 2750 vocum.
869 2713 999 2750 Euam.

115 2821 152 2860 V
174 2784 227 2829 ¹5.
242 2773 462 2824 Doflifflme]
479 2772 647 2823 Tutzffi'me
659 2775 810 2813 Putean.
823 2774 995 2824 mitiffime
1008 2776 1152 2826 Fragm.

156 2831 237 2861 atic.

174 2902 229 2931 17.
260 2892 323 2928 Vix
340 2890 404 2926 hac
423 2891 576 2929 invenies
598 2902 710 2929 totum
732 2893 745 2928 (
763 2891 851 2929 mihi
871 2893 988 2940 crede)
1012 2901 1072 2941 per
1097 2906 1150 2929 or-

116 2938 193 2976 bem
214 2944 314 2991 {Luae
332 2943 449 2978 minus
467 2942 622 2990 Augusta
639 2956 717 2991 pace
732 2945 879 2990 fruatur
900 2944 1056 2992 human]
1074 2949 1151 2980 Au-

115 2992 251 3036 gustam
268 3003 383 3041 pacem
403 3004 478 3029 non
507 3001 648 3030 tantum
663 3022 673 3037 ,
701 3006 794 3042 quae
821 2994 864 3030 ab
886 2994 1050 3042 Augusto
1072 3006 1151 3042 par-

118 3047 153 3075 ta
175 3041 238 3085 sit,
265 3044 429 3091 accipio,
460 3052 498 3080 ut
530 3045 670 3081 Merula
698 3071 708 3088 ,
735 3045 791 3081 sed
822 3045 859 3080 δε
881 3044 1014 3082 sacram
1036 3057 1149 3081 vene-

114 3090 363 3142 rabilemque:
392 3093 541 3142 perinde
563 3103 602 3131 ut
621 3094 761 3143 augusta
775 3094 900 3143 templa
913 3123 922 3138 ,
951 3095 1092 3144 augusta
1102 3095 1151 3132 lo-

115 3152 179 3186 ca,
207 3142 359 3181 dicimus
376 3173 386 3188 ,
414 3145 487 3182 hoc
513 3146 560 3183 est
575 3173 585 3189 ‚
615 3146 708 3183 sacra
731 3147 1019 3184 &veneratione
1030 3147 1149 3196 digna.

114 3191 292 3230 Micur..
308 3196 366 3231 An
381 3207 456 3232 non
470 3207 516 3232 eo
529 3196 629 3235 sensu
644 3225 654 3241 ,
665 3209 740 3245 quo
751 3207 820 3245 pax
834 3224 842 3239 ‚
864 3197 970 3240 salus,
982 3209 1053 3236 erc.
1066 3202 1148 3234 Au-

108 3242 205 3292 gusta
224 3244 422 3282 innumeris
452 3246 721 3298 Imperatorum
745 3249 781 3285 in
802 3249 964 3285 nummis
984 3247 1145 3296 legitur?

160 3302 222 3350 ‚z8.
251 3310 339 3343 Pace
354 3307 506 3359 fruatur
525 3309 692 3364 hamur]
721 3311 950 3353 concinnius
963 3338 975 3359 ‚
993 3311 1143 3363 humum

2126 1626 2238 1682 Nu-

1204 1768 1346 1800 veteres
1366 1760 1497 1799 decem
1521 1760 1560 1801 δε
1582 1761 1740 1811 Gryphii
1760 1762 1889 1802 editio.
1913 1762 2059 1803 Hzmsi

1262 1838 1318 1874 19.
1351 1831 1402 1862 Tu
1425 1834 1544 1862 tamen
1563 1824 1620 1864 hic
1633 1825 1788 1872 strub‘ios.
1805 1826 1821 1875 ]
1864 1827 2006 1877 scriptos
2026 1829 2062 1866 in
2078 1829 2242 1868 nonnul-

1204 1875 1255 1914 lis.
1286 1877 1476 1915 NAUGER.
1503 1882 1579 1913 Huc
1600 1875 1743 1923 structos
1766 1877 1902 1915 Sarrav.
1925 1878 2026 1923 duo,
2054 1878 2247 1927 instruens.

1207 1935 1300 1971 tres,
1323 1927 1381 1964 hos
1389 1927 1545 1974 strueres.
1575 1928 1720 1977 Reliqui
1743 1940 1871 1966 omnes
1894 1930 1968 1967 fere
1982 1956 1993 1974 ,
2019 1928 2076 1966 hic
2089 1927 2244 1978 strueres.

1208 1977 1354 2022 Scribe,
1381 1978 1439 2014 hic
1461 1978 1590 2015 due’t‘os.
1619 1985 1751 2015 Ducere
1770 1991 1812 2019 (9¹
1835 1980 1993 2018 deducere
2008 1984 2145 2029 versum
2161 1982 2243 2027 ΝΟ·-

1207 2027 1277 2066 stro
1315 2028 1504 2065 familiare.
1534 2027 1644 2065 Trist.
1662 2041 1698 2066 v.
1723 2030 1824 2078 Eleg.
1853 2043 1878 2067 r.

1259 2093 1335 2139 Ipsa
1355 2103 1413 2126 nec
1432 2091 1581 2127 emendo.
1601 2092 1664 2138 sed
1685 2103 1724 2128 ut
1740 2092 1795 2129 hic
1817 2094 1961 2131 dedcha
1984 2095 2152 2146 legantur.

1312 2147 1391 2178 Non
1404 2145 1490 2190 sunt
1509 2140 1574 2179 illa
1592 2144 1650 2190 [uo
1671 2141 1871 2182 barbariora
1888 2144 1966 2185 loco.

1208 2212 1309 2258 supra
1325 2222 1334 2247 ι

1225 2270 1228 2274 ’
1260 2279 1368 2324 Inque
1380 2282 1436 2309 *tot
1452 2273 1607 2324 adversis
1628 2289 1767 2315 carmen
1785 2279 1975 2318 mirabitur
1995 2282 2109 2320 ullum

1314 2330 1444 2362 Ducere
1462 2325 1642 2374 languenti
1664 2342 1718 2366 me
1733 2332 1870 2380 potuiffe
1895 2346 2017 2371 manu.

1205 2392 1246 2429 &
1267 2390 1326 2429 lib.
1349 2404 1376 2432 1.
1397 2392 1506 2429 Trist.
1531 2393 1630 2442 Eleg.
1657 2407 1690 2433 x.

1258 2463 1356 2505 Saepe
1376 2458 1484 2494 maris
1495 2468 1574 2506 pars
1592 2460 1688 2496 intus
1715 2471 1801 2497 erat.
1828 2472 1946 2498 tamen
1969 2463 2033 2509 ipse
2053 2466 2218 2504 trementi

1307 2510 1479 2545 Carmina
1497 2508 1662 2546 ducebam
1679 2511 1932 2563 qualiacunque
1952 2527 2073 2554 manu.

1206 2579 1313 2617 Pont.
1336 2591 1376 2618 rv
1409 2580 1511 2629 Eleg.
1534 2595 1579 2619 11.

1263 2643 1415 2680 Ducitur
1434 2655 1476 2684 (9·
1494 2643 1609 2692 digitis
1630 2644 1748 2683 littera
1769 2660 1851 2684 rara
1869 2649 1965 2687 meis.

1208 2712 1393 2750 dedurflum
1413 2728 1549 2752 carmen
1574 2717 1708 2755 Nostro
1726 2718 1834 2755 Pont.
1859 2731 1896 2755 iv
1935 2718 2028 2757 El.1.
2057 2718 2097 2756 ὅτ
2118 2715 2244 2763 Virgi-

1208 2762 1261 2800 lio
1283 2765 1320 2801 in
1342 2765 1533 2804 Bucolicis.
1563 2769 1706 2806 Hans.
1760 2769 1841 2817 Ego
1871 2770 2009 2814 strueres
2027 2769 2147 2817 versus
2168 2777 2246 2804 non

1209 2825 1419 2853 moverem.
1444 2816 1491 2854 sic
1513 2818 1687 2863 structura
1716 2821 1880 2856 carminis
1918 2822 1998 2858 infr.
2020 2833 2072 2857 ιν.
2100 2830 2190 2856 xiii.
2209 2828 2245 2863 4.

1209 2865 1281 2902 vid.
1303 2866 1346 2904 ad
1367 2867 1511 2904 Petron.
1537 2881 1611 2917 cap.
1635 2881 1668 2906 v.
1694 2871 1825 2915 strii‘los
1856 2871 1925 2919 legi
1957 2884 1975 2908 a
2006 2870 2246 2920 quibusdam..

1206 2915 1243 2952 id
1265 2915 1313 2952 est
1329 2917 1469 2962 nudos,
1497 2927 1626 2958 tenues
1642 2948 1651 2964 ‚
1679 2930 1782 2958 notat
1802 2920 2051 2960 Bersinannus.
2077 2920 2210 2958 Burni.

1262 2998 1322 3025 22.
1350 2996 1486 3038 Magna
1501 2992 1603 3037 facis.
1622 2990 1637 3039 ]
1669 2990 1792 3027 Trahis
1813 2990 1996 3038 eleganter
2009 3002 2102 3028 unus
2122 2989 2247 3043 Varie.

1208 3039 1349 3075 Hnms.
1388 3041 1456 3079 Sed
1483 3042 1556 3079 hoc
1587 3041 1769 3089 superbius
1802 3041 1916 3088 pollet
1945 3043 2081 3089 exponi
2106 3068 2117 3085 ,
2145 3041 2242 3086 quast

1209 3090 1367 3127 Ovidius
1391 3091 1425 3128 se
1445 3092 1588 3141 irrigare
1621 3104 1683 3129 ora
1716 3092 1836 3129 Solani
1857 3089 2239 3140 poffejafiaret..cum

1197 3141 1290 3187 facis
1310 3150 1438 3186 notet,
1459 3152 1499 3181 tu
1525 3143 1707 3180 laudando
1732 3154 1856 3180 meum
1881 3143 2067 3191 ingenium
2086 3168 2095 3184 ‚
2125 3151 2185 3187 per
2205 3137 2241 3174 se

1205 3200 1342 3238 tenue,
1368 3201 1434 3231 tuo
1454 3195 1652 3243 praeconio
1682 3204 1860 3243 magnum
1883 3193 1982 3230 facis.
2006 3192 2132 3228 Euam.

1253 3273 1315 3313 23.
1344 3268 1457 3301 Grata
1491 3266 1631 3315 quidem
1666 3266 1753 3312 sunt
1783 3264 1902 3315 baca]
1957 3270 2069 3303 Grata
2102 3259 2239 3310 quidem

1200 3315 1363 3366 {uastant
1387 3315 1561 3355 Medonii
1591 3315 1720 3368 codex.

1375 3365 1513 3420 mn
1535 3377 1557 3404 2
2066 3371 2128 3406 ²⁷-
2158 3364 2241 3405 Me
