2495 3675
454 200 500 258 F
570 197 627 253 A
700 197 736 253 S
807 191 996 251 T'O
1066 185 1126 244 R
1196 183 1252 243 U
1328 183 1398 240 M
1507 186 1790 249 Lrss.II.

2093 212 2185 262 127

331 314 569 373 Forsitan
594 313 621 367 a
649 311 832 373 nobiS,
868 323 1004 380 quae
1029 303 1089 357 sit
1114 301 1232 356 Dea
1255 299 1446 364 Muta,
1484 301 1736 373 requiras:

412 389 602 452 Disce,
640 403 732 458 per
756 380 1001 451 antiquos
1026 392 1161 450 quae
1187 373 1315 430 mihi
1344 389 1470 428 nota
1499 373 1664 428 senes,

48 606 119 645 tuis
138 616 275 642 coenam
295 611 427 652 coquat.
455 601 493 638 &
513 596 644 636 Noster
661 594 784 640 supra,
817 598 941 649 Parva
965 597 1088 638 petum

50 663 187 694 Manes.
213 655 420 693 Plautinum
444 651 566 688 locum
588 646 660 683 alio
678 645 825 682 trahunt
848 650 1061 690 interpretes
1077 667 1086 682 ‚

50 708 143 745 &in
164 708 216 744 his
243 702 483 743 Boxhornius.
509 698 629 745 Caput
652 703 836 744 praeterea
861 703 1013 731 maenae
1041 689 1088 728 ad

50 759 191 795 fulmen
214 754 433 804 expiandum
462 748 622 786 adhiberi
642 746 850 784 Plutarchus
867 756 934 800 nos
956 742 1089 800 docet,

50 819 213 857 euinque
232 808 341 844 ritum
363 802 384 840 a
403 798 529 843 Numa
546 795 785 848 promanasse.
814 796 856 833 In
879 805 980 843 cujus
1001 795 1089 837 vira,

50 858 210 897 fabulam
237 857 282 894 de
299 856 393 902 Jove
413 851 532 889 Elicio
556 847 744 887 recensens
758 875 768 891 ‚
791 845 811 883 {t
836 845 972 883 Nostro
994 855 1090 900 quo-

51 921 124 957 que
145 916 318 945 narratam
346 904 438 940 libro
460 900 549 938 Fast.
573 912 635 936 111.
655 899 747 935 haec
767 896 972 953 additinrer
995 895 1085 931 alia:

51 961 138 999 Ἐπεὶ
158 960 176 1008 3
202 957 342 1003 ’ἔγνωσαν
360 952 536 993 {annunciare
555 948 695 1001 ἱσχυροὶν
717 953 748 1002 '‘:3
771 946 919 995 ἄφυκτον
941 948 1086 994 ianua-iv,

51 1011 138 1052 ἕᾶιαί
158 1028 191 1050 τε
209 1006 437 1055 vestirem-iem
456 1004 558 1046 πολλοὶ
577 1006 606 1044 Ψ
625 1006 862 1056 pemittant}
882 1005 933 1040 τὸν
946 1003 999 1039 ἐπὶ
1022 1003 1087 1040 τοῖς

51 1070 208 1120 κεξειυνοῒς
226 1061 401 1110 &affigat
427 1063 607 1113 καθαρμὸν
627 1090 638 1109 ,
679 1059 708 1101 84
737 1062 875 1097 ποιεῖται
905 1058 1020 1107 paiz&
1042 1057 1088 1093 iiii·

51 1121 123 1175 Algi
143 1118 338 1175 κςομμῦων,
368 1124 400 1171 ug
420 1120 572 1167 τμχόν,
602 1120 633 1167 ις
653 1113 815 1165 μαινίδων·
854 1112 920 1150 ’ἔνιοι
944 1113 962 1161 5
993 1111 1012 1148 ἐ
1032 1108 1089 1150 ‘tiis

51 1173 205 1228 ἶκίμονοίς
226 1181 327 1225 <paco-w
349 1173 508 1221 πὲτυθέοῧς
527 1169 556 1211 ἧχ’·
577 1167 783 1222 καθ-σιςμόν,
805 1168 875 1231 nisit(
893 1167 1013 1206 ὠιείνες
1036 1162 1092 1233 ‘Bia

51 1233 269 1278 καταγαγεῖν
298 1229 326 1269 ⁶?-
355 1230 421 1268 Ala
448 1223 713 1277 μοιγόῖίσ-κντοις·
738 1227 788 1262 τὸν
818 1232 837 1273 5
866 1225 936 1261 θεὸν
965 1225 1093 1272 ὀργιζο-

53 1286 141 1340 μῖμον
160 1289 206 1336 τᾷ
226 1287 341 1336 Νεμᾷ
353 1314 363 1331 ,
393 1279 596 1327 wedre-m
623 1281 662 1322 ὦς
691 1277 758 1331 χρὴ
773 1278 888 1326 γενέοῧς
908 1275 937 1315 θ’
957 1278 1095 1341 ’‘oe-9⁵0⁶(-

55 1344 115 1393 μὶν
132 1343 310 1391 κιφοιλκῖς·
340 1336 580 1378 ιέπυλαιςόντῶν
609 1344 627 1384 5
659 1335 684 1376 Ξ
712 1336 824 1382 Nque}
842 1361 853 1381 ,
894 1346 1095 1383 xgopcpcvm,

56 1400 144 1437 εἰπεῖν
159 1422 169 1438 ,
196 1391 384 1446 οἱνθςῶπων·
405 1390 433 1431 ’ἲ-
455 1401 472 1441 5
492 1385 592 1430 αὖθις
610 1389 817 1440 ώκτςέποντκ
837 1389 874 1423 τὸ
895 1387 920 1428 ἒ
939 1383 1099 1429 περς-κ’γ-

56 1458 187 1502 μαιτΘυ
213 1449 301 1488 dewix·
317 1479 328 1498 ,
359 1448 486 1497 ἐπερὲοῧς
497 1476 507 1495 ⁷
528 1445 653 1491 θμξίν·
674 1436 915 1489 λ’πυκμνοιιᾷὖε
937 1437 958 1489 {2²
975 1439 1000 1480 ἒ
1025 1440 1098 1498 Διὸς

59 1503 230 1558 ἰμψῦχοις
249 1532 259 1547 ,
295 1504 484 1548 ἒπαγοιγεῖν
513 1498 543 1539 ’ἳ-
570 1501 695 1550 Νεμᾶῖι
713 1498 852 1548 μηνίει.
909 1492 1098 1530 Arnobius

57 1561 167 1600 initio
183 1559 245 1597 lib.
264 1569 300 1595 v.
325 1556 386 1595 ubi
415 1567 461 1592 ex
492 1552 644 1590 Valerio
662 1551 814 1589 Antiate
844 1547 999 1586 eandem
1019 1559 1099 1605 rern

60 1618 202 1649 narrat:
231 1608 364 1654 Jovem
385 1605 447 1642 diu
475 1605 678 1642 cunstatum
706 1599 856 1651 expiabis
884 1598 964 1637 dixe
992 1607 1101 1648 capite

55 1660 234 1710 fulgurita
248 1686 258 1704 ,
285 1670 393 1707 regem
414 1652 605 1705 respondisse
625 1652 757 1702 coepitio
771 1680 780 1696 ‚
808 1651 941 1698 Jovem
961 1650 1099 1698 rursus,

65 1708 243 1752 humano.-
271 1705 414 1756 retuliffii
432 1718 538 1754 regem
551 1732 562 1749 ‚
579 1702 642 1753 fid
662 1702 793 1751 capillo.
820 1707 936 1738 Deum
957 1710 1076 1737 contra
1090 1728 1101 1745 ,

67 1761 215 1805 anima,
241 1771 383 1797 maenae
395 1755 563 1806 subjeczffe
581 1754 801 1804 Pompilium.
829 1752 884 1790 lta
900 1751 1105 1808 scribendus

66 1813 170 1850 locus
190 1808 491 1848 mendosissimus.
519 1806 680 1854 vulgati,
702 1804 799 1860 piscis
809 1802 979 1852 subjectffiz
1003 1808 1107 1858 Poni-

65 1861 204 1912 pilium.
228 1859 288 1899 sed
315 1859 431 1897 codex
465 1857 602 1906 Regius
633 1855 677 1893 τὸ
703 1855 800 1904 piscis
828 1866 906 1892 non
934 1852 1108 1902 agnoscit.

67 1924 146 1950 vox
166 1910 288 1949 anima
312 1908 527 1959 absorpserat
555 1907 770 1957 sequentem
799 1916 940 1962 vocciu-
964 1916 1109 1941 maenae

69 1964 119 2001 ob
140 1963 401 2011 cognationem
422 1960 608 1998 literarum
633 1984 645 2002 ,
671 1956 775 2007 quod
795 1956 834 1994 &
853 1956 910 2013 alii
928 1966 1014 2012 Jam-
1028 1954 1108 1992 sunt

67 2012 291 2052 subodorari.
316 2010 486 2049 Μαινῖδων
504 2008 732 2048 meminitex
744 2008 893 2046 Graecis
914 2007 1109 2055 Oppianus

68 2063 165 2103 libro
183 2064 306 2112 primo
326 2090 337 2107 ‚
364 2059 600 2101 Dioscorides
625 2059 717 2097 libro
736 2071 782 2096 11.
809 2069 887 2106 cap.
908 2068 966 2104 31.
992 2058 1031 2095 &
1054 2056 1108 2093 A·

67 2112 243 2152 lexander
260 2112 466 2152 Trallianus
480 2111 574 2150 libro
596 2121 687 2148 vin.
714 2108 826 2158 Apud
835 2108 1003 2146 Plautum
1015 2108 1110 2145 Poe-

74 2163 164 2203 nulo
182 2163 317 2202 Aehv.
335 2162 380 2201 sc.
400 2175 437 2201 v.
463 2161 636 2211 Deglupta
654 2172 790 2197 maena.
817 2168 858 2198 ut
875 2158 956 2197 libri
975 2158 1111 2197 melio-

78 2225 133 2252 res
151 2213 350 2264 agnoscunt
372 2213 457 2252 illic.
484 2214 586 2262 cujus
604 2211 678 2250 loci
698 2218 883 2260 oportune
901 2221 962 2266 me
981 2209 1112 2247 adino-

76 2265 158 2305 nuit
175 2264 312 2303 ocellus
330 2264 390 2302 ille
408 2264 587 2302 bonarum
611 2263 744 2300 artium
767 2261 982 2298 Gronovius
1001 2272 1118 2298 meus.

77 2314 181 2354 Male
196 2316 265 2354 viri
282 2313 414 2353 eruditi
433 2326 478 2353 ex
496 2325 623 2351 mama
641 2312 714 2350 illic
733 2311 945 2349 Maenadem
965 2313 1118 2349 concin-

79 2371 180 2404 nant.
223 2365 432 2414 Deglupram
459 2376 621 2402 maenam
638 2371 749 2401 vocat
775 2362 896 2412 lepide
916 2363 1112 2400 hominem

82 2413 243 2462 glabrum
264 2416 302 2453 &
330 2416 463 2453 nullius
483 2414 600 2464 pretii.
631 2413 730 2451 reete
752 2414 862 2451 etiam
882 2413 1115 2450 foemineum

84 2462 242 2510 pisciculi
270 2464 489 2502 molliusculi
508 2475 650 2501 nomen
677 2463 737 2500 dat
760 2463 927 2500 cinaedo.
979 2463 1038 2500 Sic
1058 2463 1114 2501 Fi-

84 2512 150 2550 dus
164 2513 356 2551 Cornelius
371 2540 381 2558 ,
394 2513 549 2551 Nasonis
559 2513 682 2550 Gener
697 2539 706 2555 ‚
719 2512 926 2549 Corbuloni
948 2512 1121 2548 struthio-

82 2563 233 2601 camelus
250 2563 416 2612 depilatus
433 2562 563 2600 dicitur
582 2560 679 2610 apud
691 2561 866 2598 Senecam
888 2560 932 2598 de
944 2561 1122 2599 Constan-

83 2612 134 2650 tia
159 2612 336 2661 sapientis.
364 2614 551 2651 Praeterea
570 2612 762 2649 hominem
786 2609 963 2648 facticium
985 2613 1023 2647 &
1044 2623 1121 2649 ma·

83 2662 119 2700 le
135 2662 300 2700 olentem
321 2664 395 2700 hoc
423 2663 590 2700 convitio
617 2661 779 2710 designat
800 2688 810 2705 ‚
837 2661 1035 2713 quomodo
1056 2661 1121 2698 ha-

87 2711 134 2749 lec
152 2712 226 2749 viri
244 2713 354 2761 paulo
375 2720 458 2750 ante
484 2712 635 2750 dixerat.
663 2714 711 2750 ita
734 2711 829 2749 enirn
851 2710 978 2748 scribo.
1015 2711 1122 2749 Halec

88 2762 161 2800 viri
175 2763 283 2812 igitur
305 2790 316 2807 ,
341 2764 430 2808 faex
458 2763 554 2806 viri,
582 2763 620 2799 ὅ(
649 2761 799 2810 quidem
830 2761 1090 2800 salsamentaria
1109 2791 1121 2807 ,

86 2824 181 2862 quae
200 2813 371 2851 omnium
399 2812 620 2862 putidiffime
639 2814 727 2850 olet.
746 2811 843 2850 unde
864 2813 1010 2862 &putre
1026 2812 1123 2850 halec

89 2863 250 2902 Martiali
276 2863 420 2902 dicitur.
463 2863 585 2912 Pergit
617 2863 857 2901 convitiando
885 2863 1053 2908 Plautus,
1083 2866 1122 2902 δε

89 2913 190 2953 addit
212 2913 423 2959 ἁλλοιγορᾰς
444 2913 564 2952 hama.
585 2915 634 2951 ita
660 2913 759 2951 enim
783 2914 912 2951 rectius
926 2915 1022 2963 leges
1041 2926 1127 2953 cum

91 2963 166 3003 Ms-
187 2964 387 3003 Camerarii
405 2993 416 3010 ‚
442 2977 553 3015 quam
588 2958 661 3006 ἂλς
682 2965 822 3009 ἀγορᾶς.
846 2964 1009 3010 ἁλαγορέι
1054 2965 1129 3003 Fo-

90 3025 173 3053 rum
193 3015 496 3054 salsamentarium
515 3016 647 3053 hainae
669 3014 757 3052 vasis
778 3015 872 3052 odor
894 3016 941 3053 est
959 3016 1130 3064 ingratus.

93 3063 287 3104 Factorem
310 3078 461 3116 quoque
478 3066 642 3104 hominis
660 3064 820 3114 designat
835 3093 844 3108 ,
871 3077 956 3104 cum
984 3066 1050 3103 alli
1074 3067 1129 3103 ul-

90 3114 221 3164 picique
237 3118 375 3163 plenum
393 3116 501 3163 paulo
514 3116 591 3164 post
611 3123 810 3164 nuncupat.
839 3115 1056 3154 Salsamenta
1067 3129 1131 3154 au-

95 3171 172 3201 tem
189 3164 259 3204 effe
281 3167 474 3214 gravissimi
505 3166 629 3204 odoris
659 3166 739 3214 quis
766 3165 905 3203 nescir?
932 3167 1034 3215 quod
1050 3168 1127 3216 jam

95 3212 198 3261 supra
221 3215 259 3253 in
291 3218 378 3254 loco
397 3217 571 3255 Martialis
600 3217 644 3254 de
667 3227 778 3254 urceo
793 3243 803 3260 ‚
823 3217 859 3254 in
879 3227 954 3266 quo
977 3229 1130 3255 maenae

98 3263 241 3300 fuerant
261 3267 427 3304 conditae
450 3295 460 3311 ,
495 3267 676 3310 vidimiis;
706 3267 768 3315 qui
790 3267 832 3304 :id
856 3266 1126 3305 illustrationem

93 3311 202 3363 hujus
221 3312 374 3354 Plautini
393 3318 561 3356 nonnihil
581 3318 676 3356 facit.
722 3317 811 3356 Vim
836 3317 997 3356 divinam
1028 3330 1127 3357 mae·

2057 453 2190 526 Jup-

1144 586 1198 624 nis
1230 585 1438 624 attributam
1474 585 1576 624 fuisse
1608 587 1692 626 cum
1725 600 1769 626 ex
1801 587 1954 626 Nasonis
1977 616 1987 632 ‚
2031 596 2109 628 tum
2143 603 2189 629 ex

1145 637 1326 675 Plutarchi
1354 664 1364 679 ‚
1403 637 1589 674 Athenaei
1625 650 1667 675 ac
1698 640 1855 677 Arnobii
1876 640 1965 677 locis
1988 639 2067 687 jain
2096 642 2190 679 vidi-

1144 700 1238 726 mus.
1278 688 1380 725 Idem
1413 688 1620 729 Plutarchus
1637 689 1760 728 libello
1787 692 1867 733 περῑ
1887 691 2188 736 Δεισιδκιμσνίκς,

1142 740 1257 788 tangit
1279 738 1456 788 Syrorum
1477 738 1766 787 superstitionem
1782 769 1791 784 ‚
1809 742 1872 791 qui
1890 742 1949 779 esu
1971 753 2188 780 maenarum

1144 802 1187 827 ac
1204 801 1378 838 apuarum
1401 788 1641 833 abstinerent,
1669 794 1752 839 quia
1776 792 1979 839 persuasum
2001 793 2192 838 haberent,

1144 841 1247 878 tibias
1277 842 1314 877 &
1346 852 1477 889 corpus
1506 850 1628 878 totuin
1660 842 1837 880 ulceribus
1868 844 2012 892 impleri
2041 844 2190 881 illorum

1145 893 1209 941 qui
1232 894 1274 929 iis
1295 891 1534 929 vescerentur.
1561 891 1665 940 quod
1692 893 1750 930 alii
1778 892 1964 941 scriptores
1992 893 2035 931 ad
2064 897 2194 932 omnia

1145 943 1341 991 pisculenta
1378 943 1554 980 referunt.
1616 942 1790 991 Denique
1822 955 2036 982 maenarum
2079 947 2193 985 etiam

1147 993 1279 1031 Noster
1292 994 1462 1030 meminit
1479 993 1513 1030 iri
1536 992 1750 1031 Halieutico
1764 1021 1775 1038 ,

1194 1043 1476 1091 Foecundnmque
1492 1057 1597 1092 genus
1621 1050 1792 1090 Maenae,
1817 1050 2068 1096 Lamyrosque,
2092 1051 2196 1093 Smaff*

1148 1132 1149 1138 ἵ
1334 1095 1458 1143 risque.

1146 1145 1198 1184 Ita
1218 1146 1316 1183 enim
1341 1146 1387 1184 est
1410 1145 1654 1184 scribendum.
1704 1145 1881 1185 Ceterum
1909 1154 1950 1185 ut
1972 1147 2130 1193 μαινίδες
2152 1149 2194 1187 8<

1147 1196 1301 1241 μαινίδια
1323 1197 1358 1234 hi
1377 1197 1534 1246 pisciculi
1555 1197 1734 1235 dicuntur.
1762 1197 1810 1235 fic
1834 1199 1973 1236 Latinis
1991 1211 2132 1235 maenae
2153 1200 2194 1237 δε

1151 1246 1360 1292 mammae,
1380 1248 1578 1297 quomodo
1609 1248 1729 1285 Plinio
1750 1248 1890 1287 dicitur.
1917 1250 2027 1286 etiam
2060 1262 2200 1285 maeno-

1152 1296 1264 1335 mimia
1284 1298 1469 1336 nonnullis
1487 1297 1573 1335 dieti
1593 1297 1775 1336 videntur.
1799 1299 1858 1337 sed
1879 1300 2037 1337 barbare.
2062 1299 2199 1337 Cassia-

1150 1359 1216 1385 nus
1236 1348 1328 1384 libro
1351 1360 1404 1387 1v.
1444 1348 1720 1386 Institutionum
1752 1360 1828 1397 cap.
1852 1362 1910 1387 22.
1951 1350 2108 1398 pisciculi
2128 1351 2199 1388 mi-

1156 1397 1235 1433 nuti
1257 1398 1380 1444 saliti,
1409 1412 1491 1449 quos
1518 1398 1574 1435 illi
1601 1400 1841 1436 maenominia
1868 1412 1995 1437 vocant
2022 1429 2031 1444 ‚
2051 1402 2200 1450 summa

1156 1447 1317 1497 voluptas
1347 1448 1400 1496 est.
1442 1449 1502 1486 ubi
1532 1449 1650 1487 nolim
1682 1451 1835 1495 μαινίδια
1863 1463 1908 1489 ex
1945 1451 2137 1489 Aristotele
2174 1451 2199 1489 ὲ

1153 1499 1358 1536 Ciacconio
1380 1499 1545 1538 adversus
1576 1499 1688 1538 fidem
1712 1502 2036 1540 meinbraneorum
2056 1503 2201 1550 reponi.

1154 1555 1405 1588 Maenomenae
1421 1550 1591 1588 videntur
1613 1552 1784 1600 appellari
1804 1553 1848 1590 ab
1869 1554 2023 1602 antiquo
2045 1552 2201 1602 scripto-

1153 1611 1191 1638 re
1213 1601 1250 1638 in
1270 1600 1358 1638 Vita
1370 1602 1591 1648 S.Johannis
1607 1602 1895 1651 eleemosynarii
1908 1616 1985 1652 cap.
2000 1616 2079 1642 xtx.
2108 1605 2202 1641 Mit-

1154 1661 1187 1688 te
1207 1650 1300 1699 restes
1319 1650 1526 1700 ficcatorum
1543 1652 1687 1700 piscium
1702 1681 1712 1698 ,
1740 1654 1802 1703 qui
1819 1667 2059 1691 maenomenae
2078 1655 2204 1691 dicun-

1157 1711 1228 1739 tur.
1255 1711 1296 1740 ut
1318 1703 1483 1740 videatur
1507 1703 1615 1740 alludi
1645 1703 1691 1741 ad
1719 1705 1900 1752 originem
1934 1705 2096 1742 nominis
2123 1712 2213 1752 tan-5

1159 1763 1273 1802 quam
1315 1756 1533 1798 μαινομένου.
1600 1753 1726 1802 Atque
1754 1755 1847 1792 haec
1885 1754 2042 1803 pluribus
2082 1756 2205 1800 forte,

1159 1815 1272 1853 quani
1303 1815 1366 1852 par
1395 1814 1481 1842 erat.
1526 1803 1585 1842 sed
1615 1805 1652 1842 in
1681 1805 1768 1842 loco
1801 1805 1958 1843 Nasonis
1980 1833 1990 1850 ,
2028 1805 2206 1844 hactenus

1161 1853 1250 1892 nulli
1265 1882 1274 1899 ,
1302 1863 1342 1892 ut
1358 1854 1478 1893 dicam
1498 1854 1601 1905 quod
1621 1867 1675 1893 res
1697 1855 1767 1901 est,
1780 1856 1983 1901 intellecto,
2000 1856 2024 1895 si
2040 1857 2212 1902 feliciter,

1164 1913 1205 1943 ut
1227 1905 1354 1954 spero,
1381 1906 1508 1944 versati
1529 1906 1672 1950 sumus,
1701 1907 1901 1955 periculum
1930 1920 2007 1945 non
2040 1908 2088 1946 est
2112 1936 2122 1953 ,
2158 1919 2209 1947 ne

1162 1955 1327 1994 dicamur
1346 1957 1452 1995 nimii
1472 1955 1584 1995 fuisse.
1600 1958 1744 1995 Herus.
1772 1958 1983 1997 Demaenis
2003 1959 2098 2008 capit
2117 1970 2217 2008 quo-

1162 2018 1236 2056 que
1253 2009 1494 2056 proverbum,
1506 2014 1654 2045 Hecatae
1663 2021 1768 2045 caena
1780 2010 1830 2047 H.
1845 2010 2048 2058 Stephanus
2065 2011 2101 2047 in
2117 2011 2214 2048 Ani-

1165 2058 1342 2095 madvers.
1361 2059 1404 2096 ad
1426 2059 1561 2097 Erasini
1583 2059 1738 2108 Adagia.
1753 2060 1841 2098 loco
1855 2061 2091 2109 frugalitatis.
2104 2061 2213 2097 Mae-

1165 2120 1229 2146 nas
1247 2109 1420 2147 emendas
1440 2118 1525 2147 ante
1547 2110 1773 2147 vindemiam
1796 2121 1927 2149 monet
1940 2111 2036 2149 Cato
2048 2111 2094 2148 de
2107 2112 2150 2148 R.
2163 2111 2211 2148 R.

1167 2170 1248 2207 cap.
1262 2172 1376 2198 xxiii.
1389 2161 1448 2198 ubi
1462 2160 1605 2208 Popma
1625 2161 1781 2209 explicat
1800 2162 1845 2199 ad
1859 2162 2088 2209 probandum
2109 2162 2212 2199 salsa-

1168 2219 1337 2248 mentum
1352 2211 1430 2249 usos
1441 2210 1543 2249 fuiffe
1561 2220 1724 2256 veteres,
1744 2220 1783 2250 ut
1803 2212 2157 2261 capv.1„xxxviii.nifi
2167 2211 2215 2250 ad

1169 2260 1268 2298 cibos
1291 2262 1602 2301 vindemiatorum
1623 2272 1758 2309 paratas
1776 2264 2033 2312 intelligamus.
2070 2264 2214 2309 VVilita-

1168 2320 1246 2349 tem
1268 2313 1485 2351 Maenarum
1501 2313 1658 2351 ostendit
1669 2314 1872 2361 Alciphron
1883 2315 1943 2352 lib.
1956 2328 1981 2353 1.
2003 2315 2117 2363 Ep.6.
2145 2315 2213 2353 ubi

1171 2374 1265 2400 uxor
1286 2365 1478 2412 exprobrat
1497 2365 1630 2401 marito
1646 2393 1657 2407 ‚
1683 2364 1785 2402 illum
1807 2364 1866 2401 οὐκ
1894 2365 2064 2411 factivis-:eq
2091 2359 2111 2404 ii
2141 2364 2217 2409 τρῑ-

1167 2417 1332 2458 vavrae,
1360 2414 1420 2452 sed
1439 2416 1690 2459 κεκρυφάλῇυς
1710 2416 1902 2457 Μιλησὶσυς
1935 2417 1998 2452 καὶ
2027 2415 2217 2452 Σικελικὸν

1174 2462 1331 2506 ‘lai-raaia
1343 2465 1386 2501 ad
1399 2466 1629 2502 meretricem
1644 2465 1795 2501 deferre.
1815 2467 1925 2512 Quae
1939 2477 2027 2501 vero
2039 2466 2084 2502 de
2098 2465 2215 2504 verbo

1169 2513 1266 2560 suere
1286 2515 1438 2561 ejusque
1458 2513 1672 2562 compositis
1699 2514 1864 2551 observat
1882 2515 2055 2552 Heinsius
2069 2543 2079 2559 ‚
2112 2527 2216 2563 egre-

1177 2563 1233 2610 gia
1247 2562 1324 2600 sunt
1338 2591 1347 2606 ,
1363 2566 1399 2600 δε
1413 2564 1488 2601 fere
1502 2575 1562 2601 me
1576 2563 1753 2602 inducunt
1767 2573 1806 2602 ut
1820 2566 1856 2601 in
1867 2565 1954 2602 loco
1969 2565 2119 2603 Paullini
2131 2566 2221 2605 Nar.

1178 2624 1229 2649 xi.
1244 2612 1370 2650 Felicis
1388 2614 1446 2656 Ἡ.
1468 2626 1549 2659 272.
1576 2626 1692 2663 nuper
1713 2613 1734 2651 a
1762 2616 1840 2652 viro
1859 2615 2070 2653 doctissimo
2094 2617 2222 2655 Mura-

1178 2663 1277 2700 torio
1299 2663 1417 2701 Tom.
1429 2677 1455 2702 1.
1468 2664 1634 2702 Analec‘t.
1654 2665 1818 2712 vulgato,
1831 2666 2052 2704 medicinam
2065 2675 2223 2708 tentem.

1227 2714 1281 2749 Sic
1305 2713 1505 2764 plerumque
1533 2714 1632 2752 velut
1662 2715 1806 2763 disoluto
1834 2715 1951 2753 laxius
1987 2730 2043 2754 ore

1226 2768 1339 2800 Dente
1369 2767 1540 2810 fremunt.

1178 2813 1248 2852 Cui
1276 2816 1312 2851 ὃ(
1345 2815 1562 2864 elegantiam
1595 2817 1633 2854 &
1662 2827 1835 2855 numeros
1862 2817 2022 2856 restitues
2049 2817 2074 2856 fi
2099 2819 2220 2870 legas‚'

1174 2866 1307 2914 difflato.
1337 2864 1465 2904 Eunu.

1237 2927 1324 2963 579.
1356 2917 1541 2967 Instillat,]
1599 2917 1774 2963 instillant
1803 2919 1969 2968 quinque
1991 2919 2147 2959 codices.
2181 2921 2226 2968 est

1183 2965 1279 3004 deest
1299 2966 1440 3005 duobus
1469 2969 1576 3006 libris.
1613 2968 1786 3006 Heinsius
1814 2970 1906 3008 olim
1935 2971 2107 3017 volebat,
2145 2972 2228 3011 vini

1184 3017 1420 3066 quodcumque
1438 3018 1558 3056 retiati.

1240 3067 1322 3116 581.
1353 3069 1536 3107 vinximus
1565 3068 1661 3118 ora.]
1720 3069 1853 3108 vincire
1871 3071 1966 3109 idem
1992 3072 2094 3122 quod
2120 3073 2227 3123 ligare

1186 3119 1331 3166 proprie
1358 3118 1527 3158 dixerunt
1557 3130 1719 3166 veteres,
1762 3132 1847 3160 curn
1879 3132 1954 3160 arte
1982 3123 2122 3172 magica
2144 3125 2227 3172 qui-

1186 3168 1270 3205 dam
1301 3169 1491 3208 funffione
1510 3170 1628 3220 aliqua
1650 3170 1928 3219 prohibebatur,
1955 3183 1994 3212 ut
2014 3173 2034 3210 a
2063 3173 2142 3219 saga
2159 3174 2224 3210 hic

1185 3218 1330 3266 linguae
1358 3220 1421 3257 usu
1450 3222 1630 3259 maledici.
1679 3223 1805 3262 Nem.
1860 3224 2024 3271 Quidam
2055 3224 2225 3266 codices,

1186 3270 1335 3306 vicimus
1350 3298 1359 3313 ,
1386 3271 1678 3318 alii,junximus:
1694 3274 1799 3309 male.
1826 3273 1912 3310 hinc
1931 3272 2073 3308 vincula
2094 3284 2128 3307 iri
2143 3283 2223 3307 ma-

1183 3321 1285 3368 gicis.
1323 3321 1365 3358 In
1387 3321 1678 3361 pharmaceutria
1699 3323 1841 3371 Virgziii
1866 3350 1874 3365 ‚
1914 3322 2043 3358 Veneris
2064 3321 2117 3356 dic
2138 3321 2222 3405 ωἰἷ-

2143 3382 2181 3408 cu
2199 3382 2223 3408 a
