2495 3675
257 153 356 214 560
761 145 822 202 Ρ.
896 120 1316 201 ov‘1D11

1389 134 1920 193 NASONIS

555 245 742 316 Atque
767 248 971 301 utinam
995 256 1218 318 pereant
1244 241 1449 293 animae
1476 251 1602 289 cum
1625 251 1852 306 corpore
1878 235 2124 304 nostrae,'

414 322 484 372 60

629 318 972 391 Effugiatque
1001 316 1183 370 avidos
1209 328 1325 383 pars
1352 308 1482 364 mihi
1508 307 1649 362 nulla
1674 310 1860 378 rogos!

558 391 698 447 Nam
725 391 761 445 fi
787 405 961 448 morte
986 403 1169 441 carens
1196 400 1412 438 vacuam
1439 381 1582 434 volat
1607 381 1739 434 altus
1765 381 1819 434 in
1841 395 2022 437 auram

632 463 882 535 Spiritus,
920 457 1163 513 &Samii
1187 456 1304 511 sunt
1329 468 1440 509 rata
1465 452 1607 507 dieta
1631 452 1792 516 senis;

558 536 701 591 Inter
725 532 1033 589 Sarmaticas
1060 531 1308 585 Romana
1334 526 1608 599 vagabitur
1634 525 1868 606 umbras!

641 608 852 677 Perque
878 604 1019 658 feros
1046 619 1224 658 manes
1247 600 1449 671 hospita
1474 600 1679 669 semper
1706 610 1825 652 erit.

423 687 490 750 65
566 677 688 735 Ossa
714 692 893 731 tamen
931 676 1095 730 facito
1121 676 1281 747 parva
1307 671 1604 727 referantur
1631 672 1684 725 in
1711 672 1857 725 urnii.

638 751 724 804 Sic
751 767 855 820 ego
879 765 988 803 non
1012 750 1173 802 etiam
1198 758 1439 801 mortuus
1463 744 1608 799 exsul
1631 760 1743 797 ero.

569 823 687 878 Nec
715 836 857 875 vetat
881 822 986 875 hoc
1009 821 1304 893 quisquam.
1345 818 1564 872 fratrem
1588 814 1850 870 Thebana
1873 825 2177 888 peremtum

642 894 928 966 Supposuit
955 894 1197 954 tumu10,
1235 892 1390 961 Rege
1416 901 1664 950 vetante,
1701 888 1867 942 soror.

569 971 755 1040 Atque
783 985 843 1021 ea
870 983 996 1020 cum
1020 965 1157 1028 foliis
1182 964 1237 1020 &
1264 964 1462 1018 amomi
1488 962 1707 1034 pulvere
1732 961 1910 1016 misce:

424 1060 492 1111 70

639 1040 805 1110 Inque
829 1039 1126 1093 suburbano
1151 1036 1369 1093 condita
1391 1052 1532 1107 pone
1556 1034 1685 1088 solo.

562 1113 824 1186 Quosque
854 1113 992 1184 legat
1020 1110 1195 1165 versus
1221 1109 1386 1164 oculo
1410 1117 1731 1180 properante
1755 1105 1957 1188 viator,

644 1183 952 1240 Grandibus
977 1184 1031 1239 in
1059 1184 1249 1239 tumuli
1275 1197 1542 1237 marmore
1565 1177 1733 1233 caede
1760 1192 1918 1234 notis.

333 1454 394 1506 58.
420 1454 484 1492 Ad
504 1452 601 1492 mala
614 1452 695 1503 jam
710 1448 886 1500 pridem]
941 1450 1005 1487 Ad
1027 1447 1237 1505 quae-multi
1257 1459 1324 1485 ve-

279 1514 374 1546 teres
397 1506 507 1579 geete.
534 1517 604 1544 nec
624 1503 834 1554 pauciores,
861 1507 904 1539 Ut
925 1514 1027 1551 quae.
1054 1499 1158 1550 Quid
1178 1498 1202 1538 fi
1216 1510 1322 1548 repo-

279 1567 407 1597 natur.

329 1627 492 1673 §Quorum
506 1624 718 1675 jampridem
741 1635 808 1660 non
827 1623 912 1660 rude
924 1624 1041 1674 pellas
1060 1620 1175 1659 habes.

279 1683 330 1722 fic
341 1686 488 1736 juvenci
507 1687 608 1724 rudes
629 1695 763 1736 operum
794 1684 882 1722 Fast.
905 1698 932 1723 1.
952 1686 990 1723 &
1011 1684 1112 1721 draco
1130 1681 1246 1732 fhmni
1270 1695 1330 1720 ru-

283 1735 337 1772 dis
356 1739 450 1774 Met.
470 1749 543 1774 νιι.
570 1749 614 1774 ex
635 1737 791 1784 antiquis
807 1736 915 1774 libris.
943 1736 1090 1773 mes'.
1118 1733 1222 1782 Quid
1237 1744 1332 1781 opus

280 1785 364 1823 sana
385 1788 422 1824 δε
441 1788 538 1826 reeta
556 1788 760 1825 sollicitare.
788 1797 874 1823 narn
901 1787 987 1824 licet
1007 1785 1103 1822 rudis
1121 1796 1207 1822 cum
1227 1784 1330 1832 geni-

280 1836 364 1874 tivo
383 1837 523 1875 dicatur
537 1865 547 1881 ‚
574 1849 652 1875 non
680 1838 801 1874 minus
830 1845 929 1874 amat
950 1836 1081 1874 Noster
1102 1836 1140 1873 δε
1165 1834 1225 1873 alii
1243 1846 1329 1873 cum

281 1887 555 1935 praepositione
574 1889 623 1924 ad
641 1887 858 1925 construere.
881 1900 946 1926 111.
970 1899 1016 1924 ex
1035 1887 1142 1924 Pont.
1155 1897 1228 1923 vn.

332 1950 398 1987 Ad
419 1951 518 1988 mala
530 1953 609 2001 jam
623 1952 759 2001 pridem
783 1964 852 1988 non
866 1949 986 1997 sumus
1003 1948 1068 1986 illa
1087 1946 1201 1985 rudes.

283 2014 408 2062 Justirr
422 2028 449 2052 Ι.
473 2029 500 2053 1.
527 2017 637 2053 Rudes
656 2016 703 2052 ad
724 2013 938 2063 refiflendum
956 2012 1103 2062 populos.
1130 2012 1168 2049 &
1187 2011 1236 2049 ita
1253 2010 1331 2059 pas-

283 2066 363 2105 fim.
390 2065 493 2104 habet
514 2068 624 2105 etiam
645 2067 705 2104 hic
724 2065 889 2103 nonnulli
911 2064 1069 2102 codices.
1096 2063 1229 2099 Bunm.

337 2140 397 2175 59.
424 2130 581 2166 Animae
609 2141 685 2165 cum
712 2136 838 2177 corpore
867 2122 1013 2174 nostro.]
1044 2122 1146 2161 Libri
1165 2130 1333 2169 veteres,

285 2178 425 2226 nostrae.
446 2180 575 2227 placet.
603 2179 772 2217 Cxofm.

336 2243 398 2281 60.
425 2249 513 2281 Pars
536 2255 612 2280 mea
632 2242 771 2292 nulla]
802 2248 886 2278 Pars
908 2239 997 2277 mihi
1014 2240 1180 2289 quinque
1202 2238 1336 2287 scripti.

287 2292 432 2331 restitis.
461 2295 522 2337 &,
551 2307 705 2334 vacuam
734 2305 860 2329 auram
888 2302 978 2329 mox
995 2317 1004 2335 ,
1035 2302 1100 2338 pro
1121 2302 1254 2327 vacuas
1269 2302 1335 2326 au·

287 2355 346 2380 ras
366 2344 539 2394 plerique.
569 2346 718 2383 Hnms.

339 2412 400 2448 62.
427 2417 514 2448 Sunt
535 2422 616 2448 rata
635 2411 727 2448 ditia
742 2409 873 2458 simin]
919 2415 1004 2445 Sunt
1020 2409 1124 2455 sacra
1147 2406 1334 2446 Leidenfis

290 2461 425 2500 codex.
451 2471 532 2498 rata
550 2462 656 2498 verba
678 2462 775 2508 Junii
798 2462 833 2497 δε
858 2460 930 2497 alii.
956 2459 1014 2497 sed
1035 2460 1124 2496 nihil
1144 2467 1257 2496 muta.
1281 2458 1334 2494 di-

289 2516 345 2550 [ἔα
366 2513 466 2550 enirn
486 2514 632 2560 proprie
651 2511 958 2558 Philosophorum
981 2509 1088 2548 effata
1101 2511 1161 2556 ,&
1178 2510 1333 2558 dogma-

289 2573 337 2602 ta.
363 2564 411 2601 ita
433 2561 534 2610 saepe
556 2564 748 2600 Lucretius
768 2571 802 2598 at
824 2564 944 2609 ιι.6ς.

341 2634 394 2666 Tu
411 2638 443 2666 te
464 2629 564 2666 dicus
579 2629 737 2678 praebere
758 2639 938 2666 memento.

292 2690 330 2728 ὃ(
352 2704 386 2730 ν.
408 2707 468 2743 23.

343 2756 504 2793 Veridicis
520 2758 625 2806 igitur
637 2759 804 2809 purgavit
823 2761 953 2809 per‘lora
974 2756 1083 2793 dietis.

293 2819 426 2858 Noster
446 2823 504 2860 lib.
525 2838 550 2863 ι.
578 2837 622 2863 ex
641 2826 747 2863 Pont.
766 2839 828 2864 ιιι.
849 2825 909 2863 86.

347 2889 423 2935 Qi
438 2891 527 2933 facit
545 2906 585 2928 ex
607 2891 706 2928 ditiis
728 2906 795 2928 non
813 2891 865 2928 ita
889 2890 1003 2928 multa
1026 2889 1107 2926 tuis.

294 2960 390 2998 quae
420 2950 584 2998 sequenti
622 2953 772 2991 disticho
807 2963 982 3003 praecepta
1014 2961 1136 2990 vocat.
1174 2953 1212 2990 &
1252 2953 1339 2990 hinc

292 3001 553 3040 maximeillud
566 3003 901 3052 Pythagoraeorum
918 3031 927 3047 ‚
946 3002 1053 3045 αὗτῦς
1073 3003 1159 3048 ἐ’Φκ.
1189 3001 1261 3040 vid.
1274 3004 1340 3040 Gi-

295 3050 369 3086 fan.
400 3050 513 3089 Indic.
547 3053 695 3090 Lucret.
723 3055 759 3089 &
794 3054 900 3089 dicere
931 3054 1235 3101 Philosophorum
1265 3052 1335 3092 effe

295 3100 449 3138 verbum
472 3101 596 3139 docuit
616 3102 734 3139 Barth.
754 3115 805 3140 xx.
830 3103 978 3140 Advers.
1000 3114 1032 3149 7.
1053 3103 1183 3141 Burm.

349 3165 409 3213 63.
440 3171 534 3202 Inter
547 3167 756 3201 Sarmaticas
771 3172 926 3202 Romana
946 3166 1133 3212 vagabitur
1153 3166 1333 3217 umbras.]

295 3214 437 3253 Eadem
451 3216 669 3265 exemplaria
681 3243 691 3258 ‚
707 3222 796 3252 Inter
809 3222 1029 3251 sauromatas
1045 3222 1198 3252 Romana
1222 3231 1333 3266 vaga·

295 3265 391 3304 bitur
411 3266 547 3306 umbra.
601 3266 692 3304 Non
722 3265 850 3305 dubito
883 3267 971 3316 quin
991 3266 1102 3316 longe
1124 3268 1255 3306 rectius
1278 3268 1334 3310 fit.

2307 1302 2416 1385 Hic

1379 1452 1538 1486 Romana
1556 1450 1680 1483 autem
1703 1455 1771 1492 pro
1802 1442 1949 1493 Peligna
1964 1441 2074 1501 Xdixit
2101 1442 2273 1482 locorum
2293 1443 2420 1484 vicini-

1378 1505 1473 1540 tate;
1502 1504 1586 1541 aut,
1614 1495 1717 1545 quod
1739 1495 1802 1533 diu
1824 1496 1971 1533 Romae
1991 1495 2098 1533 vixit.
2123 1494 2294 1533 ClOFAN.
2349 1493 2421 1534 Im-

1380 1559 1446 1586 mo
1472 1548 1559 1596 quia
1590 1546 1752 1584 Ovidius
1788 1547 1878 1584 civis
1907 1546 2101 1584 Romanus
2128 1553 2216 1583 erat.
2245 1546 2294 1583 ita
2325 1543 2421 1594 saepe
2493 1581 2495 1587 ,

1384 1599 1548 1636 Romam
1568 1596 1726 1644 patriam
1745 1596 1846 1634 suam
1866 1605 1989 1634 vocat.
2006 1596 2081 1634 vid.
2098 1595 2160 1634 lib.
2184 1608 2228 1634 ιι.
2250 1601 2422 1641 422.Sau·

1383 1658 1538 1686 romatas
1557 1647 1725 1686 Beruens.
1739 1647 1777 1685 &
1798 1648 1963 1698 quinque
1981 1647 2123 1697 scripti,
2151 1646 2190 1684 &
2213 1645 2424 1686 Bersmanni.

1386 1699 1513 1738 umbra
1530 1696 1692 1747 plurimi.

1441 1765 1500 1810 64.
1527 1770 1591 1801 Per
1602 1764 1693 1811 siros
1711 1762 1869 1809 mamm]
1906 1762 2005 1801 Inter
2025 1764 2116 1802 feras
2132 1765 2272 1802 animas
2290 1763 2425 1804 Sarma-

1386 1822 1517 1854 tarum.
1554 1814 1751 1861 Virgilius:
1784 1826 1816 1851 1.
1842 1814 1982 1862 Georg.
2002 1825 2087 1862 245.
2125 1821 2255 1865 Perque
2281 1815 2367 1852 duas
2389 1814 2427 1854 in

1385 1876 1514 1904 morem
1525 1863 1682 1916 fluminis
1703 1865 1824 1902 arctos.
1852 1865 2044 1903 MERULA.
2071 1866 2124 1904 Ita
2136 1865 2233 1915 apud
2245 1866 2326 1906 Val.
2338 1865 2428 1906 Flac.

1386 1929 1473 1966 497·-

1434 1981 1529 2019 Lilia
1547 1990 1607 2027 per
1626 1993 1748 2018 vernos
1768 1979 1883 2017 lucent
1903 1978 2003 2017 velut
2020 1978 2102 2017 alba
2120 1979 2240 2017 colores

1442 2039 1637 2081 Praectpue.

1385 2097 1462 2137 vid.
1480 2098 1546 2137 inf.
1565 2096 1668 2145 Eleg.
1685 2108 1756 2133 νιι.
1775 2106 1834 2134 22.

1437 2161 1499 2199 66.
1524 2158 1578 2196 sic
1597 2173 1649 2209 ego
1671 2172 1739 2196 non
1759 2159 1906 2210 etiam]
1934 2160 1987 2198 sic
2005 2173 2074 2198 non
2091 2173 2133 2197 ex
2152 2168 2220 2196 toto
2240 2170 2346 2199 unus.

1438 2226 1499 2272 67.
1527 2231 1607 2262 Non
1625 2234 1726 2261 vetat
1746 2224 1806 2260 hoc
1826 2224 2053 2274 quisquam]
2100 2231 2173 2262 Nec
2199 2225 2259 2263 sex
2280 2227 2431 2276 antiqui.

1387 2274 1484 2364 I{uto
1498 2303 1508 2320 ,
1537 2282 1609 2363 ἕνα
1631 2284 1725 2312 vetet
1743 2273 1816 2314 hoc.
1842 2274 1987 2313 Hiems.
2016 2282 2097 2313 Non
2117 2286 2216 2325 negat
2234 2277 2375 2316 Moreti
2391 2279 2429 2318 δε

1422 2338 1531 2364 einen
1553 2353 1560 2363 .

1441 2392 1502 2430 ⁶8.
1530 2391 1716 2441 ramula]
1747 2392 1861 2429 Titulo
1881 2394 2082 2443 Gottorph.
2103 2393 2176 2432 vid.
2196 2392 2241 2433 ad
2260 2394 2428 2436 x1.Mer.
2454 2385 2462 2397 ⁸

1388 2456 1474 2493 429.
1502 2445 1540 2482 δε
1559 2455 1649 2481 mox
1666 2443 1721 2485 Ji’ls.
1742 2454 1801 2488 72..
1819 2445 1858 2481 ὅ(
1883 2455 1943 2490 77.

1440 2513 1500 2559 69.
1528 2516 1574 2548 Et
1593 2511 1724 2548 amomi
1739 2510 1880 2560 pulvere
1896 2512 2030 2562 misce.]
2060 2513 2424 2559 Amomum(utscri-
2493 2510 2495 2535 ³

1389 2562 1441 2599 bit
1461 2562 1719 2608 Dioscorides)
1748 2561 1797 2600 est
1826 2573 1941 2610 genus
1973 2564 2106 2601 herbae
2135 2564 2424 2610 odoratiffimae,

1390 2613 1491 2660 cujus
1512 2614 1632 2650 frutex
1656 2613 1779 2650 similis
1809 2613 1858 2650 est
1885 2614 2044 2658 botruo,
2070 2614 2107 2651 in
2128 2614 2283 2652 circuitu
2311 2615 2425 2665 cujus-
2493 2641 2495 2648 .

1387 2663 1472 2700 libet
1497 2664 1632 2700 arboris
1661 2663 1809 2701 nascens
1829 2691 1840 2708 ‚
1869 2665 2028 2702 ramulos
2055 2664 2191 2702 habens
2217 2665 2330 2704 ficcos
2351 2693 2360 2710 ‚
2387 2665 2423 2704 δε

2475 1229 2478 1239 ,
2490 1230 2493 1235 .

2485 1307 2495 1319 'l

2482 1366 2495 1417 il

2477 1422 2495 1488 {l

2475 1263 2478 1317 ὲ

2475 1326 2478 1375 l

2477 1403 2479 1417 l

1388 2714 1519 2755 duros,
1545 2712 1705 2761 virgultis
1734 2713 1899 2752 affimiles
1918 2742 1931 2758 ,
1970 2713 2103 2752 coloris
2130 2714 2274 2753 subruffi
2297 2743 2309 2760 ,
2335 2715 2421 2754 circa
2494 2731 2495 2734 ¹

1389 2774 1482 2811 quos
1508 2763 1616 2800 habet
1641 2764 1729 2801 folia
1760 2764 1908 2812 copiosa
1931 2792 1942 2809 ‚
1979 2776 2025 2802 ex
2043 2763 2166 2814 thyrso
2187 2765 2357 2804 botruoso
2374 2765 2424 2804 se-

1390 2824 1477 2851 men
1508 2814 1700 2858 redolens,
1727 2815 1765 2852 &
1793 2814 1856 2852 fibi
1884 2826 2097 2852 connexum
2125 2815 2253 2854 florem
2281 2817 2423 2862 album,

1390 2864 1505 2901 veluti
1526 2864 1646 2902 violae
1678 2866 1764 2902 folia
1779 2891 1791 2909 ‚
1811 2864 1939 2902 similia
1959 2865 2148 2913 bryoniae.
2186 2866 2344 2915 Bryonia
2363 2877 2423 2904 au-

1390 2924 1465 2952 tem
1486 2915 1532 2952 est
1564 2926 1760 2952 amomum
1790 2915 2030 2953 Armenicum
2058 2916 2161 2965 quod
2184 2918 2312 2955 ceteris
2330 2927 2426 2966 prae-

1390 2965 1477 3010 stat,
1502 2965 1593 3002 fulvi
1616 2965 1770 3002 coloris:
1798 2964 1998 3004 secundum
2021 2967 2211 3005 Medicum
2235 2993 2246 3011 ,
2281 2968 2430 3016 tertium·

1391 3015 1602 3052 Ponticum.
1627 3016 1794 3062 Carpitur
1806 3024 1930 3052 autem
1953 3018 2096 3064 (autore
2115 3016 2252 3066 Plinio)
2280 3028 2427 3055 cumra-

1391 3065 1472 3103 dice
1497 3064 1774 3113 manipulatim,
1802 3066 1932 3104 leviter
1961 3067 2200 3113 componitur
2223 3096 2233 3112 ‚
2267 3068 2426 3116 protinus

1390 3115 1528 3163 fragile.
1557 3115 1744 3153 Laudatur
1762 3127 1873 3164 quam
1900 3117 2062 3153 maxime
2088 3118 2208 3162 punici
2230 3118 2313 3155 mali
2335 3118 2426 3156 foliis

1390 3166 1526 3210 simile,
1554 3177 1624 3202 nec
1652 3166 1809 3214 rugosis,
1837 3165 1963 3202 colore
1992 3165 2102 3203 ruffo.
2142 3167 2306 3206 Secunda
2325 3167 2428 3206 boni-

1389 3226 1440 3255 tas
1462 3216 1510 3253 est
1539 3215 1697 3263 pallido,
1725 3216 1946 3253 herbaceum
1976 3216 2102 3264 pejus:
2133 3218 2323 3264 pessimum
2345 3229 2428 3256 can-

1388 3266 1514 3307 didum
1537 3292 1549 3311 ‚
1578 3265 1681 3316 quod
1707 3265 1883 3304 vetustate
1913 3268 2052 3305 evenit.
2094 3267 2285 3309 MERULA.
2321 3270 2427 3317 Quae

2365 3316 2424 3356 hic
