2495 3675
224 202 326 273 496

700 193 762 252 P..
834 188 1245 250 0V1D11
1318 184 1851 247 NASONIS

513 286 644 345 Inde
669 285 1088 342 Mesembriacos
1114 294 1331 355 portus,
1371 278 1425 333 &
1451 277 1719 344 Odeffon,
1759 280 1814 336 &
1838 299 1981 340 arces

594 361 897 414 Praetereat
923 356 1083 415 dietas
1111 354 1358 415 nornine,
1394 350 1636 414 Bacche,
1673 365 1796 408 tuo:

517 433 591 489 Et
613 450 756 504 quos
786 430 1033 484 Alcathoi
1061 438 1360 480 memorant
1386 427 1414 478 a
1440 425 1721 478 moenibus
1747 438 1894 479 ortos

374 522 443 573 40

593 504 816 559 Sedibus
844 503 922 554 his
949 499 1237 571 profugum
1263 497 1584 552 constituisse
1611 497 1829 552 Larem.

518 580 574 635 A
609 577 800 649 quibus
824 573 1070 626 adveniat
1096 570 1344 625 Miletida
1370 570 1543 641 sospes
1566 570 1637 625 ad
1665 569 1850 626 urbem
1871 615 1884 633 ,

590 646 794 704 Offensi
821 662 930 716 quo
954 661 1040 698 me
1069 643 1330 715 compulit
1352 642 1427 697 ira
1452 643 1573 698 Dei.

519 722 683 779 Hanc
712 719 747 772 si
771 718 1060 788 contigerit
1077 756 1091 779 ‚
1129 716 1351 771 meritae
1378 715 1537 770 cadet
1563 733 1697 787 agna
1724 715 2024 772 Minervae.

592 793 719 848 Non
742 792 871 846 facit
899 791 966 844 ad
993 788 1189 846 nostras
1213 787 1380 843 hostia
1405 787 1571 859 major
1597 806 1741 861 opeS.

230 1007 319 1046 dum
345 1007 506 1051 videtur,
522 1001 927 1054 Thynniacosquefinus,
948 1014 1058 1053 quam
1084 1000 1282 1040 Heniochos,

231 1060 428 1107 Thymnias
452 1059 551 1096 enim
576 1057 756 1104 oppidum
782 1056 850 1092 fuit
869 1055 905 1091 in
930 1066 994 1092 ora
1018 1055 1124 1091 Ponti
1147 1052 1278 1090 sinistra

230 1111 325 1148 inter
351 1110 518 1159 Cyaneas
538 1110 575 1145 &
599 1106 837 1155 Apolloniam
854 1133 865 1149 ,
894 1106 997 1154 cujus
1019 1103 1191 1142 meminit
1212 1104 1281 1140 Pli-

233 1162 340 1203 nius,
367 1161 603 1198 Ptolomaeus
620 1186 629 1201 ‚
655 1169 698 1194 ac
731 1157 841 1194 etiam
870 1155 1115 1204 Pomponius.
1144 1154 1281 1201 Thyn-

233 1213 335 1248 niam
356 1213 469 1248 etiam
490 1208 791 1258 promontorium
816 1206 951 1244 eodem
986 1207 1023 1243 in
1045 1205 1132 1243 loco
1153 1202 1256 1242 fuiffe
1270 1229 1282 1249 ,

232 1261 347 1298 iidem
382 1262 588 1298 meminere
612 1287 622 1299 ‚
664 1257 684 1296 a
712 1270 789 1306 quo
822 1256 1037 1306 Thynniacos
1058 1254 1155 1302 finus
1186 1255 1285 1292 Poe-

232 1320 309 1349 tam
351 1311 519 1360 scripsisse
561 1310 682 1358 potius
710 1308 927 1346 crediderim
951 1335 961 1352 ,
1007 1318 1119 1355 quam
1156 1306 1282 1342 Henio-

232 1362 321 1400 chos.
373 1363 501 1399 Strabo
527 1360 654 1398 scribit.
681 1364 736 1396 Ex
759 1358 945 1409 Apollonia
971 1358 1020 1394 ad
1043 1363 1201 1406 Cyaneas
1228 1356 1284 1392 in-

222 1413 324 1460 sulas
341 1412 455 1457 stadia
472 1415 555 1456 sunt
578 1423 686 1457 1500.
707 1416 747 1446 In
769 1423 804 1447 eo
825 1421 942 1446 autem
961 1408 1152 1446 intervallo
1166 1406 1285 1455 Thyn-

233 1465 295 1499 nia
319 1463 630 1511 Apolloniatarum
662 1474 752 1510 ager.
798 1459 857 1498 Est
879 1469 1063 1508 praeterea
1089 1458 1285 1507 Thynnias

229 1515 535 1562 promontorium
552 1512 744 1561 Mysorum
758 1539 768 1554 ‚
791 1511 837 1549 de
855 1522 931 1558 quo
945 1510 1173 1558 Propertius:
1194 1513 1286 1545 Gra·

238 1577 277 1600 ta
307 1567 427 1601 (lomus
458 1564 616 1613 nymphis
644 1562 792 1599 humida
821 1560 1054 1609 Thymniacis.
1094 1561 1285 1597 MERULA.

235 1614 502 1665 Thyniadosqae
519 1613 709 1652 Salmasius
730 1612 973 1661 castigandum
997 1620 1128 1649 monet
1150 1611 1193 1648 ad
1217 1612 1286 1649 So-

232 1665 351 1703 linum
389 1678 468 1714 pag.
491 1677 577 1712 215.
624 1663 823 1711 Thyniadcs
843 1661 942 1712 finus
961 1690 971 1706 ‚
1010 1663 1041 1698 οἱ
1061 1664 1190 1699 κόλποι
1220 1663 1286 1704 τῆς

232 1715 407 1756 Θυ-«έαδας
437 1716 561 1759 ἄκρας.
597 1714 697 1752 idem
729 1715 816 1751 citat
841 1741 851 1755 ‚
888 1715 987 1750 νειῖἱα
1009 1712 1076 1762 sub
1111 1710 1285 1749 Anchiali

235 1766 370 1804 moenia
391 1765 504 1804 findat
522 1766 600 1803 iter.
626 1765 774 1803 Herus.
803 1763 1088 1813 Thrinacriosque
1100 1762 1285 1800 Ms.ssers-

234 1818 429 1854 manni&
453 1816 559 1854 Leid.
583 1815 642 1852 alii
662 1815 830 1859 codices,
857 1813 1076 1857 ahanareos,
1105 1812 1286 1862 Tynacios,

236 1867 426 1912 Thimaffi
453 1865 665 1910 Hismarios,
694 1865 878 1903 Taenarios
899 1866 937 1902 δί
959 1864 1097 1902 similia.

291 1929 348 1967 35.
377 1925 441 1955 Per
471 1916 644 1966 Apollinis
673 1915 833 1966 urbem]
887 1915 1089 1964 Apollonia
1118 1914 1196 1953 urbs
1217 1914 1286 1952 fuit

235 1968 382 2007 Asticae
405 1968 585 2016 regionis,
612 1968 794 2004 Anthium
826 1966 916 2003 olim
938 1965 1113 2015 appellata
1129 1992 1139 2009 ,
1166 1966 1230 2002 fita
1247 1967 1285 2003 in

237 2020 363 2057 littore
391 2020 526 2057 Getico
549 2045 560 2062 ‚
598 2027 638 2056 ut
669 2017 780 2055 docet
810 2017 944 2055 Plinius
976 2018 1014 2054 &
1042 2016 1288 2054 Ptolemaeus.

236 2070 323 2108 Fuit
345 2071 384 2108 ὃ(
409 2069 730 2119 Apolloniatarum
755 2067 865 2106 insula
885 2069 970 2106 citra
991 2067 1118 2105 Istrum
1133 2066 1193 2105 80.
1205 2067 1288 2104 mil·

236 2120 284 2159 lia
307 2119 469 2169 passuum
494 2119 514 2157 {1
548 2119 734 2167 Bosphoro
757 2119 945 2162 Thracio,
973 2130 1018 2155 ex
1042 2129 1114 2167 qua
1134 2118 1190 2155 M.
1210 2118 1289 2154 Lu-

239 2171 356 2209 cullus
378 2171 630 2219 Capitolinum
663 2170 878 2218 Apollinem
900 2169 1058 2206 advexit.
1087 2177 1195 2206 autor
1218 2168 1290 2206 Pli-

239 2223 333 2260 nius.
363 2222 520 2260 Videtur
536 2230 662 2258 tamen
684 2220 748 2258 hic
774 2219 935 2257 Ovidius
957 2231 1036 2257 non
1054 2230 1136 2256 eam
1158 2219 1286 2257 urbem

238 2273 504 2321 supraditftam,
529 2271 590 2310 sed
621 2271 752 2308 insulae
782 2270 908 2307 urbem
942 2269 1126 2319 designare
1153 2282 1216 2318 per
1236 2269 1290 2307 A-

240 2323 437 2371 pollinem.
463 2323 509 2360 de
535 2334 609 2370 qua
639 2322 686 2359 ita
710 2320 825 2358 scribit
849 2319 976 2358 Strabo
999 2333 1007 2357 :
1045 2319 1158 2367 Postea
1185 2320 1292 2370 Apol·

244 2373 339 2410 lania
361 2373 386 2410 ὰ
409 2376 508 2425 sacro
532 2373 608 2419 ostio
631 2372 705 2416 Istri
724 2370 848 2418 stadiis
879 2370 973 2408 mille
1002 2371 1159 2407 trecentis
1189 2371 1294 2408 Mile-

239 2423 375 2474 storum
405 2424 535 2461 colonia
556 2439 567 2460 :
606 2425 704 2472 cujus
732 2423 845 2471 major
874 2421 966 2458 muti
992 2421 1100 2469 portio
1137 2421 1293 2470 quadam

242 2479 281 2513 in
307 2475 404 2512 exilii
431 2474 570 2512 condita
597 2473 714 2521 insula
744 2473 818 2520 est:
846 2471 904 2509 ubi
932 2470 1106 2522 Apollinis
1131 2471 1297 2518 sacellum

250 2526 370 2573 existit
391 2554 402 2572 ,
449 2539 513 2577 quo
541 2538 583 2562 ex
620 2524 686 2561 loco
721 2530 774 2561 M.
807 2522 971 2560 Lucullus
1000 2521 1167 2569 Coloffum
1196 2533 1297 2560 extu·

244 2576 311 2620 lit,
340 2587 384 2616 θ’
412 2576 450 2613 in
480 2575 647 2626 Capitolio
678 2574 870 2612 collocavit.
923 2573 1005 2612 Fuit
1030 2583 1153 2611 autem
1179 2574 1299 2622 Apot-

243 2626 325 2663 linis
346 2626 458 2665 statua
477 2625 674 2664 Calamidis
694 2637 799 2674 opus.
826 2625 1018 2663 MERULA.
1055 2624 1296 2672 Apolloniam

242 2675 427 2725 intellige,
456 2689 569 2727 quam
591 2689 757 2725 magnam
785 2675 942 2723 appellat
974 2674 1098 2719 Mela,
1127 2675 1298 2722 proxime

244 2725 347 2773 supra
367 2728 586 2776 Thynniam
616 2727 919 2776 promontorium
954 2724 1071 2762 fitam.
1120 2724 1175 2761 Ita
1197 2726 1297 2762 enim

245 2776 285 2813 ὃ(
307 2777 443 2815 itineris
465 2780 557 2816 ratio
578 2777 759 2825 postulat:
788 2777 826 2813 &
853 2774 988 2813 eodem
1019 2775 1174 2818 ordine,
1202 2774 1296 2813 haec

241 2826 377 2863 eadem
398 2827 478 2865 ioca
501 2830 613 2865 etiam
638 2829 682 2865 ab
705 2823 889 2865 autoribus
918 2825 1038 2863 Plinio
1055 2853 1065 2870 ,
1094 2825 1295 2870 Strabone.

246 2876 374 2919 Mela,
405 2879 442 2914 ὃς
467 2879 688 2915 Ptolomaeo
718 2879 806 2915 item
830 2876 1074 2914 recensentur.
1119 2876 1298 2915 Μιςηι.

247 2926 352 2964 Idem
377 2927 610 2966 Marcellinus
637 2929 723 2965 loco
754 2929 889 2965 citato:
920 2926 1019 2974 Istros
1040 2926 1216 2975 quondam
1237 2937 1294 2975 po-

249 2975 436 3023 tentiffi'ma
450 2979 596 3022 civitas,
627 2989 671 3016 ω·
690 2978 785 3014 Tomi
812 2989 856 3016 Θ·
879 2977 1064 3026 Apellonia
1080 3004 1090 3021 ,
1109 2990 1152 3017 ω’
1165 2977 1300 3014 Achia-

250 3027 321 3071 los,
349 3038 393 3065 ω’
413 3028 562 3075 Odeffin:
591 3028 680 3063 aliae
704 3037 878 3076 praeterea
908 3028 1062 3070 multae,
1099 3041 1185 3079 quas
1204 3028 1300 3065 litto-

242 3091 290 3116 ,σι
311 3077 484 3115 eminent
515 3077 753 3114 Thraciarum.
782 3077 952 3115 CIOFAN.
997 3079 1065 3115 Sed
1097 3080 1296 3127 quomodo

251 3130 411 3167 Ovidius
428 3129 599 3176 navigans
629 3128 801 3165 tendebat
831 3130 898 3164 iter
928 3139 991 3175 per
1021 3128 1294 3175 Apolloniam?

249 3180 312 3217 An
334 3180 498 3217 dicemus
522 3179 634 3226 ipsam
665 3178 815 3226 quidem
849 3177 1074 3223 Apolloniae
1097 3179 1294 3218 civitatem

246 3230 284 3267 in
308 3230 512 3268 continenti
533 3228 747 3266 exstrutftam
764 3255 773 3270 ,
802 3227 858 3265 sed
880 3228 929 3264 illi
951 3229 1218 3266 conterminam
1234 3232 1294 3267 in·

246 3280 357 3318 sulam
379 3281 422 3318 ab
443 3280 688 3329 Apolloniatis
710 3290 861 3327 quoque
885 3278 1081 3315 habitatam
1104 3278 1204 3316 fuisse
1220 3308 1229 3322 ‚
1252 3292 1293 3318 :ic

239 3331 428 3372 Ovidium
448 3333 542 3372 inter
561 3331 656 3370 lianc
677 3331 714 3369 &
737 3329 835 3369 iiiam
863 3329 930 3368 iter
949 3328 1083 3369 fecille.
1136 3328 1190 3369 Ita
1210 3332 1294 3370 sane

2265 864 2382 924 Vos

1337 999 1481 1040 necesse
1504 1002 1564 1040 est.
1614 1001 1663 1039 Et
1683 1001 1766 1040 sane
1797 1001 1926 1041 Strabo
1941 1031 1950 1048 ‚
1981 1002 2223 1051 Apolloniam
2243 1004 2386 1053 majore

1337 1053 1387 1090 sui
1409 1061 1511 1100 parte
1531 1055 1565 1090 in
1587 1052 1697 1090 insula
1718 1053 1933 1092 exstruetam
1957 1054 2060 1093 fuisse
2080 1051 2241 1093 testaturss
2268 1067 2384 1103 quem

1337 1103 1527 1141 Salmasius
1557 1103 1644 1140 loco
1668 1103 1747 1151 jam
1778 1103 1879 1142 dieto
1899 1107 2162 1143 immerentem
2193 1115 2387 1154 propterea

1336 1155 1459 1201 carpit.
1486 1153 1631 1191 Solinus
1651 1165 1805 1202 quoque
1827 1157 2001 1194 meminit
2019 1156 2390 1206 insulaeApolloniaz

1336 1213 1470 1242 tarum.
1499 1204 1611 1241 etiam
1635 1204 1784 1242 Plinius.
1812 1205 1959 1244 Hfflns.

1391 1269 1451 1317 36.
1477 1268 1547 1306 Sub
1568 1268 1739 1306 Anchiali
1761 1270 1936 1320 moenia]
1989 1269 2170 1309 Anchiala
2184 1299 2194 1315 ,
2224 1270 2284 1309 seu
2304 1274 2388 1308 An·

1339 1319 1491 1364 chialos,
1520 1319 1702 1358 castellum
1726 1321 1794 1358 fuit
1823 1321 1867 1358 ab
1898 1322 2146 1367 Apolloniatis
2165 1323 2359 1360 conditum
2375 1347 2389 1365 ,

1338 1382 1434 1420 quae
1455 1371 1493 1408 δε
1512 1371 1677 1408 Pollonia
1699 1370 1896 1409 dicebatur.
1926 1372 2007 1410 Fuit
2027 1380 2151 1410 autem
2176 1374 2212 1410 in
2231 1384 2294 1410 ora
2310 1373 2388 1410 Ge-

1339 1422 1402 1459 tici
1422 1422 1564 1459 littoris.
1593 1422 1710 1460 Getae
1727 1430 1852 1459 autem
1865 1421 1903 1459 hi
1915 1423 2126 1460 dicebantur
2138 1450 2148 1467 ,
2160 1425 2220 1472 qui
2232 1423 2275 1461 ad
2289 1423 2390 1461 Pon-

1340 1480 1421 1510 tum
1450 1473 1486 1509 in
1509 1473 1691 1510 orientem
1717 1482 1896 1521 vergunt:
1926 1473 2019 1510 Daci
2039 1484 2153 1516 vero,
2179 1475 2244 1522 qui
2261 1474 2298 1512 in
2320 1485 2391 1521 op·
2451 1485 2456 1490 ·

1341 1522 1502 1571 positum
1519 1523 1639 1561 versus
1659 1524 1899 1561 Germaniam
1914 1551 1925 1568 ‚
1954 1525 1991 1561 &
2013 1523 2288 1562 adIstrifontes.
2310 1525 2389 1562 Ge·
2467 1551 2477 1558 -

1341 1583 1394 1612 tas
1417 1575 1516 1611 enim
1537 1574 1669 1612 Graeci
1689 1574 1855 1612 Thraces
1875 1575 2013 1622 opinati
2037 1574 2138 1618 sunt,
2164 1575 2229 1623 qui
2249 1583 2392 1614 utrum-

1343 1636 1417 1675 que
1434 1624 1512 1662 istri
1527 1625 1620 1663 latus
1639 1625 1861 1662 incolebant.
1879 1634 1986 1663 autor
2005 1625 2147 1663 strabo.
2174 1627 2367 1664 MERULA.

1395 1676 1452 1724 36.
1481 1675 1572 1712 Alta
1588 1675 1655 1725 suh
1683 1674 1852 1712 Anchiali
1871 1676 2006 1712 moenia
2019 1675 2139 1723 findat
2159 1675 2264 1726 itera]
2304 1682 2392 1714 Ten-

1340 1726 1404 1763 dat
1424 1729 1489 1764 iter
1517 1726 1576 1764 sex
1598 1726 1781 1764 meliores.
1809 1738 1876 1774 p:0
1909 1727 2001 1762 Alta
2029 1727 2169 1775 primae
2197 1727 2393 1766 editiones.

1340 1779 1449 1826 prim.
1481 1777 1589 1815 Polit.
1619 1778 1725 1826 prim.
1758 1777 1878 1815 Vatic.
1911 1779 2017 1826 prim.
2050 1777 2123 1815 Pal.
2150 1779 2188 1816 &
2219 1785 2289 1816 tres
2307 1779 2391 1823 alii,

1343 1830 1454 1865 Vena.
1472 1827 1635 1876 septem,
1663 1831 1774 1876 Apta.
1808 1829 1976 1877 quinque
1999 1856 2010 1873 ,
2046 1830 2154 1866 Asta⁴
2181 1841 2298 1873 unus,
2325 1842 2394 1866 an-

1341 1889 1411 1916 tra.
1438 1879 1547 1923 alius,
1574 1880 1683 1915 arola.
1714 1880 1823 1916 Latet
1840 1879 2036 1917 mendum.
2062 1879 2195 1924 Forte,
2224 1881 2338 1918 Lec‘t‘a.
2352 1887 2394 1919 ut

1343 1929 1445 1978 legere
1464 1929 1574 1967 littus.
1602 1930 1746 1966 Heins.
1826 1932 1923 1966 Abla
1948 1931 2061 1968 etiam
2088 1931 2258 1969 Francos.
2279 1933 2317 1968 &
2333 1931 2394 1970 alii

1343 1980 1518 2070 1pti-utimr,
1543 1980 1745 2031 quodcum
1758 1978 1984 2020 Bersmanno
2003 1982 2195 2031 praefero,
2223 1981 2250 2021 fi
2273 1982 2323 2020 ita
2335 1981 2398 2031 dt:

1371 2039 1562 2080 ingruunt,

1576 2101 1619 2132 (θ’
1640 2091 1684 2130 ab
1706 2092 1760 2130 his
1784 2101 1844 2142 per
1867 2093 2042 2143 Apollinis
2062 2093 2181 2132 urbem

1344 2144 1491 2232 Βυξῗα
1504 2171 1515 2188 ,
1535 2143 1602 2192 sub
1621 2143 1794 2183 Anchiali
1813 2145 1949 2183 moenia
1970 2145 2094 2182 tendat
2115 2146 2194 2183 iter.

1398 2265 1456 2302 37.
1486 2258 1530 2291 Et
1552 2255 1719 2305 opeson.]
1750 2255 1971 2304 Legendum
1993 2255 2064 2300 est,
2092 2255 2243 2306 Odeffon.
2296 2257 2396 2298 Nam

1348 2304 1475 2343 Strabo
1490 2333 1500 2350 ,
1529 2305 1760 2355 Pomponius
1776 2334 1786 2349 ‚
1813 2307 1948 2345 Plinius
1970 2335 1981 2352 ,
2009 2306 2199 2355 Appianus
2215 2336 2225 2350 ,
2251 2308 2288 2345 ὃ(
2310 2308 2399 2347 Pto·
2464 2346 2466 2348 .

1346 2356 1515 2394 lomaeus
1553 2357 1603 2394 ita
1637 2357 1820 2407 appellant
1855 2368 1937 2395 earn
1983 2358 2111 2395 urbem
2152 2358 2400 2400 Milesiorum.

1350 2408 1543 2445 Menum..
1606 2408 1711 2446 Unus
1750 2408 1872 2446 Vatic.
1903 2408 1979 2446 duo
2007 2408 2097 2453 alii,
2143 2408 2294 2459 Odeffim.
2342 2422 2400 2449 re·

1353 2457 1434 2503 ἃς,
1462 2470 1507 2496 ex
1541 2459 1746 2496 Marcellini
1769 2486 1780 2502 ‚
1807 2470 1922 2506 quem
1951 2458 2068 2497 modo
2090 2460 2271 2505 recitavi,
2298 2460 2400 2499 loco.

1355 2509 1523 2546 CIOFAN.
1563 2509 1646 2546 Indo
1668 2508 1897 2558 Mesahriacos
1912 2519 2030 2560 portus
2049 2520 2091 2549 ω’
2111 2511 2289 2560 Ephesonis
2308 2524 2399 2549 arces

1354 2561 1426 2597 Ms.
1457 2560 1595 2598 Bersm.
1631 2560 1896 2607 Mesambriacos
1936 2561 2041 2598 multi
2074 2559 2207 2610 scripti.
2251 2561 2401 2612 Ephefhn

1353 2611 1547 2654 nonnulli,
1572 2611 1698 2659 Opeson
1718 2612 1826 2659 prim.
1839 2611 1984 2649 Edit.&
1998 2611 2142 2660 Gryph.
2160 2613 2199 2649 ὅτ
2219 2612 2322 2649 aliae.
2339 2613 2400 2651 sed

1354 2661 1494 2709 Odeffon
1516 2673 1601 2698 vera
1623 2661 1671 2698 est
1689 2661 1824 2706 lectio,
1852 2671 1892 2700 ut
1912 2674 1959 2699 ex
1980 2663 2142 2700 nummis
2162 2663 2289 2708 probat
2317 2664 2403 2702 Illu-

1353 2711 1426 2748 stris
1450 2711 1647 2759 Span'nem.
1677 2710 1893 2752 Differt.1x.
1917 2723 1996 2762 pag.
2016 2724 2103 2761 902.
2141 2712 2324 2752 Editionis
2348 2714 2402 2753 se-

1354 2761 1510 2800 cundae.
1536 2762 1668 2800 Burin.

1406 2840 1466 2878 39.
1495 2828 1662 2867 Alcathoi
1682 2829 1888 2879 moenibus]
1927 2829 2099 2878 Septem,
2126 2829 2328 2869 Alcathoen
2353 2830 2401 2869 de

1353 2890 1426 2928 qua
1445 2879 1587 2919 dietum
1612 2883 1691 2919 Art.
1709 2882 1837 2918 Amat.
1854 2880 1911 2917 alii
1934 2881 2129 2919 Alcathois.
2156 2882 2303 2921 rimus.
2330 2881 2403 2927 Alf

1357 2929 1498 2968 cathoiis
1521 2932 1663 2980 Gryph.
1687 2930 1883 2967 Alcathoae
1907 2931 2049 2980 Micyll.

1406 3004 1466 3037 40.
1497 2995 1656 3039 Profugos
1672 2991 1871 3039 constituisse
1894 2991 2036 3043 larem]
2068 2995 2407 3043 zaresplurimivffi

1354 3051 1489 3082 terum.
1517 3042 1586 3079 Sed
1608 3043 1692 3091 lego
1707 3069 1716 3085 ,
1741 3047 1922 3091 profugum
1943 3043 2065 3081 larem.
2093 3045 2255 3083 Met.1v.

1352 3154 1391 3191 H
1409 3110 1484 3141 Hac
1504 3107 1638 3151 Tyron,
1666 3103 1732 3140 hac
1748 3106 1906 3154 profugos
1916 3103 2069 3153 posuistis
2080 3104 2159 3152 sede
2176 3116 2329 3154 penates.

1395 3166 1652 3259 {libisltdiletida
1672 3212 1824 3262 urbem]
1853 3212 1958 3249 Malo
1974 3241 1984 3256 ‚
2014 3212 2188 3263 Milefida.
2199 3226 2285 3255 nam
2299 3215 2318 3254 a
2333 3215 2408 3261 Mt-‚

1347 3264 1424 3304 leto
1445 3262 1598 3312 Milefius
1624 3264 1828 3301 deducitur.
1857 3264 2004 3302 Hsms.

1402 3337 1462 3375 42.
1491 3323 1618 3375 Offenfi
1647 3337 1712 3375 quo
1734 3337 1788 3364 me
1807 3325 1958 3381 contulit
1985 3326 2040 3367 ira
2066 3325 2161 3378 dal]
2209 3329 2315 3368 Unus
2328 3327 2405 3382 Va-

2341 3386 2403 3429 tic,
