2495 3675
388 144 1094 204 EpisTOLARUMEX
1134 141 1416 201 PONTO.
1452 142 1573 198 Lm.
1611 143 1648 198 Ι.
1687 140 1864 198 ΕΡιςτ.
1903 140 1938 196 1.

2115 149 2214 201 705

358 245 595 315 Adjuvat
624 247 676 300 in
705 246 843 300 bello
868 262 1082 318 pacatae
1106 261 1277 298 ramus
1305 244 1501 298 olivae:

434 319 682 373 Proderit
710 318 1005 372 Auctorem
1037 318 1183 371 Pacis
1212 317 1406 371 habere
1431 314 1592 370 nihil?

356 389 501 445 Cum
528 392 670 445 foret
695 390 901 444 AEneae
927 392 1109 445 cervix
1132 389 1354 459 subjecta
1377 388 1577 461 parenti
1597 421 1613 447 ,

434 464 648 517 Dicitur
675 464 778 530 ipsa
805 463 919 515 viro
944 462 1157 515 flamma
1183 461 1382 516 dediffe
1409 463 1562 515 viam.

215 549 278 599 35

354 533 481 590 Fert
506 536 637 590 liber
663 533 972 589 AEneaden:
1016 534 1070 587 &
1096 551 1203 587 non
1228 535 1331 587 iter
1357 552 1516 588 omne
1543 529 1772 604 patebit?

425 610 501 662 At
528 609 724 679 patriae
748 620 896 675 pater
921 606 1038 667 hic;
1067 606 1235 675 'ipsius
1263 607 1346 660 ille
1374 606 1489 659 fuit.

356 679 560 751 Ecquis
588 680 661 733 ita
681 677 755 732 est
775 678 974 740 audax,
1012 692 1068 731 ut
1098 678 1277 731 limine
1302 690 1459 748 cogat
1486 677 1628 731 abire.

422 751 716 821 Jafiantem
737 750 924 804 Pharia
947 750 1146 804 tinnula
1171 748 1307 801 sistra
1335 751 1528 802 manu?

352 825 499 878 Ante
523 824 703 878 Deum
736 823 970 875 Matrem
995 838 1161 875 cornu
1189 820 1385 874 tibicen
1410 820 1621 874 adunco

212 911 282 962 40

429 895 573 950 Cum
600 894 770 954 canit;
812 894 1034 963 exiguae
1062 894 1177 965 quis
1201 892 1340 964 stipis
1365 911 1480 946 aera
1508 893 1700 964 neget?

353 967 558 1021 Scimus
590 966 653 1020 ab
679 966 906 1036 imperio
931 966 1044 1020 fieri
1072 966 1145 1019 nil
1172 966 1271 1018 tale
1299 967 1526 1020 Dianae:

428 1038 589 1093 Unde
616 1053 792 1092 tamen
813 1037 958 1092 vivat
981 1038 1294 1092 vaticinator
1321 1039 1490 1091 habet.

354 1111 461 1182 Ipsa
486 1126 707 1165 movent
733 1109 934 1164 animos
960 1111 1288 1182 Superorum
1313 1111 1527 1163 numina
1549 1109 1783 1171 nostros;

427 1183 618 1255 Turpe
641 1201 738 1237 nec
761 1182 835 1235 est
865 1182 951 1236 tali
974 1183 1287 1237 credulitate
1312 1184 1440 1254 capi.

213 1274 279 1327 45
353 1255 439 1310 En
467 1272 600 1326 ego,
637 1272 736 1326 pro
760 1253 935 1317 fistr0‚
976 1255 1299 1328 Phrygiique
1329 1254 1586 1310 foramine
1616 1253 1741 1309 buxi
1760 1290 1791 1316 ‚2

429 1326 621 1385 Gentis
645 1329 816 1384 Iuleae
839 1327 1057 1384 nomina
1081 1326 1253 1383 sancia
1276 1326 1421 1384 feros

70 1650 89 1677 x
118 1590 180 1689 2}
207 1595 236 1628 E
257 1591 410 1644 nostris]
439 1600 480 1633 In
493 1594 1105 1643 nostrisP.Dan-vid.ad1v.Trist.

90 1653 124 1680 v.
172 1653 207 1690 4.

120 1703 178 1740 3¹.
206 1693 373 1743 Adjuvat
393 1696 430 1732 in
450 1696 535 1734 bello
549 1707 692 1746 pacatae
712 1712 832 1737 ramus
852 1700 986 1743 olivae,
1010 1700 1102 1750 eya]

68 1741 320 1792 Enthymema
351 1745 421 1791 est,
451 1760 707 1797 argumentum
730 1748 750 1786 a
776 1751 933 1788 minori:
965 1752 1104 1788 Ramus

67 1792 172 1830 oleae
191 1822 201 1838 ,
238 1795 339 1843 quod
369 1796 509 1846 fignum
540 1800 634 1847 pacis
665 1799 713 1837 est
737 1827 749 1844 ‚
776 1800 924 1848 adjuvat
946 1802 982 1837 in
1008 1801 1104 1838 bello

65 1844 390 1890 praetendentem:
418 1848 537 1885 multo
559 1850 668 1897 igitur
685 1853 798 1898 magis
827 1850 934 1888 debet
950 1851 1104 1899 juvare,

66 1903 145 1930 non
161 1893 307 1951 ‘signum
321 1924 331 1940 ,
357 1896 415 1935 sed
435 1898 506 1947 ipse
524 1909 630 1937 autor
653 1901 749 1948 pacis
773 1928 785 1944 ,
813 1912 898 1938 eum
920 1901 982 1949 qui
1002 1913 1104 1949 prae--

67 1944 185 2001 tendit
208 1946 323 1993 ipsum
347 1974 357 1991 ‚
396 1947 470 1985 five
498 1948 601 1987 affert
624 1962 633 1986 ι
670 1949 708 1987 id
736 1951 837 1999 quod
865 1951 1003 1988 faciunt
1022 1951 1104 1989 libri

65 2004 155 2051 me1.
211 1996 317 2034 Ordo
344 2007 465 2036 autem
503 1999 700 2037 verborum
723 2001 793 2045 est,
821 2002 959 2038 Ramus
982 2000 1104 2038 olivae

66 2043 215 2100 adjuvat
235 2047 270 2084 in
289 2047 383 2103 hello
411 2076 421 2092 ,
447 2049 641 2087 habentem
667 2050 704 2087 &
729 2051 1028 2097 praetendentem
1040 2050 1105 2089 sci-

66 2093 173 2132 licet:
203 2097 240 2133 ὃ(
260 2098 347 2134 nihil
369 2098 477 2145 prosit
502 2099 607 2137 alicui
624 2100 758 2138 habere
779 2101 818 2138 δε
841 2100 1076 2148 praetendere
1092 2129 1103 2146 ,

66 2154 143 2180 non
164 2157 306 2184 ramum
323 2175 332 2190 ‚
360 2149 417 2186 sed
439 2148 553 2196 ipsum
577 2158 743 2187 autorem
767 2150 896 2199 pacis?
924 2151 1011 2188 Non
1026 2178 1035 2194 ,
1064 2159 1104 2189 ut

66 2193 238 2240 Merula,
267 2197 356 2234 nihil
380 2199 539 2245 proderit
568 2199 631 2246 ipsi
652 2201 795 2244 autori,
825 2202 895 2237 δίε.
925 2202 1104 2238 Μιςηι..

66 2247 234 2281 Βαειαιαε
252 2245 385 2284 Barthii
413 2248 542 2285 codex.
568 2250 605 2285 ὃ(
628 2261 719 2286 unus
741 2262 786 2286 ex
810 2249 1028 2288 Heinfianis.

89 2343 97 2350 ·
120 2303 189 2350 33..
206 2299 296 2333 Cum
309 2297 400 2342 fhret
423 2303 555 2334 AEneae
568 2299 689 2335 cervix
701 2299 857 2348 subjec‘la
864 2301 1023 2349 parenti,
1039 2302 1105 2338 Di-

67 2354 157 2381 cttur
177 2347 246 2401 ipsa
273 2347 350 2383 viro
371 2346 527 2396 flamma
549 2348 668 2396 dediffe
689 2349 831 2398 viam.]
889 2350 985 2388 Vide
1008 2363 1103 2399 quae

66 2404 194 2432 notavi
215 2408 251 2433 in
273 2397 401 2435 librum
417 2411 496 2436 xiv.
521 2400 558 2436 ὃς
572 2411 633 2437 xv.
654 2400 906 2449 Metamorph.
934 2401 1103 2441 CxofAN.

68 2450 225 2482 onerata
244 2456 384 2495 parente
410 2461 516 2486 unus.

120 2504 180 2544 34.
213 2498 350 2546 Viam.]
384 2504 507 2536 Locum
530 2500 684 2538 Moreti.

95 2609 103 2615 .
121 2559 181 2605 36.
210 2558 307 2607 Ipsius
325 2561 381 2598 ille
393 2562 506 2611 fuit]
537 2564 628 2610 Quo
650 2563 780 2601 referas
802 2563 888 2602 illud
909 2563 1009 2613 ipfius
1027 2577 1105 2603 non

66 2609 202 2646 video:
231 2622 275 2666 an
299 2610 342 2648 ad
375 2614 578 2660 Augustum
603 2612 619 2649 ?
657 2621 696 2650 ut
719 2613 758 2651 fit
781 2643 790 2659 ,
829 2615 1011 2664 Augustus
1038 2618 1106 2654 fuit

65 2667 167 2707 pater
187 2668 320 2706 patriae
334 2689 343 2705 ,
373 2662 430 2699 ille
459 2661 648 2710 (AEneas)
669 2673 768 2711 pater
791 2664 894 2712 ipsius
910 2666 1105 2714 tAugusti.)

68 2708 110 2765 ξπ
132 2709 301 2766 Francos.
333 2722 407 2749 erat
436 2714 554 2749 unicus
575 2713 631 2749 ille
653 2714 736 2758 fuit.
775 2715 893 2758 forte,
918 2729 982 2763 pro
1006 2718 1107 2753 unius

64 2758 221 2816 alle-suit.
250 2760 323 2798 Hic
338 2790 348 2805 ‚
373 2762 505 2799 scilicet
546 2763 744 2811 Augustus,
767 2765 814 2802 est
837 2775 934 2812 pater
957 2767 1104 2814 patriae,

66 2820 128 2865 qui
152 2810 200 2847 est
216 2837 226 2853 ,
252 2810 437 2849 AEneadcs
464 2813 544 2857 ille,
573 2825 684 2861 quem
710 2815 779 2851 fert
800 2827 902 2852 meus
923 2817 982 2852 hic
1002 2817 1105 2861 liber,

66 2860 127 2897 ille
142 2871 229 2897 vero
243 2888 252 2901 .
268 2860 403 2898 AEneaz
417 2891 426 2906 ‚
439 2872 536 2911 pater
547 2864 614 2900 fuit
636 2875 711 2900 non
731 2867 942 2903 communis
957 2868 1106 2913 patriae,

69 2910 105 2946 δε
123 2912 295 2967 omnium
316 2912 448 2949 civium
466 2941 474 2955 ,
505 2913 775 2959 sedluniusJulii
791 2942 800 2959 ‚
822 2916 879 2952 cui
896 2925 1019 2953 tamen
1042 2917 1110 2954 iter

69 2969 184 3008 patuit
208 2973 275 3008 per
290 2962 423 2999 ferrum
453 2964 490 3000 ὅ(
514 2965 630 3011 ignes.
656 2964 805 3010 pessime
826 2977 938 3010 vero,
967 2966 1021 3003 vel
1045 2979 1108 3014 per

68 3009 246 3066 summam
278 3013 535 3061 negligentiam
558 3041 568 3057 ‚
606 3015 665 3051 vel
691 3015 932 3062 ignorantiam
970 3017 1108 3055 Merula

72 3057 176 3097 dlclt:
204 3060 261 3098 ille
292 3067 420 3099 AEneas
443 3064 520 3109 suit
535 3063 648 3111 solam
673 3073 771 3110 pater
803 3067 987 3113 Anchisae.
1024 3079 1108 3105 cum

65 3109 248 3167 Anchisen
270 3111 413 3149 AEneae
437 3112 538 3150 fuisse
571 3122 734 3161 patrem,
766 3116 822 3152 vel
847 3118 946 3164 pueri
978 3117 1110 3161 sciant,

62 3159 132 3246 1131¹!st
180 3172 246 3208 pro
301 3163 452 3210 Ascanio
485 3164 678 3212 Anchisen.
710 3176 842 3213 operae
902 3167 1111 3214 posuerunt.

125 3223 190 3246 ΚΜ.

115 3268 176 3307 37.
201 3260 364 3310 Ecquis.]
395 3266 439 3300 Et
460 3263 535 3314 quis
548 3264 684 3317 Regius
711 3266 752 3306 P.
774 3266 870 3306 Dan.
910 3267 946 3306 ὅ(
968 3267 1102 3308 Bersm.

2047 1442 2208 1502 Vatiss-v

1161 1598 1330 1649 quodquis
1365 1597 1518 1636 Putean.
1547 1593 1659 1633 limite
1695 1591 1807 1631 idem.
1849 1587 2030 1638 jacintum
2067 1584 2202 1623 Pharia

1158 1649 1293 1687 Bersm.
1318 1650 1387 1686 Ms.
1407 1649 1591 1695 gestantem
1615 1645 1718 1692 prim.
1740 1641 1808 1679 Ed.
2107 1687 2114 1694 Ο
2195 1688 2201 1693 ἱ

1211 1711 1269 1747 39.
1297 1704 1415 1735 Cornu
1433 1698 1557 1735 tibicen
1576 1692 1747 1742 adunco.]
1797 1690 1941 1729 Abunco
1962 1687 2199 1735 Argentinus.

1157 1750 1254 1788 Puto
1275 1777 1285 1793 ,
1321 1749 1456 1785 obunco.
1496 1749 1589 1784 Met.
1617 1745 1676 1783 lib.
1701 1755 1762 1781 111.
1799 1752 1924 1778 tamen
1952 1738 2082 1774 adunco
2109 1736 2196 1773 tibia

1158 1813 1262 1836 cornu
1275 1827 1285 1843 ,
1297 1799 1454 1835 Penthei
1474 1795 1593 1834 fabula
1617 1795 1662 1832 de
1676 1805 1768 1830 voce
1782 1791 1905 1828 obunco
1920 1817 1929 1832 ,
1946 1789 2084 1837 agimus
2097 1787 2203 1842 uber·

1156 1851 1223 1887 tim
1246 1849 1290 1887 ad
1310 1850 1509 1885 Maronem
1533 1858 1586 1884 xx.
1606 1843 1756 1881 AEneid.
1777 1850 1863 1890 755.
1892 1840 2035 1878 Ham-s.
2063 1836 2200 1875 V1d.&

1156 1912 1210 1938 vn
1231 1900 1328 1937 Met.
1350 1899 1433 1947 516.
1460 1899 1497 1935 &
1525 1894 1729 1934 Nuc.116,

1210 1974 1268 2009 40.
1296 1968 1388 1999 Cum
1406 1959 1533 2010 canit.]
1565 1965 1662 1996 Dum
1678 1957 1797 2006 scripti
1816 1954 2006 1999 nonnulli,
2034 1953 2071 1991 δε
2089 1953 2197 2002 prim.

1160 2012 1259 2053 Edit.

1211 2074 1274 2112 41.
1302 2064 1432 2100 Scimus
1453 2061 1496 2098 ab
1515 2060 1652 2110 imperio
1664 2058 1742 2106 fieri
1765 2057 1818 2095 nil
1837 2057 1906 2094 tale
1929 2056 2088 2098 Dianae,
2108 2054 2201 2103 effa]

1161 2113 1381 2162 Simpliciter
1403 2124 1560 2158 expone.
1614 2110 1845 2147 Vaticinator
1876 2109 2016 2145 Dianae
2045 2107 2199 2142 nomine

1160 2165 1273 2212 exigit
1294 2164 1421 2211 stipem
1440 2163 1516 2200 sive
1536 2162 1728 2210 pecuniam
1755 2159 1773 2196 a
1804 2157 2097 2200 consulentibus,
2125 2156 2200 2192 live

1159 2213 1365 2263 iis,quibus
1389 2213 1560 2250 vaticinia
1574 2210 1704 2249 reddit.
1725 2210 1772 2247 Et
1791 2217 1915 2247 tamen
1936 2207 2064 2257 scimus
2085 2206 2196 2254 ipsam

1160 2263 1319 2301 Dianam
1352 2264 1443 2301 nihil
1471 2263 1541 2300 tale
1575 2262 1752 2309 imperare
1773 2287 1783 2304 ,
1818 2261 1891 2297 hoc
1913 2258 1983 2302 est,
2011 2258 2199 2304 haudqua-

1160 2325 1272 2362 quam
1289 2314 1418 2363 jubere
1441 2341 1451 2357 ‚
1488 2322 1528 2351 ut
1551 2312 1610 2349 ille
1630 2312 1822 2359 pecuniam
1843 2311 1886 2347 ab
1906 2308 2114 2346 hominibus
2137 2317 2199 2343 au-

1159 2365 1265 2401 ferat.
1309 2364 1506 2401 Caeterum
1539 2371 1660 2400 utrum
1692 2361 1818 2408 Judaei
1848 2371 1910 2408 per
1930 2358 2198 2395 vaticinatorem

1160 2414 1388 2462 intelligendi
1408 2414 1497 2457 lint,
1524 2425 1617 2462 quos
1631 2411 1772 2449 Merula
1791 2410 1863 2459 ipse
1884 2410 1954 2452 ait,
1979 2408 1997 2445 a
2013 2406 2199 2453 Vespasia*

1160 2465 1371 2503 notandem
1393 2464 1529 2512 ejectos
1548 2462 1732 2500 vaticinari
1745 2459 1915 2508 coepisse,
1935 2471 2016 2495 cum
2032 2458 2120 2494 haec
2133 2456 2199 2494 sub

1161 2514 1329 2564 Augusto
1350 2515 1474 2562 scripta
1498 2513 1585 2557 sint,
1613 2513 1670 2549 alii
1697 2512 1874 2559 judicent.
1930 2509 2071 2545 Dianae
2101 2515 2198 2544 certe

1163 2567 1343 2609 nornine,
1372 2574 1432 2601 aut
1463 2564 1677 2612 cujusquam
1712 2560 1853 2610 gentilis
1886 2558 1970 2602 dei,
1996 2569 2109 2595 nemo
2135 2557 2202 2603 Ju-

1163 2615 1338 2653 daeorum
1366 2643 1376 2659 ‚
1413 2614 1476 2651 nisi
1499 2615 1561 2661 qui
1593 2612 1611 2649 a
1640 2612 1697 2649 sua
1731 2610 1950 2659 profestione
1973 2606 2200 2651 desciviflet,

1164 2667 1362 2714 quicquam
1386 2665 1641 2702 vaticinaturus
1667 2661 1807 2699 videtur
1835 2657 1955 2696 futile..
1991 2658 2060 2696 Sed
2081 2657 2199 2694 Arici-

1163 2728 1251 2753 num
1279 2727 1408 2752 nemus
1441 2716 1550 2752 etiam
1583 2714 1716 2761 absque
1747 2711 1913 2758 Judaeis,
1943 2711 1979 2746 ὅ(
2012 2710 2081 2756 jam
2105 2708 2196 2745 olim

1162 2767 1340 2804 vaticiniis
1363 2766 1502 2802 celebre
1532 2764 1597 2801 fuit
1620 2792 1628 2807 ‚
1667 2761 1982 2810 quemadmodum
2016 2760 2052 2796 ὃς
2085 2758 2200 2796 Albu-

1163 2828 1230 2853 nea
1256 2845 1265 2861 ‚
1312 2818 1348 2853 ὃ(
1381 2816 1490 2852 sortes
1524 2814 1771 2851 Praenestinae
1794 2840 1803 2855 ‚
1843 2812 1878 2848 ὃ(
1912 2810 1947 2847 id
1976 2821 2088 2858 genus
2120 2809 2201 2846 alia.

1165 2867 1341 2903 Μιεηι.
1370 2867 1435 2902 Vir
1468 2865 1595 2902 doctus
1625 2862 1862 2910 Tanaquillus
1895 2860 2006 2898 Faber
2031 2888 2042 2904 ‚
2077 2859 2137 2897 lib.
2166 2871 2198 2896 1.

1164 2918 1232 2964 Ep.
1253 2919 1310 2961 67.
1341 2927 1407 2964 pro
1427 2915 1565 2951 Dianae
1589 2915 1755 2961 reponit,
1772 2911 1917 2960 Cybeles.
1940 2910 2199 2948 audacierme—

1164 2967 1341 3003 hercules.
1378 2977 1460 3003 cum
1503 2966 1590 3001 nihil
1624 2965 1663 3001 lit
1693 2963 1922 3000 mutandum.
1978 2961 2018 2998 [n
2064 2961 2200 2997 codicis

1166 3016 1371 3054 Twisdenii
1404 3017 1564 3063 margine
1592 3016 1680 3050 haec
1709 3013 1817 3061 glolla
1841 3022 1912 3049 etat
1933 3012 2126 3058 adscripta.
2158 3016 2199 3046 In

1167 3067 1312 3104 Aricino
1335 3078 1465 3102 nrmore
1489 3067 1595 3113 jnxta
1627 3069 1767 3100 Romam
1796 3064 1918 3099 hahuit
1948 3063 2081 3098 Dianae
2110 3071 2196 3096 tem-

1168 3118 1276 3166 plum.
1299 3116 1345 3151 ibi
1363 3127 1462 3152 erant
1486 3116 1739 3151 vaticinatores.
1769 3114 1857 3150 nihil
1883 3114 2011 3150 verius.
2036 3122 2196 3158 quomo-

1168 3170 1217 3204 do
1241 3168 1277 3203 &
1297 3165 1572 3212 intelligendum
1588 3163 1656 3201 ess'e
1679 3167 1801 3201 locum
1820 3165 1894 3212 jam
1920 3164 2006 3199 vidit
2029 3160 2198 3204 siant-issi-

1169 3229 1250 3254 mus
1271 3217 1484 3253 Gronovius
1507 3215 1694 3252 observat.
1713 3215 1802 3251 libro
1824 3227 1876 3253 iv.
1900 3225 1974 3261 cap.
1997 3222 2031 3255 7.
2060 3211 2197 3245 Heme.

1167 3267 1247 3306 Tale
1267 3267 1403 3305 deorum
1427 3266 1569 3304 Codex.
1591 3265 1626 3304 P.
1649 3265 1775 3304 Servii,

1333 3318 1367 3366 Y
1383 3329 1404 3355 γ
1422 3329 1438 3355 γ
1457 3329 1475 3353 v
1507 3327 1525 3367 3
2036 3317 2093 3354 43.
2121 3312 2183 3342 Sl!-
