2495 3675
479 146 1426 209 FASTORUM
1538 151 1730 209 Lm.

1806 157 1902 216 VI.
2095 174 2196 233 391

473 255 620 319 Esta,
658 256 802 310 fave:
844 254 939 310 tibi
969 271 1109 309 nunc
1135 264 1351 326 operata
1375 253 1684 312 resolvimus
1711 272 1831 313 ora:

199 350 305 403 250

542 329 634 385 Ad
661 344 751 384 tua
777 329 814 383 fi
837 328 988 382 nobis
1012 327 1151 381 sacra
1181 327 1364 380 venire
1391 327 1532 384 licet.

334 405 393 461 In
423 422 580 476 prece
608 416 755 457 totus
780 418 938 455 eram.
979 398 1222 453 coelestia
1248 400 1461 454 numina
1490 401 1648 467 sensi,

406 479 682 549 Laetaque
706 475 970 545 purpurea
999 473 1115 526 luce
1142 471 1337 526 refulsit
1370 473 1576 530 humus,

335 551 463 607 Non
490 549 743 622 equidem
770 545 880 598 vidi
908 546 1145 613 (valeant
1177 545 1452 603 mendacia
1482 550 1700 618 vatum)

405 624 524 686 Te,
565 622 707 679 Dea;
747 636 846 672 nec
875 617 1048 671 fueras
1086 618 1423 690 adspicienda
1446 620 1579 676 viro.

189 714 293 768 255
333 697 439 754 Sed
468 711 603 767 quae
628 691 914 745 nescieram
931 730 946 753 ,
982 708 1322 764 quorumque
1342 709 1527 749 errore
1553 695 1770 751 tenebar
1787 706 1809 761 ,'

408 767 647 838 Cognita
670 765 785 818 sunt
812 765 958 818 nullo
983 764 1348 835 praecipiente
1374 766 1518 821 mihi.

330 841 486 898 Dena
511 850 699 911 quater
724 850 1022 890 memorant
1048 836 1277 891 habuisse
1320 837 1495 892 Palilia
1520 840 1785 907 Romam,

398 913 542 967 Cum
570 910 816 964 flammae
849 909 1022 963 custos
1049 909 1181 963 aede
1203 924 1418 982 recepta
1443 911 1530 966 sua
1558 913 1646 968 est.

332 986 500 1057 Regis
527 1000 660 1055 opus
686 981 908 1052 placidi,
946 1000 1058 1055 quo
1081 999 1190 1036 non
1218 986 1540 1040 metuentius
1567 987 1735 1042 ullum

195 1065 302 1115 260

47 1272 148 1313 dario
177 1271 296 1310 statim
334 1270 413 1321 post
447 1270 548 1308 hunc
584 1268 718 1317 legitur
747 1281 756 1305 t
813 1279 915 1306 mni:
934 1279 986 1305 Tr
1034 1279 1089 1305 ru

49 1337 184 1363 cam.
216 1325 313 1362 Puto
338 1322 481 1366 verius,
511 1322 549 1359 δε
578 1319 712 1363 credo,
741 1319 877 1357 Nostro
907 1317 1004 1356 baud
1022 1318 1089 1356 du-

47 1374 105 1414 bie
122 1373 193 1414 alio
224 1375 287 1413 fibi
316 1382 482 1411 mentem
503 1400 513 1416 ,
552 1383 638 1409 cum
666 1372 758 1408 haec
786 1370 973 1408 scriberet:
1001 1381 1087 1407 nam

47 1437 118 1464 vn.
146 1425 230 1464 Idus
259 1420 651 1473 adfignificavit'supra
680 1422 717 1459 in
745 1421 811 1459 illis
832 1449 842 1464 ,
884 1421 998 1457 Tertia
1023 1420 1091 1468 post

46 1481 179 1515 Nonas.
224 1477 343 1526 Quod
369 1475 395 1513 fi
421 1474 556 1513 eodem
588 1474 656 1510 fuit
684 1472 758 1509 dies
785 1472 1090 1516 consecrationis,

45 1526 265 1578 superfluum
285 1527 367 1565 sane
386 1527 460 1564 hoc
477 1527 610 1563 iterum
632 1534 709 1561 uno
728 1521 880 1560 disticho
901 1521 1091 1561 adnotare:

43 1577 184 1617 idcirco
203 1578 358 1627 suspicor
371 1605 382 1621 ,
408 1589 462 1616 v1.
482 1575 564 1613 ldus
583 1575 638 1611 his
660 1572 802 1612 duobus
822 1571 1005 1611 versiculis
1028 1585 1090 1611 ex-

43 1630 202 1677 primere
226 1627 378 1667 voluisse
399 1655 411 1672 ,
446 1638 524 1664 non
545 1636 618 1662 vu.
645 1632 686 1662 ut
713 1635 759 1661 ex
789 1624 919 1662 iisdem
942 1625 1091 1674 colligo.

45 1679 171 1718 ΝΕΑΡ.
198 1684 253 1716 Ex
274 1678 405 1716 lucibus
421 1677 529 1727 prim.
555 1675 678 1714 Vatic.
699 1675 737 1713 δε
761 1674 837 1713 duo
857 1675 928 1713 alii.
948 1675 1016 1725 post
1037 1676 1092 1713 lu-

45 1728 139 1767 cibus
163 1742 269 1768 unus.

94 1792 181 1828 241.
210 1781 286 1819 Tibi
303 1793 396 1818 nunc
412 1787 548 1828 operata
573 1776 777 1826 refhlvimus
807 1776 908 1827 ora.]

44 1840 147 1871 erant
175 1832 269 1870 sacra
297 1831 455 1870 Vestalia
476 1858 487 1874 ‚
522 1837 563 1866 ut
591 1838 749 1866 monent
782 1828 1010 1867 Kalendaria.
1047 1829 1094 1868 de

32 1883 137 1922 'festo
160 1883 215 1920 M.
233 1883 353 1921 Varro
384 1881 444 1921 lib.
468 1894 503 1919 v.
542 1880 624 1917 Dies
654 1878 797 1925 vestalia
821 1908 831 1923 ‚
870 1891 910 1916 ut
939 1880 1092 1928 virgines

44 1932 187 1981 Vestales
206 1933 316 1981 Vestae
328 1932 535 1983 sacrificent.
573 1931 613 1969 In
637 1931 858 1968 Kalendario
882 1931 1091 1969 Constanti-

44 1985 83 2023 ni
103 1985 256 2034 Magni,
285 1997 356 2022 vi1.
397 1984 477 2021 ldus
500 1995 624 2020 νεετΑ
645 1994 820 2019 Amin-r:
859 1995 894 2019 v.
918 1982 1001 2019 Idus
1023 1995 1090 2019 VE-

28 2047 190 2080 ,ἐτΑιῐΑ
213 2047 221 2072 :
265 2047 363 2073 xvir.
389 2032 570 2072 Kalendas
590 2033 699 2079 Julias
729 2045 846 2070 vi—:STA
868 2045 1090 2072 chmTvii.

28 2085 167 2125 -Prima
187 2088 224 2124 &
238 2087 367 2125 ultima
385 2084 494 2122 verba
515 2083 622 2132 capio
642 2083 687 2121 de
706 2095 805 2132 penu
825 2083 958 2121 Vestali
975 2096 983 2121 ι
1010 2087 1090 2132 qui,

47 2147 130 2175 cum
152 2137 352 2176 Vestalium
376 2136 451 2175 dies
475 2135 619 2178 aderat,
648 2135 775 2183 aperiri
794 2134 939 2178 solitus;
971 2136 1090 2173 claudi

47 2196 136 2236 puto
154 2188 232 2237 post
253 2189 311 2227 illa
333 2187 536 2236 praeterita.
562 2185 659 2223 Vide
682 2197 726 2222 an
749 2184 793 2223 ad
814 2185 909 2223 hanc
921 2194 1088 2224 mentem

46 2237 106 2277 hic
134 2238 226 2277 Festi
254 2239 427 2288 Pompeji
451 2237 553 2275 locus
577 2249 585 2273 :
634 2242 745 2273 Penus
766 2246 915 2273 vocatur
937 2237 1025 2273 locus
1051 2237 1091 2274 in

46 2288 125 2326 aede
143 2289 253 2336 Vestae
264 2290 412 2327 intimus
431 2286 595 2337 tegetibus
606 2289 720 2337 fiptus
740 2303 750 2323 :
778 2287 840 2336 qui
859 2288 957 2324 certis
975 2287 1092 2325 diebus

48 2339 135 2377 circa
157 2341 300 2389 Vestalia
317 2341 483 2391 aperitur.
510 2340 637 2377 NEAP.
665 2342 806 2388 Operosa
825 2337 909 2385 Jun.
927 2337 1035 2376 Bern.
1051 2341 1090 2378 &

45 2399 204 2441 quatuor
222 2392 295 2429 alii.
314 2391 423 2429 male.

94 2453 181 2490 252.
209 2440 393 2490 Refulsit.]
424 2439 575 2488 Resolvit
595 2440 745 2488 Regius.

18 2516 20 2522 ,
96 2503 183 2540 253.
213 2498 292 2528 Non
305 2491 461 2540 equidem
480 2491 557 2526 vidi
573 2489 735 2537 (valeant
748 2489 929 2526 mendacia
947 2492 1094 2540 vatum)

7 2542 22 2553 ‘'
47 2547 116 2587 Te,
147 2542 259 2589 Dea.]
289 2542 347 2579 Sic
368 2542 449 2589 lege
476 2552 518 2577 ac
537 2540 724 2587 distingue.
753 2539 998 2578 Terentiusin
1016 2544 1095 2579 An-

31 2591 143 2643 adria:
174 2591 321 2628 Valeant
339 2593 399 2643 qui
420 2592 513 2628 inter
532 2605 590 2628 nos
607 2591 789 2640 discidium
810 2590 948 2628 volunt.
978 2585 1016 2630 δί
1039 2594 1094 2631 in-

45 2643 96 2682 fra
109 2644 169 2681 hic
191 2642 343 2680 Noster:

10 2691 13 2694 ⁵
276 2693 394 2730 Valeas
410 2721 418 2737 ‚
431 2706 505 2729 mea
529 2692 615 2729 tibia
629 2720 638 2736 ‚
660 2692 748 2728 dixi.

48 2742 213 2783 Crotum.
228 2751 373 2782 Pereunt
391 2744 571 2780 mendacia
583 2753 651 2780 tres
663 2743 751 2780 libri.
770 2752 809 2780 tu
822 2748 896 2781 Dea
909 2772 918 2787 ‚
934 2747 1092 2792 nonfue-

48 2808 106 2833 ras
123 2796 226 2834 multi
247 2796 364 2843 scripti
386 2796 424 2833 &
443 2795 518 2844 Gry
528 2795 586 2843 ph.
613 2795 710 2832 Edit.
731 2795 959 2844 conspicienda
982 2799 1090 2845 prim.

51 2845 162 2885 Amb.
185 2849 222 2884 ὅτ
248 2847 364 2884 Laeti.

99 2908 182 2945 255.
207 2900 434 2946 Qorumque
454 2909 562 2933 errore
580 2894 760 2944 tenebam]
791 2896 967 2932 Trahebar
985 2899 1092 2946 prim.

50 2943 185 3036 inrlngs.
209 2950 247 2985 &
281 2947 448 2986 Ambros.
472 2947 510 2984 ὅ(
542 2947 648 2984 Laeti
672 2974 682 2991 ,
718 2957 801 2984 cum
823 2957 981 2997 quatuor
1005 2949 1092 2988 aliis.

51 3006 76 3035 u
123 3011 131 3036 1
160 3027 168 3037 .
186 3011 222 3036 v.
240 3010 298 3047 ις.

104 3067 156 3100 Ne
175 3072 291 3101 tamen
310 3064 457 3114 ignores,
486 3062 649 3113 vulgique
671 3075 780 3099 errore
803 3062 971 3101 traharis.

52 3132 206 3171 Metam.
224 3145 270 3171 n.
290 3145 347 3182 79.

102 3199 210 3243 thue
229 3196 327 3233 viam
350 3205 483 3239 teneas,
514 3193 674 3242 nulloque
694 3207 802 3232 errore
823 3194 993 3232 traharis.

51 3242 112 3283 sed
130 3245 167 3280 &
184 3245 334 3284 alterum
355 3246 497 3284 re6³cum
522 3245 581 3282 est.
611 3246 756 3282 ΗειΝε.

102 3294 187 3343 256.
214 3295 358 3347 Nulla]
395 3296 509 3336 Nulla
530 3294 633 3336 Voss.
651 3295 794 3336 Fames.
813 3297 852 3335 &
873 3296 932 3336 sex
951 3297 1024 3336 alii.
1049 3296 1094 3344 il-v

951 1789 986 1815 v.
1007 1776 1093 1816 Idus

410 1058 658 1113 Numims
683 1055 959 1127 ingenium
989 1069 1127 1110 terra
1152 1056 1340 1111 Sabina
1363 1058 1498 1113 tulit.

2031 1135 2188 1209 Quae

1146 1266 1182 1304 la
1212 1267 1337 1305 Patav.
1363 1267 1466 1318 quod
1497 1269 1590 1308 olim
1630 1267 1805 1318 probabat
1843 1269 2032 1311 Heinsius.
2073 1273 2195 1322 agnita

1146 1321 1258 1357 etiam
1289 1320 1404 1357 Laeti.

1199 1381 1282 1417 257.
1312 1375 1413 1407 Dena
1432 1381 1556 1420 quater
1586 1371 1823 1423 memorant.]
1878 1373 2009 1413 Annus
2036 1382 2112 1413 erat
2133 1385 2195 1416 xr..

1145 1420 1457 1460 Urbisconditae.
1486 1424 1607 1460 NEAP.

1197 1484 1283 1520 257.
1311 1472 1442 1509 Palilia
1462 1474 1647 1524 Romam.j
1703 1475 1764 1513 De
1791 1474 1845 1512 his
1864 1473 1973 1513 Festis
1996 1475 2080 1514 vide
2099 1487 2195 1526 quae

1146 1524 1275 1561 notavi
1295 1523 1356 1560 sub
1376 1523 1488 1562 finem
1519 1525 1575 1562 lib.
1602 1538 1682 1564 xlv.
1708 1526 2004 1575 Metamorphos.
2027 1526 2198 1567 C1OFAN.

1147 1579 1317 1624 Denaque
1336 1585 1387 1611 ter
1405 1576 1510 1624 prim.
1533 1576 1653 1614 Vatic.

1198 1626 1283 1674 258.
1312 1631 1404 1663 Cum
1421 1625 1588 1674 flammae
1607 1627 1750 1677 custos.]
1781 1628 1872 1666 Non
1884 1628 2002 1677 placet
2015 1629 2129 1674 liber,
2155 1629 2196 1668 in

1144 1687 1222 1726 quo
1237 1704 1247 1722 ,
1276 1681 1374 1713 Dum
1393 1675 1556 1724 flammae
1575 1678 1688 1720 custos.
1717 1679 1842 1716 Nm»

1196 1727 1282 1774 258.
1308 1728 1400 1764 AEde
1427 1740 1555 1778 recepta
1583 1735 1660 1766 Dea
1691 1729 1774 1780 est.]
1822 1729 1952 1768 Veteri
1972 1730 2085 1775 inest,
2109 1730 2198 1768 Urbe

1145 1788 1287 1829 recepta.
1326 1779 1452 1817 Credo
1473 1782 1511 1817 &
1532 1781 1643 1818 faveo
1660 1781 1816 1830 vulgato
1838 1779 1997 1825 codici,
2020 1792 2097 1819 non
2116 1781 2193 1819 isti:

1144 1841 1229 1867 nam
1263 1830 1446 1879 sequitur,
1474 1830 1569 1869 hanc
1599 1831 1730 1869 aedem
1754 1832 1850 1880 Regis
1873 1841 1951 1880 opus
1977 1831 2110 1880 placidi
2119 1848 2130 1876 ;
2158 1830 2198 1871 id

1147 1881 1196 1918 est
1216 1880 1235 1918 a
1259 1879 1386 1919 Numa
1405 1883 1587 1930 templum
1610 1882 1818 1921 conditum.
1846 1883 2027 1921 Nmpor.
2054 1888 2199 1932 Recepta

1136 1932 1206 1980 sua
1227 1931 1270 1978 est
1302 1933 1434 1970 reetius
1465 1935 1574 1982 prim.
1601 1933 1770 1971 Ambros.
1800 1935 1837 1972 &
1877 1934 1986 1972 Laeti
2008 1934 2109 1973 liber.
2128 1945 2198 1982 pro

1146 1983 1278 2019 Palilia
1306 1983 1481 2031 superiori
1510 1983 1613 2022 versu
1639 1984 1776 2021 Parilia
1803 1983 1927 2022 Urfini
1958 1985 2092 2024 codex.
2120 1985 2197 2023 dixi

1144 2034 1204 2071 lib.
1225 2046 1281 2071 ιν.
1299 2033 1353 2076 Jr'ls.
1373 2047 1454 2079 721.
1484 2047 1550 2082 pro
1569 2041 1717 2073 Romam
1742 2037 1876 2073 eodem
1900 2035 2028 2080 versu,
2056 2048 2195 2080 nomen,

1146 2085 1285 2122 Mazar.
1305 2084 1449 2124 Zulich.
1468 2086 1602 2135 aliique
1624 2087 1784 2135 plurimi.
1811 2084 1914 2125 Voff.
1926 2086 2106 2125 Arondel.
2127 2087 2197 2133 Εἰς

1146 2136 1230 2173 furt.
1253 2136 1329 2174 duo
1351 2136 1434 2180 alii,
1464 2150 1605 2175 numen.
1634 2138 1771 2182 Forte,

1197 2201 1301 2234 Dena
1322 2208 1447 2248 quater
1465 2208 1662 2235 memorant
1681 2197 1796 2246 abiiffl’
1816 2196 1969 2242 Palilia,
1997 2211 2127 2236 numen

1248 2254 1341 2285 Cum
1358 2247 1526 2297 flammae
1547 2250 1648 2297 custos
1671 2249 1752 2286 aede
1772 2258 1902 2299 recepta
1913 2250 1981 2298 sua
1999 2249 2054 2297 est.

1148 2314 1293 2353 HfflNs.
1349 2316 1460 2356 Forte
1487 2316 1685 2365 scripserit,
1705 2316 1784 2365 sede
1814 2327 1943 2367 recepta
1964 2319 2032 2364 sua
2060 2316 2124 2362 esl,
2156 2323 2197 2354 ut

1147 2367 1272 2414 passim
1295 2368 1392 2404 aedes
1411 2370 1448 2406 δε
1465 2369 1560 2416 sedes
1581 2377 1847 2416 permutantur.
1877 2368 1950 2405 vid.
1975 2368 2018 2405 ad
2040 2367 2193 2415 Quinet.

1148 2428 1201 2454 1v.
1223 2430 1256 2456 2.
1291 2420 1390 2456 &ita
1411 2431 1501 2457 mox
1522 2419 1606 2456 268.
1633 2418 1716 2462 ubi,
1746 2430 1812 2465 pro
1828 2419 1965 2466 sedem,
1992 2417 2195 2461 aedemjia·

1148 2468 1209 2504 bet
1232 2469 1437 2507 Mediceus.
1455 2468 1529 2508 vid.
1550 2470 1587 2506 ὅ(
1616 2468 1706 2507 vers.
1736 2468 1820 2516 366.
1847 2468 1983 2517 &380.
2010 2468 2125 2511 infra,
2153 2468 2192 2506 δε

1149 2518 1243 2555 alibi.
1274 2519 1404 2556 ssunm.

1201 2569 1286 2617 258.
1313 2577 1451 2618 Recepta
1480 2575 1556 2606 Dea
1585 2567 1668 2618 esth]
1710 2569 1755 2606 Et
1782 2568 1841 2607 ubi
1863 2577 1968 2606 antea
1987 2568 2079 2606 sacra
2101 2569 2195 2607 haec

1151 2619 1285 2657 Veliae
1309 2620 1324 2657 ἓ
1363 2621 1469 2658 Ilium
1500 2629 1596 2658 certe
1623 2621 1749 2657 habuit
1775 2621 1969 2668 primitus;
2000 2619 2122 2668 postea
2149 2620 2195 2657 ab

1151 2669 1274 2708 AEneii'
1297 2672 1444 2709 Lavinii
1470 2671 1683 2709 constituta:
1713 2670 1798 2708 inde
1824 2671 1859 2707 in
1890 2670 2021 2707 Albam
2042 2671 2193 2719 longam

1149 2723 1327 2760 transtulit
1357 2723 1530 2760 Ascanius
1553 2751 1562 2766 ,
1601 2723 1726 2760 Numa
1748 2733 1837 2759 vero
1857 2722 1891 2758 in
1914 2721 2070 2759 Urbem.
2121 2721 2193 2760 Sed

1149 2773 1241 2810 Alba
1264 2774 1360 2812 haud
1381 2773 1552 2812 remansit
1580 2773 1654 2811 fine
1673 2773 1789 2811 sacris.
1817 2773 1932 2810 Vetus
1954 2773 2127 2821 interpres
2147 2772 2195 2810 ad

1147 2824 1234 2863 illud
1258 2825 1409 2873 Satyrici
1424 2853 1434 2868 ‚

1200 2893 1315 2936 Ignem
1356 2889 1546 2938 Trejzzmzm
1583 2897 1626 2927 (7¹
1669 2886 1798 2934 Vestam
1836 2886 1915 2924 colit
1943 2885 2043 2924 Alba
2084 2887 2196 2934 minoi

1327 2953 1421 2975 rem:

1150 2989 1367 3033 Romanos,
1396 2991 1474 3033 ait,
1511 2988 1628 3027 Tullo
1657 2989 1760 3038 Rege
1791 3001 1946 3026 movere
1973 3001 2014 3026 ea
2035 2989 2128 3027 sacra
2156 2989 2196 3026 ἓξ,

1149 3041 1340 3078 transferre
1363 3039 1539 3086 voluisse,
1568 3039 1628 3077 sed
1657 3051 1828 3088 magnam
1860 3040 2124 3087 lapidationem
2151 3039 2196 3076 de

1151 3091 1258 3128 coelo
1287 3091 1439 3133 fa&am;
1472 3093 1509 3128 ἃ
1532 3088 1645 3141 jussos
1675 3102 1719 3128 cx
1743 3091 1836 3128 libris
1861 3092 2041 3139 Sibyllinis
2063 3090 2192 3128 Ponti-

1152 3140 1236 3178 fices
1259 3154 1301 3179 cx
1326 3143 1359 3180 S.
1381 3143 1424 3180 C.
1447 3142 1539 3180 sacra
1565 3142 1679 3180 Albae
1700 3153 1892 3179 renovare.
1920 3142 2081 3179 Fuerunt
2100 3152 2194 3188 qno-

1152 3204 1225 3240 que
1246 3194 1284 3230 ὅ(
1318 3193 1447 3232 Tiburi
1480 3194 1652 3241 Virgines
1682 3193 1873 3236 Vestales;
1914 3192 1971 3229 sed
1998 3200 2088 3239 puto
2116 3189 2193 3235 post

1146 3244 1419 3282 translationem
1440 3246 1650 3282 Romanam
1665 3272 1676 3290 ‚
1701 3256 1778 3282 non
1801 3243 2026 3281 antea.haec
2045 3240 2195 3289 quidem

1149 3294 1403 3344 inscriptiones
1421 3295 1593 3334 testantur
1609 3307 1618 3332 ι

2085 3337 2206 3376 §AVa
