2495 3675
468 143 1406 219 FASTORUM

1518 144 1570 201 L·
1606 146 1627 200 i
1665 146 1711 199 iz.
1784 147 1879 207 IV.
2115 149 2224 219 r289

363 277 609 348 Libaque
633 277 700 331 de
728 272 876 329 milio
905 269 1035 326 milii
1057 262 1244 321 fiscella
1274 261 1548 333 sequatur:

433 350 654 406 Rustica
679 351 961 422 praecipue
984 356 1095 414 quo
1117 336 1237 391 Dea
1261 335 1396 389 laeta
1424 333 1546 387 cibo
1573 333 1662 389 est.

219 442 316 496 745
357 423 522 481 Adde
549 424 707 495 dapes
732 415 1114 483 mulciramque
1138 410 1276 464 suas:
1319 405 1650 479 dapibusque
1674 403 1883 461 reseffls

433 496 734 551 Silvicolam
762 487 948 559 tepido
971 483 1101 540 labie
1124 497 1344 553 precare
1371 479 1548 534 Palen.

355 569 618 628 Consule,
653 565 767 623 die,
804 558 988 632 pecori
1015 554 1210 628 pariter
1249 552 1566 624 pecorisque
1592 549 1870 624 magistris:

432 638 664 709 Effugiat
695 632 899 689 stabulis
923 647 1063 685 noxa
1088 626 1291 697 repulsa
1314 624 1461 678 meis,

354 717 474 772 Sive
498 712 644 766 sacro
668 705 813 779 pavi,
850 703 1029 759 sedive
1054 699 1146 754 sub
1175 698 1364 752 arbore
1393 696 1560 757 sacra;

219 807 320 859 750

69 1053 148 1102 cap.
169 1049 204 1088 8.
241 1048 419 1088 Lucretio
437 1061 466 1086 1.
495 1045 583 1096 936.
621 1043 745 1083 Pocula
767 1042 893 1080 circum
924 1038 1034 1079 mellis
1062 1040 1105 1078 li-

70 1115 169 1151 quore
188 1102 357 1138 contac‘ia.
392 1099 476 1138 vide
495 1098 655 1136 indicem
678 1096 942 1133 Lucretianum
965 1092 1106 1130 Gifanii

65 1153 103 1191 in
125 1165 171 1190 eo
189 1152 322 1190 verbo:
341 1150 445 1188 Plura
467 1149 512 1188 de
529 1149 604 1186 hoc
621 1146 734 1184 verbo
756 1143 1107 1183 exafflffimusGro-

66 1203 199 1242 novius
221 1199 546 1240 Observationibus
570 1201 719 1238 iteratae
741 1196 911 1234 editionis
928 1194 1020 1232 libro
1041 1207 1107 1232 111.

65 1265 144 1302 cap.
167 1253 220 1291 18.
234 1253 378 1290 Nonius
389 1250 585 1289 Marcellus
598 1278 609 1295 ,
623 1247 802 1292 Malleoli,
822 1244 992 1294 manipuli
1005 1244 1106 1293 spar-

65 1303 131 1350 tei,
153 1303 224 1354 pice
242 1302 400 1340 cantasti.
427 1301 603 1340 Martialis
629 1299 723 1338 libro
747 1309 799 1335 vr.
821 1297 889 1344 Ep.
915 1307 973 1342 57.

115 1354 280 1393 Mentiris
301 1356 407 1391 tablos
430 1361 600 1401 unguento
613 1377 623 1394 ,
643 1347 770 1386 Phoebe
783 1375 793 1392 ,
823 1345 978 1394 capillos,

164 1409 210 1442 Et
231 1404 357 1453 tegitur
371 1404 472 1453 pic‘lis
491 1401 631 1448 sordida
662 1398 766 1436 calva
787 1397 898 1434 comis.

64 1455 114 1497 ita
140 1455 268 1494 scribo.
301 1466 386 1492 nam
409 1453 614 1491 Thuaneus
640 1449 758 1487 codex
780 1448 945 1496 optimae
965 1452 1102 1491 notae,

54 1508 183 1555 fabios.
203 1506 364 1554 vulgati,
383 1502 493 1551 fibios.
513 1503 604 1540 infra
623 1501 744 1549 Epigr.
760 1509 818 1544 74.

117 1567 274 1605 Calvam
295 1563 435 1611 trifilem
449 1589 459 1606 ,
482 1562 682 1610 semitac‘t‘us
700 1569 882 1608 unguento.

66 1626 109 1656 ut
131 1617 203 1654 illic
232 1614 443 1664 castigarunt
462 1614 528 1650 viri
549 1611 673 1654 doech
705 1611 766 1648 ubi
790 1611 888 1657 plura
910 1609 1105 1647 Scriverius

68 1680 115 1706 ex
137 1668 305 1711 Catone,
333 1665 500 1702 Varrone
531 1663 568 1700 &
593 1662 725 1699 Plinio.
752 1660 923 1709 Virgilius
949 1660 1106 1708 Georgi-

72 1729 146 1756 con
168 1728 221 1754 1v.
240 1728 281 1761 41
315 1743 323 1752 .

120 1774 212 1805 Haec
221 1729 308 1810 ait,5
324 1775 368 1806 29·
385 1763 556 1816 liquidum
580 1760 765 1809 ambrosiae
784 1761 950 1811 diffundit
962 1761 1109 1806 odorem,

122 1820 202 1867 Qo
220 1818 353 1854 tastum
372 1815 449 1853 nati
471 1823 585 1863 corpus
596 1812 772 1862 perduxit.

69 1867 127 1907 Ita
146 1868 272 1906 inveni
290 1868 326 1906 in
340 1864 638 1916 praestantiffimo
652 1864 781 1901 codice
794 1891 803 1908 ‚
822 1875 906 1901 cum
919 1863 1030 1911 vulgo
1044 1864 1111 1901 cir-

69 1919 294 1958 cumferatur
305 1926 439 1964 ,sotum
458 1924 591 1964 corpus.
613 1914 819 1963 Propertius
838 1914 931 1953 libro
946 1927 997 1953 iv.
1011 1914 1111 1964 Eleg.

67 1981 137 2010 ιιι.

37 2048 41 2050 -
119 2027 184 2058 Seu
198 2019 314 2058 voluit
334 2021 431 2071 tangi
448 2029 554 2070 parca
573 2017 712 2055 lucerna
731 2029 834 2055 mero.

70 2079 258 2122 praeterea
267 2073 406 2117 fumaci
417 2070 555 2119 sulfure
574 2080 667 2107 unus
690 2068 843 2105 Moreti.
870 2067 915 2105 de
936 2079 1012 2117 quo
1036 2066 1111 2104 dixi

70 2123 204 2161 Amor.
233 2121 296 2160 lib.
317 2134 365 2162 11.
392 2122 568 2170 Eleg.v1.
594 2119 650 2164 Μ.
669 2129 730 2168 23.
766 2118 910 2157 Hmus,
963 2117 1049 2157 Vid.
1067 2117 1111 2155 ad

71 2172 183 2223 Epist.
204 2183 283 2211 xxx.
302 2185 361 2219 44.

123 2235 207 2272 741.
232 2228 296 2260 Ure
314 2236 428 2261 mares
449 2221 576 2271 oleas.]
623 2221 664 2260 In
685 2220 870 2259 nonnullis
885 2248 894 2264 ‚
923 2224 986 2256 Ure
1006 2219 1116 2256 maris

72 2287 192 2313 rorem.
218 2275 356 2312 Naue.
383 2274 466 2312 Nec
485 2273 578 2311 abest
597 2272 618 2309 a
639 2271 755 2321 priscis
782 2271 877 2309 libris
899 2270 1043 2318 vulgata
1063 2271 1111 2307 le-

74 2325 173 2371 etio,
198 2330 263 2362 Ure
283 2324 393 2363 maris
409 2337 509 2362 rores.
535 2324 663 2360 Φύλλοι
686 2323 749 2365 τῆς
770 2320 1010 2367 λιβανωτῖδος.
1067 2320 1114 2358 Et

73 2374 172 2413 hanc
189 2375 261 2424 legi
278 2386 345 2423 pro
364 2383 444 2412 ture
464 2374 541 2412 usui
569 2373 671 2411 fuiffe
692 2373 886 2410 veteribus.
916 2371 1013 2407 Vide
1035 2371 1112 2407 Cu-

16 2448 18 2450 *
72 2424 184 2463 licem
205 2426 370 2462 Maronis
391 2424 454 2462 sub
471 2423 597 2461 finem.
634 2424 811 2460 Attamen
835 2423 972 2459 utrovis
993 2420 1109 2459 modo

74 2473 194 2523 legas,
222 2486 299 2512 non
315 2474 497 2511 instamus.
525 2475 701 2510 Neapoz.
731 2472 848 2508 Maris
865 2485 952 2508 rores
973 2473 1110 2509 Mazar.

76 2523 220 2562 Zulich.
241 2524 278 2561 δί
305 2523 435 2561 decern
457 2522 528 2560 alii.
557 2523 672 2560 Maris
701 2535 809 2559 rorem
838 2530 942 2558 notat
975 2533 1018 2557 ex
1047 2521 1114 2558 suis

74 2574 292 2623 Naugerius.
321 2573 465 2610 Hmus.

129 2635 211 2671 741.
239 2623 456 2671 Taedamque
479 2623 668 2674 herbasque
690 2621 870 2672 Sabinas.]
901 2621 1054 2670 Sulphur
1076 2622 1114 2659 &

70 2674 222 2713 taedam
257 2673 455 2712 adhibitam
487 2676 522 2712 in
553 2676 663 2713 tribus
690 2672 961 2722 purgationibus
989 2672 1116 2709 audior

79 2723 224 2764 Servius
243 2724 304 2763 lib.
325 2737 376 2762 vi,
409 2724 470 2761 De
492 2724 626 2775 Brathy
647 2724 807 2762 diximus
824 2723 886 2761 lib.
909 2735 937 2761 1.
958 2734 1040 2771 343.
1068 2722 1114 2759 de

76 2774 179 2814 lauro
197 2775 297 2825 plura
317 2774 454 2813 exstant
468 2784 633 2813 veterum
654 2774 880 2817 testimonia;
910 2773 1039 2822 quibus
1053 2772 1114 2810 ad·

78 2824 128 2882 do
146 2827 370 2875 Procopium
389 2826 578 2864 Gazaeum
592 2827 628 2864 in
649 2825 977 2863 Deuteronomion
994 2837 1001 2860 :
1016 2823 1116 2872 {Qid

79 2875 185 2924 tgitur
203 2877 244 2914 de
259 2875 554 2926 purificationibus
583 2876 619 2912 in
650 2875 715 2924 lege
731 2874 919 2922 constitutis
939 2874 1088 2910 dicemus
1102 2882 1117 2911 ?

80 2926 229 2975 primam
251 2927 389 2976 quidem
408 2936 487 2971 prae
505 2928 543 2975 se
563 2927 715 2975 figuram
733 2925 981 2974 purificationis
1000 2924 1116 2961 melio-

83 2975 129 3013 ris
143 2978 254 3022 serre,
281 2977 411 3027 insuper
437 2991 516 3012 vero
545 2977 568 3014 ὰ
603 2977 819 3014 Graecanicis
846 2974 998 3025 diffi'rroe
1028 2974 1118 3025 quod

84 3038 139 3064 eae
156 3040 234 3064 cum
253 3028 546 3065 incantationibus
559 3055 569 3072 ‚
591 3027 721 3074 salbus
734 3056 745 3071 ‚
772 3027 870 3064 lauro
885 3054 894 3071 ,
913 3026 1007 3062 ordeo
1023 3054 1031 3069 ‚
1042 3038 1117 3061 ma·

86 3075 117 3114 ri
128 3089 177 3118 υ
195 3079 396 3116 transitione
410 3088 468 3128 per
486 3078 596 3126 ignem
608 3077 685 3125 fieri
694 3077 864 3126 solebant.
891 3077 1015 3114 Neai).

135 3139 216 3176 742.
242 3133 286 3165 Et
305 3128 452 3179 crepet.]
480 3134 660 3178 concrepet
679 3129 753 3166 duo
773 3127 903 3176 scripti.

136 3188 223 3226 743.
252 3179 402 3230 Libaque
422 3181 461 3216 de
480 3179 615 3228 milio]
663 3179 907 3222 Constabant‚
934 3180 971 3216 ni
992 3178 1115 3220 fallor,

89 3238 137 3284 εξ
153 3229 255 3267 milio
282 3230 319 3266 ὃ(
341 3228 431 3268 fabri.
494 3230 588 3268 Tale
608 3229 697 3279 quid
719 3229 798 3267 Diis
817 3229 951 3267 rusticis
971 3229 1118 3266 dabatur

91 3285 198 3317 enam
218 3279 426 3368 Amssnno·
454 3280 594 3320 Festus:
622 3279 824 3333 §uffimenta
841 3280 1120 3329 dicebant‚quae

331 3343 395 3369 om.
423 3337 486 3370 ΙΙΙ.

431 783 732 854 Pabulaque
759 779 815 834 in
841 775 999 834 bustis
1026 772 1184 829 inscia
1210 769 1397 843 carpfit
1425 768 1567 825 ovis:

2099 894 2207 953 Seu

1153 1036 1336 1084 faciebant
1359 1033 1502 1082 exfabci
1522 1031 1683 1082 miliaque
1700 1030 1852 1075 mellito,
1880 1030 2111 1081 mulso-sparso
2125 1049 2136 1070 :
2166 1047 2207 1071 ea

1162 1088 1242 1127 Diis
1261 1102 1295 1126 eo
1315 1096 1462 1137 tempore
1485 1083 1663 1121 dabantur
1680 1109 1692 1128 ‚
1730 1096 1795 1134 quo
1818 1095 1908 1120 uvae
1928 1082 2076 1120 caleam
2090 1084 2208 1131 praelo

1159 1138 1415 1190 premebantur.
1443 1136 1567 1174 NEAP.

1217 1201 1299 1238 743.
1327 1187 1424 1226 Milii
1434 1186 1563 1234 fiscella
1577 1184 1784 1234 sequatur.]
1818 1184 1875 1221 Sic
1894 1183 2016 1220 Urfini
2037 1183 2074 1219 δε
2094 1183 2210 1222 Statii.

1163 1242 1321 1291 optime.
1348 1240 1516 1278 CIOFAN.
1563 1234 1710 1273 Milium
1721 1233 1853 1285 fiscella
1864 1234 1938 1283 seq.
1959 1233 2139 1272 nonnulli.
2150 1235 2207 1282 se-

1160 1302 1286 1357 quetur
1305 1292 1416 1329 etiam
1436 1299 1592 1327 novem.

1212 1368 1293 1405 744.
1319 1358 1455 1403 Rustica
1473 1352 1649 1404 praecipue
1667 1351 1709 1398 est
1728 1351 1788 1388 hoc
1801 1351 1862 1388 dea
1879 1351 1971 1388 laeta
1992 1349 2071 1388 cibo.
2085 1347 2101 1399 ]
2115 1348 2211 1398 ‘cibo

1158 1408 1201 1454 est
1220 1410 1358 1445 Mazar.
1379 1416 1419 1446 ut
1438 1407 1480 1444 τὸ
1497 1404 1540 1451 est
1564 1403 1786 1453 geminetur.
1813 1402 1916 1451 Lege
1930 1430 1940 1446 ‚
2153 1429 2169 1436 -
2238 1422 2240 1427 ·

1160 1464 1345 1554 Hiizstsica
1359 1463 1534 1513 praecipue
1550 1474 1614 1512 quo
1635 1460 1698 1498 dea
1718 1459 1810 1498 laeta
1832 1459 1900 1497 cibo
1924 1459 1980 1507 est.

1213 1588 1298 1625 745.
1323 1576 1430 1613 Adde
1455 1577 1555 1626 dapes
1581 1574 1620 1612 in
1647 1583 1835 1624 utrumque
1857 1573 1965 1622 sicas,
1992 1570 2203 1621 dapibusque

1161 1626 1342 1676 refeflus]
1384 1627 1425 1664 In
1446 1626 1656 1671 nonnullis,
1683 1624 1721 1662 in
1741 1634 1949 1673 utrumque;
1987 1623 2046 1660 sed
2072 1621 2204 1659 rectius

1163 1678 1330 1722 fortass'e,
1357 1678 1460 1727 quod
1479 1679 1517 1715 in
1541 1676 1638 1721 aliis,
1664 1675 1928 1724 mulctramque.
1957 1673 2092 1710 Naue.
2119 1672 2209 1709 Non

1164 1729 1265 1766 estin
1290 1729 1429 1776 aliquot
1458 1726 1639 1765 veteribus
1663 1754 1672 1770 ,
1701 1724 1978 1772 mulctramque3
2003 1723 2062 1760 sed
2081 1749 2092 1767 ,
2117 1721 2207 1758 adde

1166 1779 1265 1829 dapes
1280 1779 1317 1816 in
1344 1788 1533 1828 utrumque
1554 1777 1652 1823 suas.
1698 1776 1779 1813 Nec
1808 1775 1942 1822 respuit
1962 1776 2056 1811 hanc
2074 1771 2208 1809 editio-

1165 1842 1252 1878 nem
1276 1829 1333 1867 vir
1354 1841 1416 1867 cr..
1445 1828 1460 1864 ὁ
1481 1828 1617 1868 κλυτὸς
1634 1825 1770 1864 Daniel
1789 1823 1975 1862 Heinfius.
2001 1824 2121 1872 Dapes
2144 1822 2209 1860 hic

1165 1881 1267 1919 sume
1288 1878 1436 1928 antiqu-3
1450 1876 1724 1928 significatione,
1750 1875 1891 1914 Festus:
1920 1880 2015 1923 Daps
2034 1872 2126 1923 apud
2143 1886 2211 1909 an-

1170 1930 1281 1980 tiquos
1298 1930 1477 1968 dicebatur
1491 1943 1543 1966 res
1564 1928 1691 1965 divina
1704 1955 1712 1970 .
1743 1939 1829 1978 quae
1851 1925 1959 1972 fiebat
1979 1934 2043 1962 aut
2061 1923 2208 1961 hiberna*

1160 1983 1334 2030 semente,
1362 1991 1425 2018 aut
1445 1978 1570 2018 vernd.
1598 1980 1774 2017 NEAPOL.
1820 1984 1863 2014 In
1883 1987 2070 2025 utramque
2087 1975 2216 2012 Petav-

1169 2032 1349 2071 Arondel.
1369 2029 1666 2069 Vofiian.Urfin.
1685 2031 1723 2067 δε
1740 2029 1858 2076 plures
1878 2028 1947 2064 alii.
1975 2025 2215 2075 multramque

1169 2083 1314 2121 codices
1332 2082 1477 2130 plurimi
1501 2090 1695 2130 praeterea.
1721 2079 1820 2122 duo,
1839 2078 1877 2114 in
1896 2087 2054 2125 utraque.
2083 2075 2208 2124 Lego,

1169 2134 1276 2171 Adde
1304 2133 1385 2182 dapi
1412 2132 1667 2180 maturamque
1689 2129 1786 2179 suae.
1815 2128 1860 2166 de
1890 2128 1981 2176 dape
2012 2126 2110 2163 enim
2129 2125 2211 2173 Jam

1169 2185 1242 2233 egit
1261 2184 1433 2233 superiori
1454 2181 1644 2221 versu-nili
1666 2180 1923 2229 mulctramque
1935 2175 2213 2219 malis;utHo÷

1169 2237 1286 2280 ratio,
1314 2233 1432 2281 Epod.
1454 2246 1532 2271 xvi.
1561 2231 1707 2281 Injufflze
1736 2229 1885 2267 veniunt
1913 2228 1960 2265 ad
1980 2225 2131 2265 mulc‘ira
2150 2237 2208 2263 ca-

1165 2285 1284 2336 pellae.
1319 2285 1464 2322 Hexns.
1507 2290 1549 2321 In
1579 2294 1743 2330 utrasque
1774 2293 1898 2319 manus
1940 2280 2090 2319 Putean.
2118 2275 2212 2315 adde

1163 2346 1284 2386 preces.
1304 2336 1342 2374 in
1355 2346 1540 2384 utramque
1558 2333 1707 2371 Thuan.

1220 2408 1302 2445 745.
1331 2396 1552 2446 Dapibusque
1591 2394 1720 2440 resellis
1754 2391 1956 2431 silvicolam
1986 2389 2093 2439 tepido
2123 2388 2211 2426 labie

1164 2456 1301 2496 precare
1323 2446 1482 2494 Palem]
1522 2446 1580 2482 Sic
1603 2444 1729 2492 legunt
1757 2444 1981 2491 interpretes,
2033 2439 2075 2476 In
2097 2438 2210 2478 tribus

1171 2497 1295 2534 Vatic.
1313 2497 1415 2533 Statii
1443 2496 1481 2532 &
1513 2494 1657 2538 Urfini,
1683 2492 1823 2530 relicus.
1867 2493 1905 2529 in
1933 2491 2027 2533 alio,
2060 2488 2211 2537 paratis.

1170 2546 1206 2583 in
1225 2546 1335 2583 tribus
1354 2545 1450 2589 aliis,
1477 2544 1627 2591 refifflis,
1654 2543 1690 2581 id
1712 2543 1783 2587 est,
1810 2541 1942 2579 divisis.
1969 2542 2005 2578 in
2026 2550 2137 2587 quam
2159 2538 2214 2576 le-

1172 2595 1334 2633 &ionem
1356 2595 1469 2643 magis
1487 2594 1638 2631 inclino.
1666 2593 1832 2631 ClOFAN.
1858 2591 1960 2628 Absit
1981 2599 2020 2628 ut
2034 2590 2211 2626 damnem

1171 2646 1266 2683 hanc
1278 2646 1484 2694 scripturam
1501 2672 1511 2688 ‚
1530 2644 1614 2681 licet
1635 2643 1736 2692 prisci
1757 2642 1905 2691 quidam
1925 2640 2106 2678 vacillent.
2135 2638 2212 2677 Alii

1169 2696 1326 2740 habent,
1352 2694 1561 2745 dapibusque
1583 2694 1719 2742 paratis
1742 2721 1753 2737 ‚
1779 2694 1862 2736 alii,
1890 2691 2034 2735 reln‘lis,
2061 2690 2214 2727 Vatica-

1171 2747 1229 2791 ni,
1259 2747 1397 2794 reseclis.
1426 2746 1552 2783 NEAP.
1579 2745 1702 2782 Pet-av.
1720 2742 1894 2781 Arondcl.
1915 2744 2018 2790 prim.
2041 2738 2215 2778 Ambros.

1172 2797 1392 2845 plurimique
1412 2796 1495 2839 alii,
1523 2795 1661 2845 reperis.
1682 2792 1785 2831 Voff.
1804 2793 1909 2831 l’olit.
1934 2794 1971 2829 δε
1991 2791 2108 2840 plures
2122 2818 2132 2833 ,
2160 2804 2214 2827 re-

1163 2847 1277 2894 fefflis.
1307 2846 1428 2884 Urfin.
1462 2847 1597 2895 aliique
1621 2845 1821 2888 nonnulli,
1860 2842 1996 2880 relic'lis,
2024 2842 2213 2890 quinque,

1174 2898 1321 2935 remotis.
1348 2897 1449 2940 duo,
1475 2896 1620 2942 refertis.
1640 2895 1781 2943 placet,
1808 2894 1949 2943 resellis.
1972 2893 2117 2931 Heius.
2143 2897 2214 2935 Paff

1172 2948 1260 2985 ratis
1280 2959 1384 2986 unus.
1406 2946 1514 2984 Forte
1536 2958 1600 2994 pro
1618 2946 1773 2994 perac‘lis.

1227 2998 1308 3044 746.
1337 2996 1474 3046 Labie]
1504 2996 1630 3035 Tibul.
1650 3008 1676 3033 1.
1698 3008 1725 3034 1.
1747 3008 1827 3042 114.

1175 3109 1211 3146 D
1226 3063 1271 3094 Et
1287 3057 1467 3107 placidam
1482 3056 1569 3106 fiileo
1582 3057 1737 3108 spargere
1758 3057 1844 3095 lal‘le
1864 3056 1984 3095 Palen.

1217 3120 1329 3146 ouzA.

1230 3190 1312 3228 749.
1339 3178 1420 3235 Sive
1436 3181 1535 3229 sacra
1555 3179 1681 3230 pavi]
1736 3181 1839 3230 Lege
1864 3174 2068 3218 indubitato
2092 3177 2102 3221 g
2137 3176 2216 3212 Sive

1170 3231 1267 3278 sacro
1284 3239 1390 3279 pavi,
1420 3231 1456 3268 in
1473 3231 1562 3268 loco
1591 3231 1671 3268 Diis
1695 3231 1920 3268 consecrato·
1951 3228 2073 3265 Nem».
2111 3231 2215 3260 Sacra

1179 3280 1249 3321 alii.
1268 3290 1308 3319 ut
1327 3280 1371 3318 ad
1393 3280 1560 3320 arborem
1578 3282 1765 3321 referatur.
1796 3281 1945 3318 Helm.
1973 3275 2073 3316 Nihil
2094 3280 2218 3314 muta,

1357 3330 1392 3367 O
1406 3342 1429 3367 0
2087 3323 2220 3372 pascere
