2495 3675
259 218 359 275 208

727 212 788 269 P.
862 208 1275 269 OVIDII
1349 204 1887 267 NASONIS

567 328 715 385 Pace
734 328 884 384 domi
907 326 1042 383 fafflt
1068 326 1273 397 signum
1301 324 1525 398 posuere
1552 322 1860 388 Perennae,

642 402 810 474 Quod
839 401 929 456 fibi
954 399 1177 454 defectis
1203 399 1288 452 illa
1316 397 1506 451 tulifl'et
1534 414 1709 468 opem.
1740 452 1744 454 ,

430 481 526 550 675
571 476 731 531 Nunc
758 475 916 537 mihi,
955 491 1049 527 cur
1075 486 1319 534 cantent,
1358 471 1617 542 superest,
1656 469 1912 524 obscaena
1936 470 2167 542 puellae,

648 549 871 602 Dicere:
914 562 1037 599 narn
1060 548 1288 606 coeunt,
1326 557 1580 616 certaque
1609 542 1802 614 probra
1827 555 2040 597 canunt.

573 622 759 692 Nuper
785 630 897 672 erat
921 617 1040 671 Dea
1061 616 1223 676 factem
1267 616 1408 670 venit
1440 615 1711 671 Gradivus
1739 614 1806 669 ad
1831 618 2078 680 Annam3

646 696 716 747 Et
743 707 867 753 cum
892 689 1104 745 sedufla
1129 690 1249 743 talia
1275 689 1436 744 verba
1458 688 1601 743 facit.

576 764 768 821 Mense
792 780 916 817 meo
943 763 1158 817 coleris:
1202 762 1346 828 junxi
1374 779 1491 815 mea
1516 776 1758 832 tempora
1783 773 1990 816 tecum:

432 841 535 895 680

646 837 849 892 Pendet
874 836 936 889 ab
962 835 1151 889 officio
1176 835 1288 905 spes
1316 835 1444 888 milii
1469 852 1658 905 magna
1687 847 1797 888 tuo,

570 909 811 968 Armifer
839 909 1119 963 armiferae
1146 920 1424 979 correptus
1451 925 1633 962 amore
1674 907 1952 962 Minervae

644 982 815 1038 Uror:
858 983 912 1036 &
940 982 1044 1037 hoc
1070 982 1235 1053 longo
1262 995 1508 1053 tempore
1540 980 1726 1035 vulnus
1759 980 1858 1035 alo.

284 1200 465 1241 baccatum
496 1197 652 1249 tegimen.
688 1202 776 1233 Sane
805 1195 929 1246 quibus
959 1195 1167 1245 effeminatio
1188 1195 1330 1234 crimini

282 1249 459 1296 dabatur,
488 1252 596 1288 mitra
617 1250 662 1286 eis
683 1247 954 1297 adscribebatur.
1008 1247 1202 1284 Palliolum
1227 1248 1331 1284 vide-

279 1313 340 1343 tur
361 1303 463 1341 fuiffe
485 1301 661 1339 muliebre
686 1301 723 1337 ὃς
746 1299 871 1347 capitis
899 1308 1050 1347 tegmen
1066 1326 1076 1342 ,
1104 1296 1178 1334 five
1197 1299 1330 1335 taenia:

279 1367 366 1393 nam
383 1353 532 1392 Graecis
553 1353 665 1397 μέτρα
679 1378 689 1395 ,
719 1350 859 1393 ταινίαι,
886 1348 1054 1394 διάδκμα.
1082 1349 1182 1397 Ergo
1201 1348 1333 1386 eadem

281 1417 368 1444 cum
391 1403 485 1449 rica,
511 1406 606 1451 quae
639 1401 744 1440 Festo
776 1400 953 1448 cingulum
976 1399 1116 1448 capitis:
1149 1411 1226 1436 uno
1249 1411 1333 1437 ver-

281 1456 331 1494 bo
344 1455 495 1502 capitale,
518 1452 688 1497 Glossae,
717 1450 1182 1501 capitalemsspmxfflwpcu.
1211 1450 1334 1488 NEAP.

282 1506 459 1544 Redimita
478 1505 556 1543 libri
572 1503 757 1542 meliores.
777 1514 906 1551 parum
929 1502 1051 1540 refert.
1080 1502 1225 1539 Hiatus.
1253 1507 1333 1538 Suc-

282 1557 395 1595 cinna
413 1567 519 1595 unus.
538 1554 636 1592 brevi
653 1555 763 1592 mitra
782 1554 934 1591 Moreti.
954 1553 1049 1590 Vitta
1067 1563 1171 1591 unus.
1195 1552 1267 1590 vid.
1287 1552 1334 1591 ad

285 1620 379 1647 xm.
404 1609 497 1646 Met.
521 1608 608 1655 643.

333 1661 421 1706 670.
451 1657 614 1707 Fingebat
635 1654 767 1706 trepida
789 1653 912 1702 rustica
942 1653 1014 1692 liba
1035 1654 1186 1706 manu.]
1237 1654 1333 1693 Tres

281 1712 406 1749 vatic.
427 1709 506 1747 Urs.
528 1710 565 1747 ὃ(
587 1708 673 1745 Stat.
694 1707 866 1752 tremula,
896 1718 973 1744 non
1005 1705 1138 1755 trepida
1152 1733 1162 1750 ‚
1190 1705 1335 1743 habent.

283 1762 455 1800 CiorAN.
502 1758 696 1807 Frangebat
715 1758 803 1796 duo.
830 1757 1009 1806 scindebat
1033 1757 1205 1794 totidem.
1228 1756 1338 1805 cinge-

286 1812 347 1849 bat
370 1813 508 1851 Moret.
530 1811 626 1848 Mox
645 1819 750 1859 atque
768 1821 807 1847 ea
819 1818 879 1859 per
896 1808 1056 1858 populum
1068 1807 1217 1847 volebat
1227 1807 1334 1845 Fran-

285 1875 374 1903 cius.

337 1916 423 1964 673.
451 1920 538 1951 Pace
555 1913 649 1951 domi
659 1911 798 1962 factm]
839 1910 1096 1949 Reconciliata
1125 1910 1174 1948 est
1196 1922 1260 1958 per
1282 1910 1337 1948 A·

285 1967 451 2017 grippam
475 1966 697 2003 Menenium
720 1965 803 2001 miri
823 1962 962 2012 eloquii
985 1963 1133 2005 virum;
1163 1960 1269 1999 istace
1281 1969 1335 2000 ta·

286 2029 376 2055 men
396 2017 500 2065 lege,
529 2025 569 2054 ut
592 2016 689 2064 plebs
709 2015 859 2052 haberet
884 2014 966 2051 suos
985 2024 1128 2050 annuos
1150 2012 1338 2061 Magistra*

285 2075 371 2112 tus,
411 2069 541 2117 qulbus
573 2066 696 2104 auxilii
723 2064 811 2103 effet
847 2065 938 2102 latio
961 2062 1128 2101 adversus
1161 2063 1338 2101 Consules

287 2120 328 2157 δί
351 2119 594 2157 Nobilitatein
611 2146 619 2160 ,
648 2128 745 2154 neve
766 2116 823 2154 cui
843 2124 989 2164 patrum
1015 2125 1057 2151 ea
1081 2115 1206 2152 munia
1231 2125 1340 2163 cape-

284 2180 324 2207 re
355 2170 493 2207 liceret.
525 2169 648 2207 Creati
678 2167 834 2205 Tribuni
867 2165 964 2203 Pleb.
991 2165 1099 2214 primi
1137 2165 1182 2202 L.
1212 2164 1339 2211 Junius

284 2219 419 2258 Brutus
439 2221 477 2257 ὃς
498 2220 543 2255 L.
566 2219 720 2256 Sicinius
742 2217 926 2260 Bellutus;
955 2215 1016 2254 sed
1028 2228 1073 2253 ex
1091 2216 1247 2265 antiquis
1259 2217 1339 2265 qui-

284 2270 371 2308 dam
405 2271 602 2308 nominant
629 2268 718 2306 alios
732 2281 747 2315 t:
787 2268 840 2305 his
864 2266 977 2306 additi
1010 2267 1173 2315 collegae
1194 2293 1206 2311 ,
1243 2278 1337 2316 quos

285 2322 423 2359 Graeci
462 2322 732 2359 Romanarum,
760 2329 881 2356 rerum
928 2317 1117 2366 scriptores
1156 2327 1339 2357 vocarunt

284 2371 463 2417 ὑπηρέταις
487 2374 555 2408 τῶν
582 2370 777 2418 δημάρχων
806 2371 871 2407 καὶ
898 2369 1170 2417 συνάρχοντας,
1198 2370 1261 2406 καὶ
1288 2369 1339 2406 δι·

287 2427 422 2465 uuerde.
453 2423 577 2460 Nem).

337 2476 423 2525 673.
452 2475 592 2522 Signum
606 2471 779 2523 posuere]
819 2472 922 2510 Huic
945 2484 1033 2521 ergo
1055 2478 1157 2522 putat
1177 2482 1275 2510 aram
1298 2472 1337 2510 ὅ(

286 2525 428 2575 signum
452 2525 611 2574 politum
647 2524 829 2568 Ovidius,
857 2535 935 2561 non
956 2525 1041 2570 Jovi
1066 2523 1268 2571 Δειμκτῑῳ,
1297 2532 1337 2561 ut

286 2577 466 2615 recensuit
488 2575 771 2614 accuratissimus
793 2573 1008 2624 Dionysius.
1033 2575 1158 2612 NEAP.

339 2630 425 2677 673.
455 2625 647 2675 Perenne.]
703 2626 806 2675 Lege
825 2654 836 2671 ,
873 2631 1045 2664 Perennae
1065 2653 1077 2671 ‚
1113 2637 1198 2663 cum
1230 2625 1339 2674 prim.

289 2677 458 2716 Ambros.
479 2679 516 2715 δε
539 2687 699 2728 quatuor
719 2677 807 2714 aliis.
837 2676 983 2713 Hfims.

299 2760 305 2767 ,
341 2730 424 2773 674.
450 2730 549 2777 Qid
561 2727 630 2777 fibi
649 2726 786 2774 desec‘lis
807 2726 869 2762 illa
880 2725 1018 2774 ferebat
1037 2723 1170 2773 opem.]
1202 2724 1340 2773 Tuliffet

290 2779 472 2817 meliores
493 2780 604 2817 recte.
631 2776 861 2816 scribendum
880 2776 969 2813 olim
990 2775 1187 2824 opinabar,

348 2841 451 2887 Quod
473 2841 554 2888 dape
576 2840 712 2887 defec‘lis
731 2838 796 2876 illa
816 2836 943 2887 tuliffet
965 2846 1070 2888 opem.

289 2902 332 2931 ut
364 2896 569 2944 Casilinates
601 2898 848 2934 alimentorum
871 2895 1049 2939 facultate
1077 2895 1218 2941 defeb‘los
1246 2893 1341 2933 dixit

289 2944 376 2982 Val.
396 2947 657 2984 Maximuslib.
677 2958 751 2984 vix.
773 2957 850 2993 cap.
871 2945 907 2982 6.
940 2944 1044 2992 Psylli
1065 2958 1101 2979 re
1123 2944 1270 2993 aqriaria
1282 2945 1340 2982 de-

283 2995 371 3042 fecti
401 2998 524 3034 Gellio
552 3009 630 3034 xvi.
654 3008 732 3044 cap.
760 3008 794 3034 2.
830 2995 890 3033 secl
915 2995 1005 3032 nihil
1028 2994 1077 3032 est
1107 2996 1340 3034 mutandum.

290 3045 569 3095 subintelligitur
589 3047 690 3083 enim
719 3045 812 3093 dape
834 3046 894 3082 vel
915 3045 1010 3082 cibo.
1033 3053 1162 3083 contra
1189 3044 1340 3084 Tertul-

289 3095 431 3134 lianum
455 3098 491 3134 in
516 3096 627 3134 Pallio
646 3095 691 3133 de
710 3095 984 3132 chamaeleone
1000 3122 1010 3139 ‚
1038 3096 1181 3144 jejunus
1209 3102 1340 3146 semper

292 3148 550 3194 &indefectam
578 3146 682 3195 quod
714 3145 810 3183 male
840 3145 1062 3183 sollicitatur.
1102 3146 1251 3192 Deseelis
1272 3160 1338 3196 pro

291 3198 534 3246 deficientibus.
559 3197 605 3236 de
623 3209 700 3246 quo
720 3196 845 3245 passivi
865 3196 965 3233 verbi
982 3195 1045 3233 usu
1072 3197 1242 3235 nonnihil
1263 3199 1340 3237 dixi

291 3249 338 3287 ad
360 3249 558 3299 Epistolam
583 3260 619 3285 v.
639 3247 694 3291 sss.
716 3260 797 3296 150.
825 3245 872 3285 fic
894 3248 1021 3294 defec‘la
1046 3256 1141 3285 aetas
1161 3248 1199 3287 δί
1221 3248 1340 3298 defecti

295 3301 396 3337 anni.
433 3301 475 3339 Iri
496 3299 656 3349 Epistola
676 3299 876 3347 Penelopes
898 3296 1134 3345 Sabinianae‚

330 3364 484 3414 ,Defeblis
506 3361 666 3415 Recuben
681 3361 794 3412 potius
817 3360 921 3413 legiffie
930 3358 1000 3410 sub
1020 3360 1134 3400 annis.

2299 1053 2436 1111 Effi-

1383 1195 1529 1234 Auctor
1551 1195 1700 1245 Elegiae
1717 1195 1755 1234 in
1775 1193 1919 1233 obitum
1941 1191 2193 1239 Maecenatis,

1438 1261 1569 1318 Viscera
1591 1262 1712 1309 defec‘ii
1733 1261 1892 1299 mutavit
1912 1261 1951 1299 in
1972 1260 2092 1299 arietis
2109 1273 2241 1311 agnum

1439 1317 1561 1348 AEetts.

1388 1375 1437 1412 ita
1456 1375 1698 1414 scribendum.
1715 1388 1802 1414 nam
1824 1378 2040 1423 vetusliber,
2054 1378 2196 1426 disjecti.
2213 1377 2350 1427 vulgati
2369 1374 2441 1424 dis-'-

1381 1427 1476 1474 fieti.
1490 1427 1596 1475 poffis
1609 1436 1734 1464 tamen
1756 1439 1909 1478 quoque
1923 1456 1934 1473 ‚
1948 1430 2078 1475 Viscera
2097 1440 2140 1468 er
2159 1429 2282 1478 effaeti.
2296 1436 2335 1467 ut
2347 1438 2440 1466 eun-

1389 1476 1475 1521 dem
1499 1479 1650 1516 arietem
1680 1479 1815 1516 Noster
1839 1478 1933 1517 libro
1964 1479 2215 1528 Metainorph.
2235 1491 2307 1517 vir.
2332 1479 2440 1516 innu-

1389 1529 1492 1566 meris
1513 1528 1668 1577 effictum
1689 1532 1791 1567 annis
1819 1530 1981 1568 vocavit.
2010 1529 2220 1567 Columella
2242 1530 2441 1578 praefatio-

1388 1590 1437 1616 ne
1472 1580 1542 1617 Rei
1570 1580 1767 1618 Rusticae:
1812 1585 1841 1616 E
1872 1580 1976 1618 turba
1999 1580 2267 1630 pedissequarum
2304 1581 2441 1618 leelica-

1387 1629 1585 1679 riorumque
1604 1630 1860 1680 defecZffimum
1881 1645 2050 1682 quemque
2066 1632 2169 1668 annis
2192 1642 2234 1670 &⁶
2252 1631 2386 1668 viribus
2400 1631 2440 1667 in

1391 1694 1515 1729 agrum
1538 1681 1674 1730 relegat.
1711 1684 1750 1720 δί
1778 1683 1839 1720 lib.
1860 1694 1896 1720 V.
1924 1694 2001 1731 cap.
2022 1683 2056 1719 6.
2103 1681 2291 1730 Diligentis
2317 1681 2434 1728 patris

1381 1733 1546 1779 familias
1567 1733 1634 1780 eft,
1673 1732 1839 1780 defebiam
1866 1746 2039 1783 quamque
2068 1732 2223 1769 arborem
2248 1733 2350 1779 senio}
2373 1730 2440 1768 tol·

1391 1783 1468 1821 lere.
1494 1783 1586 1821 libro
1610 1797 1679 1821 vii.
1707 1795 1784 1831 cap.
1806 1797 1838 1832 ς.
1876 1784 1989 1832 Agnis
2015 1797 2147 1834 quoque
2165 1782 2440 1832 succurrendum

1392 1834 1434 1881 est
1460 1834 1515 1870 vel
1532 1834 1844 1881 febricitantibus,
1866 1835 1924 1871 vel
1950 1834 2163 1883 aegritudine
2189 1833 2262 1870 alia
2294 1832 2441 1881 defeblis.

1393 1886 1452 1923 Sic
1476 1886 1634 1924 vetustus
1666 1885 1785 1924 codex
1800 1913 1811 1931 ,
1831 1897 1909 1923 non
1935 1885 2091 1933 adfectis.
2120 1884 2295 1923 Martialis
2310 1911 2322 1931 ,
2350 1895 2445 1930 xmq

1442 1989 1574 2026 .Dulcia
1596 1988 1729 2036 defeaeflal
1750 1988 1952 2027 modulatur
1982 1986 2141 2026 carmina
2159 1984 2285 2034 lingua

1496 2045 1671 2077 Cantator
1693 2047 1829 2090 Cycnus
1842 2041 1978 2088 funeris
1999 2039 2064 2089 ipse
2076 2037 2148 2088 sui.

1396 2108 1570 2148 Lucanus
1587 2109 1682 2148 libro
1702 2123 1749 2148 11.
1772 2122 1855 2159 559.

1698 2174 1775 2211 licet
1797 2175 1855 2212 ille
1868 2175 2027 2224 Jblutum

1447 2225 1697 2273 Desec‘lumque
1716 2236 1823 2264 vocet.
1852 2239 1893 2263 ne
1914 2240 1974 2263 vos
1995 2237 2072 2263 mea
2092 2231 2220 2262 terreat
2235 2224 2358 2268 aetas,'

1446 2279 1534 2311 Dux
1546 2274 1594 2324 fit
1615 2276 1654 2311 in
1675 2274 1727 2312 his
1748 2276 1864 2322 castris
1878 2277 2014 2324 senior,
2043 2276 2129 2312 dum
2158 2273 2255 2312 miles
2279 2274 2318 2312 in
2336 2272 2422 2324 illisg

1393 2338 1486 2379 libro
1507 2351 1562 2376 1v.
1586 2350 1669 2388 599.
1698 2337 1744 2376 de
1764 2342 1912 2377 Antaeo
1929 2368 1939 2385 ‚

1537 2426 1609 2434 ——
1636 2417 1713 2441 cam
1733 2405 1869 2454 tetigere
1884 2414 2064 2454 parentem
2078 2431 2089 2448 ,

1444 2457 1538 2504 Jam
1556 2457 1687 2502 dejecta
1708 2457 1827 2505 vigent
1849 2467 2016 2494 renovato
2037 2455 2150 2493 robore
2171 2454 2340 2493 membra.

1394 2525 1433 2564 &
1454 2524 1593 2563 ibidem
1616 2536 1699 2572 757.
1726 2524 1771 2561 dc
1793 2536 1914 2572 equo,

1444 2597 1490 2630 Et
1514 2592 1644 2639 deficta
1660 2591 1784 2640 gravis
1804 2590 1898 2637 longe
1914 2589 2028 2628 trahit
2050 2588 2116 2627 ilia
2129 2588 2259 2639 pulsus.

1392 2659 1453 2698 lib.
1477 2671 1509 2697 v.
1610 2685 1618 2695 .

1445 2730 1507 2761 Vos
1527 2669 1658 2767 (lisicia
1674 2722 1769 2770 senes
1793 2720 2024 2771 exhaustaque
2038 2719 2205 2767 sanguine
2223 2715 2341 2755 turba.

1395 2783 1488 2823 libro
1512 2799 1564 2825 vr.
1589 2800 1668 2836 ης.
1694 2789 1740 2825 de
1763 2789 1899 2826 Scaeva
1921 2784 2164 2825 moribundo:

1500 2876 1563 2883 —
1589 2854 1761 2891 labentem
1784 2853 1889 2891 turba
1900 2851 2047 2898 suorum

1446 2906 1583 2955 Excipit
1596 2933 1607 2950 ‚
1632 2916 1736 2954 atque
1758 2901 1910 2940 humeris
1927 2901 2094 2944 desectam
2105 2899 2272 2949 imponere
2281 2898 2422 2949 gaudetss

1396 2970 1479 3009 Val.
1502 2971 1649 3009 Flaccus
1667 2972 1759 3006 libro
1782 2978 1852 3004 vn.
1877 2967 1959 3003 116.

1520 3052 1581 3061 ———
1600 3032 1671 3080 solo
1700 3042 1822 3067 moeret
1840 3030 1969 3077 defecta
1991 3026 2106 3064 cubili.

1394 3098 1467 3137 hoc
1486 3098 1534 3136 est
1554 3096 1723 3146 languida
1737 3124 1748 3141 ,
1777 3095 1962 3134 deficiens.
1989 3092 2080 3130 libro
2099 3102 2145 3128 11.
2164 3088 2250 3138 463.

1449 3157 1569 3188 :truces
1589 3148 1743 3186 manicas
1763 3147 1959 3196 defectaque
1979 3142 2126 3193 virginis
2144 3153 2204 3178 ora

1431 3202 1584 3252 Respicit.

1394 3254 1433 3294 δί
1452 3266 1543 3292 mox
1558 3281 1567 3298 ‚
1591 3252 1677 3301 489.
2415 3290 2425 3299 Ο

1445 3310 1597 3343 Annae:
1623 3315 1742 3354 meque
1757 3310 1872 3352 precor
1890 3298 2086 3348 deseflaque
2100 3301 2270 3345 Pergama
2287 3291 2440 3341 monstret

1447 3354 1509 3394 Eri
1532 3369 1559 3397 e.

1507 3365 1528 3406 p
2319 3393 2439 3433 Senex
