2495 3675
388 183 1329 247 FASTORUM
1440 190 1782 252 L113.II.

2103 217 2196 265 105

214 322 312 373 375
351 303 508 360 Dic'la
530 304 686 368 facit,
720 301 972 372 Fabiique
998 297 1161 352 fimul.
1201 299 1347 354 venit
1369 300 1547 358 irritus
1575 305 1699 362 illuc

423 378 719 438 RomulUS‚
756 376 808 426 δε
840 369 1038 424 mensas
1065 368 1276 444 ossaque
1300 374 1443 428 nuda
1470 377 1634 432 videt.

353 450 520 511 Rifit;
564 451 616 502 δε
643 443 868 501 indoluit
894 440 1083 496 Fabios
1108 443 1333 514 potuiss'e
1362 449 1707 524 Remumque

429 524 687 578 Vincere:
727 513 1046 588 Quinelilios
1072 531 1180 568 non
1209 518 1435 585 potuisse
1462 522 1596 577 suos.

356 594 515 649 Fama
540 602 718 644 manet
744 587 877 641 faeli.
919 585 1091 658 posito
1116 588 1374 643 velamine
1401 609 1649 650 currunt:

213 666 314 732 380

428 667 496 720 Et
523 678 816 716 memorem
842 660 1064 722 famam,
1100 660 1250 730 quod
1277 661 1411 716 bene
1436 665 1614 732 ceffit,
1651 668 1824 727 habet.

355 736 587 794 Forsitan
615 735 666 787 ὃς
693 750 938 805 quaeraS‚
977 750 1073 786 cur
1101 732 1161 784 fit
1187 733 1333 787 locus
1356 735 1442 790 ille
1468 738 1764 811 Luper-cah

428 809 649 880 Quaeve
679 808 822 860 diem
848 805 934 858 tali
960 804 1178 858 nomine
1201 806 1369 861 cauffa
1393 824 1562 866 notet.

352 882 440 936 Ilia
470 880 687 935 Vestalis
712 877 955 932 coelestia
979 877 1174 930 semina
1200 892 1354 948 partu

421 952 711 1017 Ediderat‚
750 950 946 1005 Pati-uo
972 965 1133 1021 regna
1159 963 1376 1007 tenente
1400 954 1522 1019 suo3
1568 1007 1571 1009 a

66 1217 105 1257 ἂ
140 1216 188 1256 ibi
217 1214 361 1255 occurrit
391 1217 514 1266 aliqui.
553 1214 626 1254 vid.
664 1216 704 1253 ὅτ
740 1215 804 1252 inf.
832 1213 893 1253 lib.
920 1227 985 1253 111.
1023 1224 1107 1262 7ς7.

66 1270 210 1306 Hiems.
258 1268 391 1306 Praeda
422 1277 556 1305 retenta
584 1268 694 1306 etiam
727 1266 879 1304 Putean.
921 1266 960 1303 δε
998 1265 1106 1303 multi

64 1318 135 1357 alii.

116 1392 199 1431 373.
230 1382 396 1420 Detrahit
416 1381 542 1432 exta]
574 1379 712 1417 Detulit
735 1377 837 1417 Voff.
864 1378 1004 1416 Arond.
1023 1379 1107 1416 Ma-

62 1441 134 1469 zar.
157 1434 300 1471 &unus
319 1434 523 1470 Patavinus.
550 1443 619 1475 an,
648 1430 799 1478 depulit?
829 1429 972 1466 Hiems.
1000 1429 1108 1466 Non-

64 1482 154 1519 nulli
184 1484 292 1520 etiarn
310 1512 319 1528 ,
343 1483 527 1530 pendentia
547 1510 557 1527 ‚
578 1482 775 1530 spirantia,
794 1479 1005 1526 fumantia,
1025 1482 1108 1528 spu-

64 1533 204 1569 mantia
223 1544 315 1570 exta.
343 1534 401 1571 sed
422 1533 555 1572 frustra,
574 1531 646 1570 vid.
670 1531 714 1568 ad
732 1531 877 1568 Petron.
898 1541 984 1568 xcv,

116 1597 200 1644 378.
239 1596 430 1645 Qincilios
461 1609 528 1632 non
556 1593 692 1645 potuiffe
715 1592 836 1642 suos.]
903 1593 945 1631 In
980 1593 1105 1633 nostro

64 1647 312 1696 antiquiffimo
333 1675 344 1690 ,
383 1645 601 1694 Quintillus.
638 1645 756 1693 Legas
786 1651 824 1682 ut
853 1643 977 1682 lubet:
1006 1653 1107 1683 utro-

63 1707 139 1745 que
167 1698 281 1735 modo
308 1698 401 1734 hanc
430 1697 606 1734 familiam
625 1694 791 1744 scripsere
813 1693 928 1742 prisci.
957 1695 1083 1734 NEAP.

120 1778 202 1816 379.
230 1773 337 1804 Fama
367 1776 485 1803 manet
507 1764 639 1815 fal-312]
698 1764 917 1802 Allucinaris
938 1792 949 1809 ,
976 1765 1108 1804 Ovidi.

67 1816 229 1856 Tuncne
249 1817 384 1866 aliquid
410 1817 502 1854 novi
522 1828 543 1853 a
562 1816 728 1854 Romulo
750 1818 787 1854 &
806 1815 910 1853 sociis
930 1816 966 1853 in
990 1816 1108 1865 poste·

65 1879 146 1906 rum
170 1868 418 1906 introdudrum
441 1866 457 1904 ?
492 1878 569 1905 non
600 1866 769 1910 hercule,
797 1865 856 1904 sed
878 1866 968 1904 nudi
989 1867 1024 1905 se
1044 1879 1108 1905 ex-

63 1919 255 1956 ercebant:
283 1918 367 1968 quia
390 1917 603 1956 vestimenta
616 1916 808 1965 posuerant
825 1916 874 1954 ob
892 1916 1106 1956 sacrificium

66 1969 154 2006 Pani
175 1969 359 2017 peraerum
372 1996 382 2012 ,
405 1980 450 2006 ex
470 1980 575 2006 more
595 1967 865 2018 antiquiffimo‚
894 1976 1044 2016 recepto
1063 1969 1107 2007 ab

67 2019 227 2057 Evandri
255 2019 426 2057 adventu.
473 2017 674 2066 Dionyfius
707 2030 753 2055 ex
791 2018 1008 2056 audioritate
1038 2020 1109 2058 viri

68 2071 216 2117 magni,
246 2069 346 2118 cujus
378 2068 485 2106 verba
516 2068 616 2117 supra
644 2068 808 2117 ejusdem
845 2066 957 2116 patri-21
985 2068 1108 2118 lingua

68 2119 175 2157 dedi:
201 2120 314 2157 AElius
329 2119 476 2163 Tubero,
503 2119 564 2156 vir
578 2118 700 2167 gravis
721 2129 763 2158 (9‘
777 2119 923 2166 scriptor
942 2118 1108 2168 diligens,

69 2170 204 2215 traditj
232 2170 425 2207 Numitoris
445 2169 584 2216 pastores
601 2167 730 2217 insidiis
747 2169 868 2218 elegiffe
880 2178 1010 2218 tempus
1021 2198 1031 2214 ,
1044 2184 1110 2220 quo

64 2219 210 2268 juvenes
228 2221 388 2258 Romulus
409 2231 452 2259 ω’
469 2226 592 2256 Remus
611 2219 700 2256 Pani
722 2219 922 2268 Lupercalia
935 2247 944 2264 ‚
967 2222 1110 2267 sacrum

71 2271 287 2307 Arcadicum
300 2299 311 2315 ,
338 2284 380 2308 ex
401 2270 565 2307 Evandri
579 2269 733 2317 instituto
755 2281 855 2307 erant
884 2270 1086 2308 celebraturi
1096 2287 1108 2316 ;

73 2321 210 2366 quando
229 2334 298 2357 mos
317 2331 390 2358 erat
412 2348 422 2365 ,
458 2331 498 2358 ut
525 2321 615 2357 inter
646 2320 807 2357 Palatini
837 2321 963 2358 montis
984 2322 1112 2360 incolas

68 2369 237 2416 juventus
261 2372 326 2419 post
354 2371 465 2419 caesas
486 2371 605 2414 hostias
625 2371 642 2407 ὶ
665 2370 841 2419 Lupercali
863 2371 959 2407 nuda
979 2371 1107 2408 circum

76 2417 193 2454 vicum
213 2419 389 2468 cursitaret
411 2448 420 2464 ,
456 2421 623 2468 pudendis
641 2431 783 2457 tantum
803 2434 913 2457 recens
933 2425 1109 2458 maHata-

76 2480 155 2503 rum
175 2470 338 2516 pecudum
357 2470 494 2506 exuviis
517 2471 696 2517 succinclis
709 2487 719 2506 .·
748 2471 785 2506 id
804 2481 877 2506 erat
897 2471 1109 2512 lustrationis

71 2530 178 2564 genus
208 2519 380 2567 quoddam
413 2519 547 2554 vicanis
574 2527 741 2566 receptum
772 2518 833 2563 usu
859 2520 985 2566 patrio.
1020 2521 1110 2568 quod

75 2579 318 2653 iiimc'quoque
331 2569 416 2616 solet
430 2568 519 2616 fieri.
546 2567 722 2605 NEAPOL.
749 2573 861 2604 fama
873 2567 970 2606 volat
990 2570 1109 2607 codex

113 2627 198 2655 aeti.

127 2684 210 2734 380.
249 2689 295 2720 Et
325 2699 506 2722 memorem
527 2686 692 2731 famam,
721 2685 782 2734 qui
804 2684 885 2721 bene
901 2683 1016 2733 gestit,
1044 2685 1112 2722 ha-

73 2733 168 2784 ber]
198 2735 301 2783 §Quod
320 2737 400 2772 bene
422 2734 509 2784 geffit
537 2736 655 2774 Ursm.
679 2736 814 2773 Mazar.
834 2735 976 2773 Zulich.
1008 2736 1113 2774 Peta-
1170 2738 1177 2744 '

75 2785 202 2824 vianus
231 2787 267 2823 &
289 2787 393 2823 multi
422 2787 491 2823 ahi.
522 2786 623 2823 Voff.
662 2799 766 2834 quam
793 2786 881 2822 bene.
910 2795 1000 2834 puto
1020 2799 1112 2835 pro,

75 2849 194 2884 quum.
219 2837 394 2883 Excerpta
424 2837 591 2874 Politiani
616 2838 654 2873 ὃς
683 2846 759 2884 opt.
780 2836 996 2879 Mediceus‚
1024 2839 1114 2886 quod

75 2886 156 2922 bene
176 2886 270 2934 ccffit.
298 2887 416 2925 Scribe
435 2915 445 2930 ‚
473 2886 550 2936 quis
571 2887 651 2923 bene
670 2886 777 2933 cessit,
807 2886 944 2923 habent.
966 2889 1056 2926 Met.
1077 2903 1112 2926 x.

79 2935 137 2974 80.
166 2943 227 2973 Seu
254 2939 343 2984 quod
371 2938 461 2974 male
480 2940 611 2985 cefferat
632 2936 710 2980 illi,
739 2937 817 2973 Sive
830 2936 937 2983 fidem
961 2938 1112 2977 dederat.

78 2986 214 3025 Seneca
239 2988 421 3026 Comi-ov.
454 3000 592 3025 xxvm.
620 2988 758 3035 Nescis,
785 2987 875 3035 quod
894 2987 971 3024 bene
1002 2990 1110 3035 ceffit,

77 3037 273 3123 glinquere.
302 3038 347 3075 sic
370 3039 428 3077 ille
451 3038 567 3087 saepe.
585 3038 667 3082 vel,
687 3037 722 3087 si
738 3037 818 3074 bene
838 3037 920 3086 ceffit
934 3067 942 3083 ,
971 3039 1111 3077 habent.

95 3098 144 3135 ¹p.
167 3100 251 3125 vm.
277 3100 358 3127 101.

132 3172 215 3203 Pars
233 3168 311 3204 haec
331 3181 402 3205 una
419 3167 508 3206 mihi
529 3169 653 3218 conjux
671 3167 753 3206 bene
772 3166 855 3216 ceffit
875 3170 1013 3218 Orestes.

82 3227 190 3274 Trist.
211 3243 246 3268 v.
267 3233 366 3281 Eleg.
388 3246 457 3272 1111.

133 3299 197 3345 ‚An
218 3297 298 3384 qu?
319 3299 473 3386 cesselrunt
487 3301 597 3351 primo
618 3301 696 3343 bene
718 3303 887 3354 carmina.

287 3360 350 3386 om.
402 3356 444 3389 ll.

2158 1080 2205 1136 13

1163 1214 1272 1256 Pont.
1296 1230 1348 1258 ιν.
1372 1221 1473 1270 Eleg.
1494 1231 1540 1258 11.
1563 1219 1622 1266 48.

1215 1282 1354 1321 Utiliter
1365 1285 1542 1330 studium,
1556 1283 1646 1333 quod
1663 1282 1727 1322 tibi
1745 1284 1833 1322 cedit
1845 1312 1855 1331 ,
1881 1297 1979 1324 ama.

1163 1343 1340 1384 Horatius
1360 1347 1420 1385 lib.
1439 1360 1483 1385 11.
1506 1347 1575 1385 Sat.
1594 1361 1621 1385 1.

1393 1421 1500 1458 neque
1512 1407 1548 1458 si
1565 1410 1655 1446 male
1675 1412 1828 1460 cesserat,
1854 1427 2006 1465 usquam

1213 1462 1406 1496 Decurrens
1427 1459 1497 1496 alio
1509 1487 1519 1504 ,
1547 1473 1654 1510 neque
1666 1462 1700 1510 st
1716 1463 1807 1502 bene.

1163 1535 1225 1574 ubi
1243 1537 1324 1624 gbri
1351 1550 1504 1588 quoque
1535 1550 1674 1580 veteres
1705 1542 1892 1593 plerique,
1918 1541 2066 1591 geffirat.
2095 1541 2207 1589 Seveff

1163 1598 1222 1625 rus
1282 1597 1387 1627 etna:

1217 1660 1288 1692 Nec
1311 1655 1475 1705 cuiquam
1498 1656 1582 1705 ceffit
1599 1657 1722 1695 melius
1733 1660 1802 1707 sua
1821 1667 1971 1708 tempora
1992 1658 2087 1706 noffe.

1162 1725 1266 1755 vetus
1289 1718 1459 1768 Epitaph.

1215 1785 1287 1817 Nec
1305 1780 1370 1818 tihi
1386 1810 1396 1826 ‚
1423 1796 1481 1820 nec
1501 1782 1595 1821 nobis
1613 1793 1792 1822 aeternum
1813 1784 1934 1822 vivere
1955 1784 2051 1832 ceffit.

1163 1842 1306 1880 HEINs.
1332 1843 1387 1882 Ita
1408 1845 1506 1884 Flor.
1519 1859 1560 1883 11.
1589 1858 1643 1893 17.
1671 1852 1836 1883 Summus
1857 1845 1916 1881 vir
1936 1845 2009 1893 astu
2030 1854 2073 1884 (θ’
2092 1845 2206 1882 auda-

1163 1894 1240 1938 cia,
1259 1892 1295 1942 fi
1320 1907 1371 1931 res
1391 1895 1526 1946 cessisset.
1553 1905 1592 1934 ut
1615 1897 1713 1934 recle
1724 1898 1805 1935 Viri
1824 1896 1924 1938 docfti
1947 1896 2206 1934 emendarunt.

1162 1945 1263 1982 Suet,
1284 1944 1381 1994 Aug.
1400 1958 1462 1995 91.
1489 1945 1654 1998 Ceffitque
1678 1961 1730 1985 res
1752 1949 1912 1998 prospere.
1950 1947 1987 1984 &
2006 1948 2054 1985 lta
2079 1947 2205 1996 paffim

1163 1995 1225 2034 ille
1244 1996 1282 2033 &
1301 1996 1372 2033 alii.

1214 2063 1301 2113 381.
1329 2070 1403 2102 Cur
1414 2064 1463 2114 fit
1492 2066 1582 2103 locus
1602 2067 1661 2104 ille
1683 2065 1887 2116 Lupercal.]
1943 2067 2098 2115 Quaerit
2128 2073 2210 2115 ety-

1164 2125 1255 2152 mon
1277 2115 1511 2162 Lupercalis3
1545 2118 1762 2166 quodlocus
1779 2145 1788 2161 ,
1819 2120 1856 2155 in
1877 2129 1953 2166 quo
1979 2117 2092 2154 Fauni
2115 2116 2209 2153 sacra

1164 2164 1310 2203 fiebant.
1337 2165 1384 2203 Et
1404 2167 1524 2214 primo
1546 2168 1591 2206 ad
1612 2168 1732 2206 lucem
1763 2168 2051 2206 narratiunculae
2071 2167 2213 2215 praefe-

1165 2227 1208 2252 ro
1241 2215 1413 2265 Dionyfii
1443 2218 1553 2255 verba
1588 2218 1633 2256 de
1661 2230 1817 2256 nemore
1841 2246 1851 2263 ,
1879 2230 1955 2268 quo
1979 2218 2106 2265 scapha
2127 2228 2211 2271 cum

1167 2267 1324 2314 geminis
1343 2267 1514 2316 expofitis
1534 2269 1692 2306 recessit:
1723 2269 1905 2314 Ἐλέγετο
1926 2270 1966 2305 δὲ
1989 2269 2105 2310 Πανὸς
2127 2271 2212 2305 εῖναι

1169 2319 1211 2353 ’τὸ
1228 2318 1361 2361 νάπος,
1383 2320 1447 2354 καὶ
1466 2319 1582 2364 βωμὸς
1604 2316 1640 2361 ἦν
1657 2320 1774 2357 αὐτόθι
1794 2321 1858 2356 τοῦ
1876 2320 1958 2357 θεσῖ,
1987 2320 2110 2356 ΝΕΑΡ.

1217 2378 1301 2427 382.
1328 2381 1474 2427 Qaeve
1491 2381 1600 2418 locum
1620 2382 1686 2418 tali
1707 2383 1844 2420 nomine
1863 2385 1964 2432 causa
1987 2381 2110 2429 nasah]
2141 2382 2207 2418 Li-

1163 2427 1216 2466 bri
1240 2437 1405 2473 veteres,
1433 2433 1578 2478 Qaeve
1594 2431 1696 2468 diem.
1720 2432 1819 2469 vere.
1847 2434 2015 2469 CIOFAN.
2047 2431 2208 2468 Codices

1163 2479 1329 2525 aliquot,
1357 2482 1503 2525 <Quaeve
1533 2481 1622 2516 diem
1652 2481 1719 2517 tali
1741 2497 1751 2516 :
1788 2482 1881 2518 hanc
1909 2490 2031 2518 autem
2052 2479 2121 2517 esse
2145 2492 2210 2518 ve-

1164 2539 1242 2563 ram
1267 2531 1410 2572 ’γραιφῆν
1439 2528 1618 2565 affirmare
1647 2541 1721 2566 non
1745 2532 1876 2568 audeo.
1903 2532 2077 2568 Nemot..
2107 2529 2211 2568 Voff.

1168 2577 1348 2614 Arondel.
1370 2579 1504 2615 Mazar.
1525 2579 1666 2617 Zulich.
1698 2581 1735 2617 &
1755 2581 1813 2618 sex
1834 2582 1915 2624 alii,
1945 2590 2045 2618 tamo
2064 2582 2212 2620 nomine.

1166 2625 1302 2671 Forte,
1330 2637 1407 2663 noto
1432 2628 1580 2665 nomine.
1610 2631 1752 2667 Hiems.
1784 2637 1875 2667 Vocet
1895 2639 1978 2668 tres.

1166 2750 1205 2776 m
1220 2689 1304 2738 383.
1333 2689 1447 2728 Silvia
1479 2691 1653 2742 Vestalis]
1709 2694 1809 2732 Hinc
1840 2694 1970 2733 eadem
2001 2695 2047 2734 de
2076 2694 2110 2733 se
2137 2694 2211 2745 ips-i

1227 2752 1309 2778 111.

1222 2825 1359 2874 Ignibus
1378 2827 1490 2865 Iliacis
1509 2829 1652 2867 aderam
1667 2859 1676 2875 ‚
1704 2844 1780 2868 cum
1799 2831 1892 2879 lapsa
1911 2831 2042 2880 capillis

1270 2877 1408 2914 Decidit
1427 2890 1508 2916 ante
1525 2880 1633 2926 sacros
1650 2881 1750 2918 lanea
1771 2884 1867 2918 vitta
1879 2885 1984 2928 focos.

1169 2945 1347 2982 Neapor.
1377 2945 1443 2982 ilia
1464 2948 1593 2986 refflus
1616 2949 1716 2986 Voff.
1738 2951 1777 2987 &
1797 2949 1854 2986 sex
1877 2950 1934 2986 alii
1956 2949 2045 2987 libri.
2075 2949 2212 2989 Plutaro

1167 2996 1299 3032 chusin
1317 2996 1504 3037 Romulo,
1529 2999 1587 3035 ubi
1601 3001 1674 3046 agit
1688 3000 1732 3035 de
1755 3000 1830 3048 ejus
1844 3010 1980 3037 matre:
2008 3002 2153 3039 Ταύτην
2177 3002 2209 3038 οἱ

1166 3048 1232 3089 μὲν
1245 3041 1360 3082 ’laisan
1372 3048 1425 3091 ,οἱ
1443 3048 1483 3084 δὲ
1496 3048 1596 3084 Ῥέαν
1609 3051 1661 3095 ,οἱ
1679 3050 1719 3085 δὲ
1730 3053 1897 3087 Σιλουίαν
1919 3051 2136 3098 ὀνομάζουσι.
2148 3053 2211 3090 tri-

1166 3097 1249 3144 plex
1271 3109 1358 3144 ergo
1384 3098 1433 3135 illi
1463 3111 1616 3138 nomen.
1664 3101 1806 3139 Solinus
1836 3101 1963 3138 Rheam
1995 3102 2144 3138 silviam
2164 3102 2208 3138 ab

1166 3147 1240 3184 aliis
1261 3146 1363 3183 Iliam
1394 3148 1464 3186 dici
1496 3149 1621 3188 asserir.
1654 3153 1689 3188 in
1716 3153 1855 3190 vetusto
1874 3153 2047 3189 lemmate
2070 3152 2208 3188 inedito

1164 3198 1436 3245 epigrammatis
1448 3201 1578 3238 Graeci
1595 3230 1604 3245 ‚
1619 3202 1765 3238 Servilia
1780 3230 1790 3246 ‚
1803 3204 1993 3248 Σερβηλῑκ,
2010 3201 2156 3238 Romuli
2169 3201 2207 3235 &-

1174 3248 1285 3285 Remi
1308 3251 1430 3286 Mater
1457 3261 1698 3300 nuncupatur.
1734 3254 1834 3301 quod
1865 3254 1909 3290 ad
1937 3253 2100 3288 Solinum
2124 3259 2207 3293 pro·

1169 3298 1239 3349 fert
1259 3299 1451 3388 Salmasi&
1473 3314 1552 3352 pag.
1567 3314 1623 3343 11.
1643 3302 1709 3343 nisi
1731 3305 1767 3344 ὅ(
1781 3305 1853 3343 illic
1867 3303 1949 3341 Ῥέα
1969 3300 2109 3338 Σιλουῖοι
2122 3297 2210 3385 ἑαῖ-

2147 3358 2213 3393 en:
