2495 3675
394 127 954 245 amsi-omnum
991 174 1099 236 EX
1138 172 1422 235 PONTo.
1462 173 1583 234 Lm.
1619 174 1714 235 iv.
1766 174 1944 235 Emsf.
1983 178 2099 239 xit.
2209 179 2332 257 sie-52

464 283 671 347 Effice,
712 280 970 337 constanti
997 277 1287 351 profugum
1311 282 1508 350 pietate
1533 278 1768 343 tuend0,

538 360 622 414 Ne
648 358 847 428 sperata
871 369 1046 409 meam
1071 350 1275 405 deserat
1303 369 1425 405 aura
1453 363 1637 405 ratem.

462 433 611 505 Quid
640 429 922 489 mandem,
962 424 1216 497 quaeras?
1254 440 1469 494 peream
1491 422 1585 477 nifi
1610 422 1792 477 dicere
1821 426 1907 479 vix
1931 422 2021 478 est„

539 504 591 559 Si
619 502 818 563 mod0‚
856 499 946 569 qui
971 496 1158 568 periit,
1194 497 1281 550 ille
1305 498 1480 567 perire
1506 496 1692 566 potest.

326 599 392 649 45
467 579 586 634 Nec
612 575 741 646 quid
766 573 918 644 agam
943 570 1186 632 inveni0‚
1223 587 1323 623 nec
1348 569 1477 641 quid
1505 568 1738 623 nolimve
1764 570 2020 625 velimve:

533 650 650 703 Nec
678 647 794 700 satis
818 644 1015 698 utilitas
1044 642 1119 697 est
1143 659 1259 696 mea
1295 657 1422 696 nota
1448 641 1594 695 mihi.

460 721 643 778 Crede
668 718 828 780 mihi;
871 716 1086 770 miseros
1110 715 1392 787 prudentia
1422 715 1590 786 prima
1617 714 1894 788 relinquit:

531 794 602 848 Et
626 791 797 846 sensus
824 807 947 845 curn
970 807 1028 842 re
1051 787 1439 858 consiliumque
1466 788 1619 858 fugit.

465 867 606 939 Ipse,
647 881 870 937 precor,
904 879 1150 934 quaeraS,
1188 864 1294 934 qua
1321 861 1414 916 lim
1442 861 1537 914 tibi
1564 874 1713 932 parte
1736 862 2030 931 juvandus:

325 960 392 1012 50

182 1081 310 1121 duritie
330 1081 371 1126 es}
391 1076 611 1124 robustissima
635 1085 677 1115 (9¹
696 1074 841 1112 inviHa.
870 1073 969 1112 idem
996 1084 1074 1121 cap.
1090 1084 1162 1110 Lu.
1177 1072 1222 1110 de

182 1135 264 1183 ipfis
284 1131 533 1170 adamantibus
558 1157 568 1173 ,
610 1139 666 1164 nec
695 1127 768 1174 igne
797 1126 993 1162 vincuntur
1013 1153 1024 1168 ,
1061 1124 1224 1169 necferro

182 1186 384 1221 domantur.
416 1185 436 1215 x>
450 1180 589 1218 ideatur
600 1179 735 1216 Plinius
749 1176 793 1213 de
807 1175 1226 1214 adamantibus.1-lrms.

183 1237 320 1272 Invich
332 1246 408 1270 non
430 1232 477 1268 est
493 1229 738 1267 movendum.
765 1239 849 1264 nam
864 1228 1060 1263 vincuntur
1073 1227 1201 1263 omnia
1214 1253 1224 1269 ,

181 1297 276 1334 quae
298 1285 355 1321 vel
378 1284 468 1320 virio
489 1280 652 1329 quodam
669 1307 678 1323 ‚
704 1277 761 1315 vel
792 1279 970 1326 temporis
989 1277 1226 1314 diuturnitate

182 1336 439 1373 diminuuntur
458 1335 495 1371 ὅ(
527 1339 702 1378 pereunt,
759 1336 797 1366 ut
824 1329 928 1366 latius
950 1328 1061 1365 docui
1081 1327 1126 1365 ad
1148 1327 1230 1365 Val.

181 1387 302 1425 Flacc.
325 1400 352 1423 1.
375 1385 458 1427 ΞΜ).
488 1384 679 1420 adamante
705 1394 778 1417 reor
802 1381 874 1417 MS.
894 1378 1029 1417 Bersm.

184 1462 296 1540 M33.
318 1450 413 1507 *Huic
436 1447 576 1497 defint]
617 1446 682 1483 Hic
706 1445 812 1483 Leid.
829 1444 953 1493 desunt
973 1443 1228 1481 Serv.deerunt

234 1511 337 1540 oreti.

185 1617 213 1656 B
238 1578 296 1654 315.
311 1563 573 1614 Praefrigidus]
590 1563 800 1612 perfrigidus
810 1562 1092 1612 quatuordecim
1108 1562 1144 1600 δί
1157 1562 1228 1600 Ms.

219 1630 253 1654 er
272 1630 324 1655 m.

238 1694 294 1730 37-
328 1682 469 1732 Dum]
509 1683 638 1729 clausa
660 1682 796 1718 Moreri
824 1681 862 1718 &
892 1692 1033 1718 novem
1054 1680 1124 1718 alii.
1151 1690 1229 1717 non

186 1735 294 1772 male.
318 1736 398 1782 caſjo
443 1735 530 1771 tiam
559 1746 661 1770 unus.
690 1733 767 1781 lasso
789 1733 942 1781 septem.

239 1809 297 1844 39.
327 1800 422 1835 Certi
446 1800 565 1848 imus]
595 1797 808 1848 Justtffimus
831 1798 969 1847 Regius
989 1796 1229 1844 &Lem-sor-

188 1847 329 1899 tffmus
353 1852 461 1899 prim.
480 1851 579 1891 Edit.

538 940 776 1011 Quoque
798 937 937 990 viam
962 934 1120 988 facias
1148 935 1214 989 ad
1243 952 1360 989 mea
1387 947 1511 990 vota
1538 934 1694 988 vado,

1329 1085 1391 1122 42.
1421 1072 1607 1124 Deserat.]
1652 1071 1796 1123 Definat
1819 1073 1989 1113 Francof.
2011 1081 2049 1112 ut
2070 1073 2206 1123 saepius
2227 1072 2325 1123 apud

1283 1125 1472 1163 Nostrum.

1331 1185 1396 1224 47.
1425 1175 1608 1225 Mifizros]
1649 1176 1818 1225 Misbrmn
1840 1178 1913 1214 Ms.
1935 1176 2071 1215 Bersm.
2099 1176 2241 1228 reliquit
2262 1175 2325 1214 de-

1284 1238 1381 1264 cem.

1335 1277 1399 1327 48.
1427 1283 1472 1315 Et
1491 1279 1610 1329 sensus
1643 1291 1720 1315 cum
1750 1277 1823 1326 re.]
1879 1284 1969 1315 Cum
2000 1279 2053 1325 spe
2082 1279 2323 1321 scribendum.

1286 1340 1372 1366 narn
1399 1342 1490 1369 unus
1511 1330 1650 1373 Voffii,
1679 1342 1755 1364 cum
1781 1339 1821 1364 te.
1852 1330 2025 1366 Medonii
2047 1341 2138 1366 unus
2156 1358 2164 1371 ,
2193 1336 2326 1378 cumse,

1287 1381 1434 1418 Hzms.
1479 1383 1642 1419 Minime
1669 1380 1887 1417 mutandum
1921 1393 1996 1416 cum
2021 1394 2064 1416 re,
2093 1381 2140 1417 ita
2168 1383 2263 1418 enim
2285 1385 2325 1421 &

1284 1430 1485 1471 Terentius
1508 1433 1677 1470 Eunuch.
1706 1444 1752 1468 11.
1782 1443 1815 1467 2.
1844 1428 1954 1478 stmul
1986 1428 2158 1478 confilium
2188 1446 2264 1467 cum
2289 1447 2335 1470 ro·

1284 1482 1449 1531 amifisti?
1478 1483 1759 1530 Sallust.Jugurt.
1781 1494 1838 1527 74.
1862 1488 1932 1517 Nec
1952 1495 2025 1524 res,
2055 1495 2111 1517 nec
2133 1482 2326 1529 confilium,

1285 1546 1344 1570 nec
1369 1535 1564 1583 quidquam
1595 1534 1776 1570 hominum
1798 1533 1889 1581 satis
1913 1532 2082 1582 placebat.
2116 1534 2152 1570 &
2187 1543 2233 1570 ita
2261 1534 2323 1572 alii

1284 1584 1401 1633 saepe.
1428 1586 1562 1623 huam.

1336 1649 1400 1683 49.
1428 1642 1496 1683 Ipse
1507 1635 1663 1686 precor.]
1715 1635 1780 1684 Ipse
1803 1633 1910 1671 velim
1931 1645 2023 1672 unus
2042 1632 2197 1671 Heinfii.
2244 1634 2323 1672 licet

1286 1689 1473 1728 Medonii.

1341 1752 1401 1788 50.
1429 1741 1575 1789 Qoque
1589 1736 1732 1785 viam]
1762 1738 1911 1786 §Quaque
1930 1735 2094 1773 multi&
2125 1735 2229 1782 prim.
2260 1734 2331 1773 Ed.v

1289 1804 1463 1842 quamque
1489 1792 1591 1826 viam
1621 1788 1728 1826 Polit.
1761 1791 1884 1834 Θέωνα
1915 1787 2005 1826 editi
2038 1785 2220 1837 nonnulli3
2243 1796 2329 1833 voti!

1290 1842 1388 1879 modo
1410 1842 1563 1879 Moreti.
1582 1850 1668 1877 vota
1691 1838 1771 1875 vide
1792 1837 1916 1886 multu

946 2049 1353 2112 EPISTOLA
1415 2044 1586 2112 XIII.

817 2203 897 2282 C
1083 2202 1192 2289 A,

1351 2197 1432 2278 R
1615 2191 1722 2274 O.

673 2439 811 2496 Mihi
842 2457 952 2495 non
978 2440 1168 2493 dubios
1191 2438 1330 2491 inter
1357 2432 1704 2491 memorande
1729 2431 1927 2486 sodales
1944 2468 1958 2492 ‚

787 2514 1034 2586 Quique,
1073 2511 1223 2585 quod
1251 2529 1338 2572 ες,
1380 2528 1534 2572 vere,
1571 2506 1741 2567 Care,
1780 2503 2020 2565 vocaris;
2061 2511 2174 2561 avess

517 2588 681 2642 Unde
707 2587 968 2648 saluteris,
1007 2588 1156 2639 color
1183 2584 1267 2637 hic
1294 2583 1388 2637 tibi
1414 2582 1654 2654 protinus
1679 2578 1871 2641 index,

570 2662 637 2714 Et
662 2660 913 2714 strufiura
939 2660 1044 2712 mei
1069 2657 1313 2712 carminis
1340 2655 1444 2709 esse
1473 2652 1655 2725 potest.

350 2754 380 2806 ς
492 2735 619 2789 Non
647 2735 768 2804 quia
792 2732 1010 2786 mirifica
1039 2731 1139 2793 est,
1176 2729 1267 2783 sed
1294 2728 1441 2801 quod
1470 2745 1569 2781 nec
1600 2723 1806 2803 publica
1832 2735 2007 2779 certe:

568 2807 752 2880 Qualis
776 2806 1177 2877 enimcumque
1201 2802 1304 2867 est,
1342 2819 1452 2856 non
1479 2802 1603 2855 latet
1631 2797 1733 2852 elle
1759 2814 1947 2851 meam.

262 3082 295 3110 1.
323 3070 584 3122 Memoranda]
617 3069 814 3108 Venerande
832 3067 907 3107 duo
932 3080 1017 3108 cum
1045 3070 1152 3119 prim.
1175 3065 1245 3105 Ed.

211 3125 423 3160 numerana'e
443 3125 518 3160 duo
541 3124 612 3161 alii.

263 3185 294 3209 2.
324 3174 396 3220 Qi
415 3175 504 3221 quod
520 3188 550 3210 es
569 3174 605 3210 id
624 3187 714 3211 vere.
730 3172 745 3222 ]
801 3172 941 3222 §Quique
971 3172 1060 3222 quod
1090 3185 1122 3208 es
1142 3182 1245 3214 vere,

213 3223 392 3261 nonnulli.
424 3225 564 3262 Ham-s.

264 3283 297 3319 ς.
326 3273 425 3308 Color
445 3274 498 3309 hic
519 3277 582 3311 tibi
599 3276 732 3324 proxim
743 3290 774 3311 'cs
796 3272 941 3322 index.]
997 3272 1215 3320 Legendum
1233 3298 1242 3314 ‚

197 3333 239 3363 ut
264 3325 430 3385 legerunt
458 3335 588 3364 omnes
618 3327 751 3366 eruditi
776 3353 787 3372 ‚
819 3325 1003 3375 protinus,
1031 3336 1108 3364 non
1128 3322 1246 3375 proxi:

2229 2914 2339 2990 lpse

1301 3078 1379 3102 mus
1402 3093 1412 3111 ,
1461 3063 1600 3102 colerem
1639 3062 1692 3101 sui
1727 3062 1897 3100 carminis
1935 3060 2044 3099 etiam
2085 3069 2177 3098 mox
2219 3053 2342 3099 nom17

1301 3126 1363 3154 nat
1377 3145 1387 3159 ‚

1359 3173 1402 3203 Η
1419 3181 1494 3204 mea
1515 3169 1620 3216 Musa
1637 3165 1739 3215 potest
1755 3164 1885 3214 proprio
1906 3164 2066 3214 deprensa
2087 3159 2197 3196 colore.

1305 3219 1469 3256 Famuc.

1363 3280 1392 3316 ς.
1423 3276 1493 3305 Nec
1514 3268 1651 3317 publica
1671 3267 1793 3317 certe.]
1845 3267 1933 3303 Non
1967 3265 2071 3310 digna
2101 3271 2193 3309 quac
2217 3260 2251 3296 jn
2277 3259 2343 3306 pu2

1301 3320 1437 3360 blicum
1460 3320 1610 3370 prodeat
1633 3321 1784 3367 exponit
1798 3318 1951 3357 Merula.
1980 3323 2109 3362 nugae.
2131 3312 2227 3350 idem
2242 3310 2344 3346 enim

1485 3372 1663 3410 vavv
1693 3382 1713 3408 2
2216 3367 2343 3405 notat,
