2495 3675
710 152 771 208 P.
845 145 1266 207 OVIDII
1341 143 1872 204 NASONIS

345 274 411 328 15
491 257 668 330 Quam
696 269 785 311 tua
808 255 1088 310 Trinacria
1113 251 1218 314 est,
1256 261 1584 322 regnataque
1611 262 1751 304 terra
1775 249 2047 325 Philippo,

568 330 747 402 Quam
777 330 970 384 domus
996 322 1241 396 Augusto
1267 323 1576 378 continuata
1606 323 1780 386 For03

492 405 673 477 Quam
702 418 815 466 tua,
851 417 937 455 rus
964 399 1130 452 oculis
1154 396 1389 460 domini,
1427 397 1743 466 Campania,
1785 408 2027 468 gratum,

568 478 830 548 Quaeque
855 470 1036 525 relicta
1062 469 1190 531 tibi,
1232 470 1396 524 Sexte
1413 508 1428 533 ‚
1466 470 1549 524 vel
1576 483 1719 523 emta
1745 482 1924 525 tenes:

497 549 638 604 Tam
665 564 782 601 tuus
810 561 877 598 en
903 561 1008 616 ego
1030 544 1158 597 sum.
1196 543 1343 614 cujus
1371 556 1424 598 te
1450 559 1671 597 munere
1698 542 1830 598 tristi

352 642 421 677 20

567 622 688 674 Non
714 632 868 690 potes
897 619 950 672 in
975 617 1152 671 Ponto
1186 616 1369 671 dicere
1395 616 1591 671 habere
1617 615 1761 670 nihil.

499 697 685 763 Atque
714 692 919 746 utinam
947 689 1132 763 possm,
1175 690 1230 744 δε
1260 690 1419 744 detur
1448 689 1667 744 amicius
1693 705 1915 751 arvum;

564 765 819 839 Remque
846 778 990 819 tuam
1020 781 1180 835 ponas
1205 765 1259 817 in
1283 764 1506 817 meliore
1531 763 1684 816 loco!

493 838 663 910 Quod
689 838 941 921 quoniam
966 837 1021 892 in
1048 837 1143 890 Dis
1171 835 1271 899 est,

1309 849 1457 890 tenta
1481 836 1646 890 lenire
1673 834 1945 907 precando

575 912 835 974 Numina,
877 913 1134 983 perpetua
1158 926 1294 983 quae
1321 909 1517 981 pietate
1546 910 1692 963 colis.

357 1002 424 1053 25
498 984 711 1041 Erroris
736 1002 859 1039 nam
888 998 945 1037 tu
963 1023 977 1044 ‚
1020 983 1110 1037 vix
1136 985 1211 1037 est
1237 982 1563 1043 decernere,
1600 981 1765 1036 nostri

572 1059 652 1114 Sis
682 1071 1057 1127 argumentum
1084 1055 1273 1127 majus,
1312 1074 1376 1109 an
1402 1056 1673 1109 auxilium.

498 1132 626 1187 Nec
654 1131 901 1186 dubitans
927 1147 1053 1182 oro:
1094 1128 1184 1182 sed
1212 1129 1433 1182 flumine
1461 1129 1612 1198 saepe
1638 1125 1874 1182 secundo

571 1207 822 1277 Augetur
846 1203 1006 1258 remis
1030 1201 1209 1257 cursus
1236 1201 1410 1256 euntis
1437 1218 1618 1273 aquae.

266 1481 322 1520 ῐς.
350 1475 569 1520 Regnataque
596 1464 736 1517 terrm]
816 1466 930 1506 Tellus
969 1475 1114 1518 regnata
1163 1467 1255 1505 Mo-

211 1531 292 1562 reti.

263 1584 323 1611 21.
350 1577 392 1608 Ut
416 1571 516 1609 detur
536 1569 683 1608 amicius
701 1569 874 1620 arvum]
919 1574 965 1607 Et
986 1570 1088 1608 detur
1120 1569 1252 1607 melio-

213 1635 268 1662 res
311 1623 449 1660 Herus.
495 1622 556 1660 An
584 1634 660 1659 non
693 1622 883 1670 praestaret
912 1623 1022 1659 etiam
1041 1650 1050 1665 ‚
1079 1620 1255 1658 amoenius

215 1683 373 1712 arvum?
400 1685 483 1711 nam
508 1673 553 1710 de
584 1673 742 1710 amicitia
768 1673 947 1710 Getarum
977 1673 1151 1722 gloriatur
1170 1672 1257 1709 Ele-

213 1727 271 1774 gia
292 1725 522 1773 praecedenti
542 1726 579 1761 ὅ(
602 1723 778 1761 alibi.nec
799 1725 994 1761 inimicum
1015 1722 1117 1761 fuisse
1138 1723 1255 1771 potest

212 1775 397 1824 Pompejo
428 1787 569 1812 arvum.
603 1774 724 1812 mitius
743 1788 876 1812 arvum
895 1784 964 1813 tres
985 1775 1077 1813 libri.
1097 1784 1257 1825 ponasut

215 1825 354 1864 meliore
375 1826 501 1863 Servii.
527 1825 656 1864 Eunu.

267 1888 330 1926 23.
360 1876 570 1926 Precand0.]
601 1876 758 1924 Ragando
777 1876 928 1914 Putean.
952 1877 990 1914 δε
1011 1884 1181 1925 quatuor.

264 1940 324 1970 25.
353 1927 486 1963 Erroris
506 1939 590 1963 nam
604 1938 666 1971 tu,
694 1928 759 1964 vix
778 1926 820 1972 est
842 1928 1048 1976 disternere,
1077 1926 1181 1971 nostri
1207 1926 1258 1964 Sis

215 1989 458 2028 argumentum
473 1980 587 2024 majus
604 1991 650 2013 an
663 1977 870 2027 auxilium]
894 1978 1098 2025 Ambiguus
1117 1977 1176 2014 hic
1195 1977 1253 2013 lo·

216 2042 279 2067 cus
300 2028 372 2072 est,
402 2040 523 2078 eoque
550 2028 732 2066 difficilior
760 2040 913 2076 quoque
934 2056 944 2073 ‚
989 2029 1027 2065 ὃ(
1058 2027 1256 2065 obscurior.

217 2080 331 2118 Varie
361 2080 458 2116 enim
493 2081 628 2127 exponi
658 2078 785 2128 potest.
830 2079 935 2123 Vel,
974 2088 1013 2116 ut
1035 2080 1258 2127 accipiamus

221 2139 486 2179 Argumentum
498 2142 563 2178 pro
584 2141 685 2168 certo
708 2131 847 2167 indicio
868 2142 909 2167 ac
930 2129 1054 2178 signo,
1084 2141 1160 2178 quo
1172 2129 1263 2177 quid

220 2183 393 2232 probatur
422 2182 458 2218 ὃς
495 2182 728 2219 convincitur
750 2209 759 2225 ‚
806 2193 874 2218 ceu
897 2181 977 2218 sunt
1008 2192 1104 2230 quae
1144 2181 1264 2223 πέςεις

220 2233 372 2270 Graecis
395 2259 405 2275 ‚
444 2233 481 2268 ὅ(
506 2232 680 2275 venusiense
703 2233 886 2270 dicuntur.
921 2241 960 2269 ut
991 2231 1032 2269 fit
1062 2232 1260 2269 sententia:

220 2285 389 2322 Dubium
411 2282 459 2319 est
484 2310 494 2327 ‚
534 2292 654 2320 utrum
677 2284 793 2332 majus
817 2283 992 2320 auxilium
1028 2284 1119 2320 mihi
1139 2283 1261 2320 rebus·

221 2346 294 2383 que
316 2334 406 2371 meis
429 2333 468 2370 fis
483 2361 493 2377 ,
521 2345 565 2370 an
586 2335 702 2382 majus
720 2332 926 2382 judicium'.
956 2336 1165 2384 certiorque
1180 2346 1264 2382 pro-

223 2386 323 2423 batio
344 2396 385 2421 ac
410 2382 498 2421 fides
521 2387 650 2422 errori«.-
670 2386 765 2422 mei:
795 2385 868 2423 hoc
888 2385 958 2429 est,
986 2385 1089 2434 quod
1118 2397 1262 2430 errore,

224 2449 299 2475 non
326 2435 455 2472 scelere
475 2438 668 2481 peccarim.
724 2437 794 2474 Vel
817 2436 952 2473 rursum
968 2465 977 2481 ,
1007 2445 1045 2473 ut
1074 2435 1171 2473 idem
1193 2449 1264 2473 no·

223 2498 312 2526 rnen
332 2498 397 2533 pro
419 2487 569 2524 materia
590 2502 601 2529 ;
639 2489 676 2524 δε
705 2487 802 2532 quasi
824 2487 987 2535 quodam
1022 2487 1263 2537 subicitoyei

224 2538 446 2585 accipiamus
473 2565 482 2581 ,
533 2538 629 2575 unde
658 2539 780 2586 postea
810 2539 946 2587 aliquid
980 2538 1262 2582 exaedificatur,

225 2598 286 2627 aut
305 2587 469 2624 efficitur.
507 2587 615 2632 Sive,
636 2598 674 2626 ur
703 2590 840 2636 planius
870 2591 987 2627 dicam
1015 2618 1024 2633 ‚
1064 2602 1130 2637 pro
1150 2601 1263 2637 opere

221 2641 425 2679 biformato
455 2650 496 2675 ac
526 2638 709 2677 delineato
734 2654 741 2676 :
779 2652 856 2689 quo
889 2643 1005 2678 niodo
1027 2641 1125 2677 idem
1149 2640 1264 2678 Poeta

227 2689 575 2735 Metamorphoseos
595 2691 695 2728 sexto
717 2690 807 2728 dixit
827 2719 837 2735 ‚
868 2696 912 2727 Et
935 2702 1034 2737 vetus
1055 2692 1091 2727 in
1114 2691 1184 2727 tela
1207 2691 1263 2727 de-

229 2742 368 2777 ducitur
387 2751 630 2787 argumentum
648 2769 657 2784 ‚
685 2751 721 2779 ut
749 2743 788 2778 sit
820 2741 959 2780 dierum
985 2756 994 2779 :
1025 2743 1160 2779 Nescio
1184 2753 1263 2780 ma·

222 2795 281 2842 jus
311 2790 486 2829 auxilium
512 2792 607 2831 mibi
637 2792 700 2836 fis,
729 2805 773 2830 an
811 2794 930 2842 major
958 2794 1109 2831 materia
1139 2794 1175 2830 &
1208 2795 1264 2830 in·

228 2843 401 2885 choatiO,
430 2842 469 2878 δί
492 2854 557 2879 ceu
572 2844 672 2880 causa
685 2843 865 2892 quaedam
891 2847 1021 2883 erroris
1033 2845 1124 2882 mei.
1149 2844 1264 2893 Quafi

228 2895 336 2931 tacite
357 2893 507 2934 innuat,
536 2894 706 2944 Pompeji
730 2896 835 2943 culpa
852 2895 1034 2943 quadam,
1064 2895 1098 2933 se
1117 2896 1152 2933 in
1166 2897 1265 2933 hunc

230 2955 390 2980 errorem
409 2944 594 2990 incidisse,
623 2957 733 2995 atque
755 2948 803 2983 ita
830 2946 1036 2996 Augustum
1059 2946 1264 2985 offendiffe:

232 2995 334 3044 quod
355 3002 477 3030 tamen
503 2996 582 3033 alibi
614 3009 818 3046 nusquam,
847 3009 969 3047 neque
990 3007 1172 3047 apertius,
1202 3010 1265 3035 ne-

230 3056 304 3091 que
327 3043 506 3099 obscurius
523 3048 686 3085 traditur.
731 3050 856 3096 Quare
879 3077 890 3094 ,
927 3057 967 3086 ut
989 3050 1087 3094 dixi,
1115 3048 1262 3087 difficile

238 3095 370 3138 fuerit,
399 3094 535 3149 scnium
565 3099 724 3147 aliquem
758 3109 897 3137 certum
920 3112 964 3137 ex
986 3101 1059 3138 hoc
1080 3101 1168 3138 loco
1189 3102 1266 3139 col-

233 3147 370 3195 ligere,
399 3146 460 3199 nrli
486 3146 705 3192 superiorem
730 3150 831 3188 illurn
854 3153 1089 3189 retineamus.
1151 3151 1271 3200 Quod

235 3208 357 3234 aurem
381 3194 529 3243 quidam
555 3198 718 3237 dubitant
741 3228 750 3243 ,
788 3202 833 3239 de
860 3214 938 3250 quo
970 3203 1152 3252 Pompejo
1183 3206 1273 3241 haec

237 3245 448 3296 accipienda
470 3245 560 3302 sint,
588 3251 625 3285 &
654 3263 741 3287 num
771 3263 815 3289 ex
845 3254 975 3302 Magni
996 3255 1172 3302 progenie
1193 3255 1252 3292 hic

238 3300 284 3338 ad
307 3307 421 3349 quem
449 3295 566 3338 scribit
584 3300 723 3347 Poeta,
751 3302 883 3349 fuerit,
913 3304 1157 3353 disputatione
1179 3305 1275 3344 adeo

2280 1323 2353 1380 Et

1306 1476 1386 1504 non
1408 1471 1503 1515 eget.
1556 1465 1694 1514 Neque
1728 1464 1829 1502 enim
1870 1463 1965 1502 inter
1997 1461 2137 1500 amicos
2166 1459 2353 1499 habiturus

1308 1516 1413 1555 fuiffe
1437 1516 1620 1566 Augustus
1641 1544 1652 1561 ‚
1689 1523 1752 1553 aut
1774 1516 1884 1552 etiam
1915 1513 2090 1552 Tiberius
2105 1541 2115 1557 ,
2142 1513 2204 1562 qui
2240 1511 2274 1550 se
2295 1520 2358 1550 to-

1309 1575 1388 1606 tum
1411 1568 1456 1607 ad
1478 1567 1632 1617 Augusti
1663 1567 1943 1604 venerationem
1974 1563 2232 1613 composuerat
2253 1590 2263 1606 ,
2298 1564 2356 1601 vi-

1310 1619 1416 1657 detur
1440 1631 1525 1657 eum
1547 1647 1556 1663 ,
1586 1618 1688 1666 cujus
1718 1617 1896 1655 familiam
1931 1618 1969 1654 &
1999 1615 2129 1653 Caesar
2159 1613 2355 1657 Dictator,

1312 1671 1349 1708 &
1371 1671 1445 1720 ipse
1468 1670 1590 1719 postea
1620 1668 1803 1717 Augustus
1832 1676 1889 1706 tot
1921 1678 2038 1705 annos
2053 1695 2063 1711 ,
2088 1673 2267 1714 tantoque
2290 1676 2356 1701 ne-

1309 1723 1416 1770 gotio
1448 1723 1626 1769 persecuti
1651 1719 1809 1758 fuiffent.
1855 1719 2064 1757 Annotavit
2091 1724 2213 1755 autern
2238 1715 2357 1753 Vola·

1310 1782 1473 1810 terrarius
1496 1772 1720 1821 Pompejum
1741 1770 1929 1819 quendam
1953 1767 2054 1807 fuiffe
2072 1796 2081 1812 ‚
2112 1768 2229 1805 virum
2253 1777 2356 1814 prae-

1313 1825 1451 1861 torium
1469 1851 1479 1868 ,
1508 1822 1707 1871 Hispaniae
1729 1820 1956 1870 praefectum
1981 1849 1990 1863 ,
2018 1820 2120 1867 cujus
2148 1817 2239 1855 filius
2267 1817 2356 1854 Sex-

1314 1882 1370 1912 tus
1389 1875 1449 1912 hic
1471 1875 1579 1912 fuerit
1594 1901 1604 1916 ‚
1632 1873 1677 1910 ad
1700 1884 1813 1922 quem
1838 1871 1997 1910 Ovidius
2018 1870 2156 1914 scribit,
2184 1868 2253 1907 Sed
2264 1868 2357 1907 haec

1311 1924 1499 1962 hactenns.
1528 1925 1703 1961 Micrtr.

1362 2005 1423 2038 25.
1458 1991 1682 2041 Damnem]
1712 1992 1910 2041 Discernere
1930 1991 2049 2029 multi.
2074 1990 2134 2029 scd
2152 1992 2253 2030 aliter
2272 1990 2359 2028 scri·
2382 2006 2385 2009 ’

1313 2043 1475 2080 bendum
1499 2041 1570 2080 effe
1590 2043 1669 2091 jam
1701 2046 1848 2082 monuit
1876 2043 2090 2081 Gronovius
2120 2043 2240 2080 noster
2258 2070 2270 2087 ,
2296 2042 2358 2079 lib.

1317 2107 1383 2132 111.
1406 2094 1561 2131 Obl'erv.
1581 2106 1659 2142 cap.
1685 2105 1743 2143 13.
1773 2095 1921 2133 Heius.

1378 2167 1439 2204 27.
1468 2154 1691 2206 Sedflamine
1708 2157 1799 2207 saepe
1811 2156 2001 2207 secundm]
2041 2157 2083 2195 In
2108 2160 2356 2207 manuscriptis
2398 2191 2400 2193 .

1320 2209 1439 2246 verius
1455 2208 1532 2255 ,sed
1549 2207 1696 2255 flumine
1710 2209 1807 2259 saepe
1822 2210 1983 2256 secundo.
2015 2208 2127 2247 Simili
2142 2212 2258 2248 modo
2273 2212 2358 2247 Vir-

1317 2259 1446 2307 gilius,
1475 2265 1622 2295 Rumore
1641 2260 1784 2305 secundo
1806 2287 1815 2303 ‚
1841 2261 1931 2297 dixit
1952 2271 2036 2296 cum
2060 2260 2105 2296 de
2128 2260 2280 2297 flumine
2301 2262 2360 2297 lo-

1318 2320 1504 2398 Ruerssmrs
1541 2310 1705 2348 Fame.
1751 2316 1824 2347 Nec
1851 2310 1985 2346 dubites
2007 2323 2083 2355 oro,
2111 2323 2194 2347 nam
2212 2310 2359 2360 flumine

1348 2362 1391 2398 ls.
1446 2372 1549 2398 erm.

1371 2436 1431 2473 29.
1460 2422 1688 2474 Semperque]
1718 2430 1849 2472 Semper
1867 2424 2053 2475 eademque
2076 2425 2163 2462 Mss.
2187 2425 2363 2474 producta

1319 2474 1398 2513 ER.
1413 2477 1674 2513 terminatione
1695 2488 1801 2513 more
1823 2485 2003 2513 veterum.
2027 2476 2127 2524 cujus
2149 2477 2365 2524 productio-

1319 2528 1372 2564 nis
1421 2527 1591 2574 exempla
1639 2527 1788 2574 collegit
1829 2527 1971 2575 Gryph.
2014 2527 2050 2563 in
2090 2526 2362 2583 Conlectaneis.

1321 2578 1467 2615 Bfinsm.
1498 2577 1585 2615 Vid.
1621 2579 1665 2614 ad
1687 2578 1812 2616 Valet.
1830 2578 1922 2614 Flac.
1947 2590 1981 2614 v.
2004 2578 2087 2625 560.
2113 2578 2170 2614 led
2193 2579 2252 2616 hic
2274 2579 2364 2615 nihil

1320 2629 1564 2717 reputandum:
1594 2631 1726 2666 metuit
1755 2629 1856 2666 enim
1887 2628 2028 2676 semper
2055 2629 2215 2676 precari,
2245 2630 2283 2666 &
2306 2641 2367 2666 ca-

1350 2691 1422 2717 ern.

1375 2755 1434 2794 32.
1464 2742 1588 2793 Vitio.]
1621 2749 1699 2780 Veto
1720 2743 1863 2781 Farnes.

1373 2816 1391 2855 3
1402 2817 1433 2854 3.
1462 2806 1622 2856 Aliud.]
1672 2807 1825 2856 Aliquid
1842 2808 1988 2856 Junian.
2008 2809 2159 2848 Putean.
2184 2809 2282 2859 saepe
2303 2823 2365 2855 vo,-

1321 2856 1393 2893 lens
1416 2857 1518 2894 aliud
1541 2870 1633 2896 unus
1655 2858 1784 2896 Heius.

1375 2933 1432 2970 32.
1457 2921 1603 2971 Rogat]
1668 2924 1760 2960 Petit
1788 2935 1892 2962 unus.
1912 2924 2006 2972 facit
2035 2924 2138 2963 alius.
2154 2923 2257 2974 quod
2278 2933 2356 2961 non

1322 2974 1526 3022 displicebat
1555 2973 1710 3012 Heinsio
1725 3002 1736 3018 ‚
1765 2974 1790 3014 si
1807 2986 1865 3024 pro
1880 2978 1918 3024 se
1938 2976 2089 3024 legatur.

1326 3040 1436 3129 1³35.
1462 3040 1632 3092 Jubet.]'
1669 3042 1768 3080 Videt
1801 3054 1893 3081 unus
1922 3043 2082 3082 Heinffi.
2111 3040 2222 3079 medio
2256 3047 2368 3078 Parca

1364 3103 1477 3141 egiris.

1381 3155 1438 3192 37.
1470 3143 1663 3195 Munera]
1702 3146 1878 3184 Carmina
1898 3144 2047 3183 Moreti.

1387 3219 1445 3259 39.
1473 3210 1540 3248 Sub
1561 3211 1661 3262 illo.]
1692 3213 1758 3249 Sub
1780 3213 1850 3250 ullo
1868 3213 1905 3250 P.
1919 3211 2014 3248 Dan.
2037 3211 2076 3248 &
2098 3211 2187 3250 editi
2209 3212 2376 3260 quidam'

1264 3282 1276 3298 ‚
1331 3262 1457 3298 audiat
1500 3263 1612 3301 etiam
1651 3273 1824 3314 quatuor.
1849 3262 1983 3312 sentiat
2011 3274 2104 3302 unus
2141 3263 2185 3303 P.
2213 3265 2311 3302 Dan.
2337 3265 2376 3301 &

1332 3312 1435 3352 alius.

2214 3374 2277 3414 41.
2304 3369 2379 3414 Ser:
