2495 3675
390 163 953 228 EPISTOLARUM
988 163 1094 222 Ex
1131 159 1418 220 PONTo.
1459 161 1581 218 Lus·
1619 163 1656 217 1-
1695 162 1874 224 Emsr·
1900 166 1961 222 11,

380 263 660 325 VivimuS‚
696 273 755 316 ut
781 258 928 316 sensu
956 274 1247 331 numquam
1275 273 1546 312 careamus
1575 273 1780 312 amaro:

450 336 520 391 Et
547 335 757 407 gravior
782 332 942 402 longa
970 331 1028 385 fit
1053 349 1170 385 mea
1195 347 1368 402 poena
1393 333 1559 385 mor-a.

379 410 464 466 Sic
491 408 884 463 inconsumtum
910 402 1062 474 Tityi
1087 404 1397 475 semperque
1422 401 1696 457 renascens

447 482 573 536 Non
596 484 760 552 perit,
797 489 855 531 ut
881 473 1040 546 possit
1061 474 1210 546 saepe
1236 475 1436 547 perire,
1469 475 1637 546 jecur.

374 556 448 610 At
478 566 640 627 put0,
678 567 801 605 curn
829 544 1066 618 requieS,
1104 546 1479 619 medicinaque
1502 547 1710 619 publica
1745 560 1903 602 curae

451 628 677 682 Somnus
700 619 870 681 adest,
907 618 1068 673 solitis
1094 636 1204 674 nox
1230 618 1374 672 venit
1400 620 1528 672 orba
1555 618 1714 674 malis.

370 699 586 754 Somnia
610 712 695 748 me
719 704 921 746 terrent
947 707 1099 745 veros
1125 690 1386 744 imitantia
1408 691 1578 746 casus:

446 770 516 825 Et
543 767 758 839 vigilant
786 763 957 819 sensus
979 763 1035 815 in
1063 779 1181 816 mea
1205 762 1395 816 damna
1420 764 1542 818 mei.

370 845 484 899 Aut
508 859 610 913 ego
637 836 946 893 Sarmaticas
970 832 1158 889 videor
1186 834 1348 888 vitare
1373 835 1608 906 sagittas:

445 918 556 970 Aut
584 912 708 965 dare
736 907 966 979 captivas
992 905 1056 960 ad
1083 907 1194 961 fera
1219 907 1389 962 vincla
1414 925 1613 963 manus.

368 989 514 1049 Aut,
554 983 647 1039 ubi
673 979 915 1052 decipior
939 977 1170 1033 melioris
1195 978 1424 1050 imagine
1453 981 1643 1043 somni,

439 1054 696 1128 Adspicio
726 1052 926 1125 patriae
950 1048 1087 1105 tefia
1110 1050 1286 1106 relie'ta
1310 1069 1474 1106 meae.

366 1132 440 1187 Et
465 1129 632 1185 modo
657 1126 932 1181 vobiscum
956 1163 971 1187 ‚
1008 1141 1144 1197 quos
1168 1123 1281 1180 sum
1304 1138 1608 1188 veneratuS,
1647 1127 1832 1189 amici,

438 1203 510 1258 Et
542 1199 708 1255 modo
736 1215 861 1253 cum
883 1197 1002 1251 cara
1027 1195 1282 1267 conjuge,
1320 1198 1483 1252 multa
1508 1199 1716 1268 loquor,

365 1277 480 1338 Sic,
518 1274 605 1329 ubi
633 1282 882 1344 percepta
910 1268 984 1324 est
1007 1268 1182 1323 brevis
1211 1270 1264 1322 &
1290 1285 1398 1323 non
1420 1288 1542 1324 vera
1569 1273 1832 1343 volupta3‚

442 1349 601 1419 Pejor
626 1345 688 1399 ab
713 1342 990 1414 admonitu
1021 1340 1081 1395 fit
1108 1339 1262 1395 status
1288 1340 1380 1395 iste
1405 1342 1546 1396 boni.

228 1441 288 1491 55
369 1421 491 1476 Sive
518 1420 629 1473 dies
653 1416 813 1487 igitur
837 1426 994 1485 caput
1019 1413 1121 1467 hoe
1146 1413 1433 1468 miserabile
1457 1415 1654 1478 cernit,

439 1493 558 1547 Sive
581 1487 813 1562 pruinosi
838 1484 1020 1542 Noffls
1045 1499 1271 1556 aguntur
1298 1487 1450 1557 equi3

366 1566 452 1621 Sic
484 1581 598 1619 mea
623 1560 890 1633 perpetuis
919 1560 1195 1630 liquefiunt
1226 1559 1438 1630 pefiora
1463 1562 1632 1624 curis,

438 1635 646 1708 Ignibus
674 1633 902 1689 admotis
929 1644 985 1686 ut
1008 1648 1148 1686 nova
1170 1649 1290 1687 cera
1317 1631 1463 1686 solet.

2138 180 2231 234 711

235 355 304 405 40

229 719 291 770 45

226 1057 310 1130 50>

2041 1751 2206 1824 Saepe

78 1902 126 1942 Et
144 1901 203 1940 lib.
225 1913 252 1939 1.
280 1897 403 1947 Elegia
426 1908 478 1935 rx.
993 1920 1000 1924 -
1223 1898 1280 1938 50.
1309 1889 1409 1928 Tecta
1431 1886 1590 1937 relic‘ta]
1621 1895 1734 1940 Regna
1755 1887 1855 1927 beata
1876 1899 1982 1928 unus.
2007 1898 2054 1926 an
2065 1886 2206 1927 dierum

131 1963 273 2001 Militat
290 1959 400 1998 omnis
427 1967 551 1996 amans
576 1983 587 2002 ,
622 1964 665 1995 ω’
689 1952 790 1991 habet
807 1952 870 2001 sua
896 1952 1010 2002 castra
1038 1957 1112 1990 Cu·
1168 1949 1208 1980 ut
1228 1940 1324 1988 apud
1344 1941 1449 1990 Virg.
1470 1954 1498 1980 1.
1522 1940 1599 1977 Ecl.
1620 1951 1678 1984 70.

273 2011 325 2048 ido

180 2021 301 2103 Attico
322 2038 414 2099 ciede
430 2058 518 2098 mihi
532 2086 542 2104 ,
569 2055 703 2095 militat
725 2053 835 2092 omnis
855 2064 993 2092 amans.

74 2132 124 2172 Et
139 2132 199 2171 lib.
222 2145 286 2170 111.
306 2131 430 2179 Elegia
451 2140 486 2167 v·

125 2195 191 2233 1lia
206 2203 290 2244 pone
311 2205 420 2231 metus
433 2219 442 2234 ‚
479 2189 542 2228 tibi
561 2188 651 2237 regia
669 2185 783 2235 nostra
797 2183 952 2233 patebit,

173 2252 280 2295 Teque
298 2245 402 2281 colent
426 2253 544 2278 amnes
559 2267 568 2283 ,
602 2238 663 2276 teia
679 2247 764 2286 pone
786 2245 909 2272 metus,

75 2307 124 2347 Et
141 2307 200 2345 lib.
221 2319 272 2344 tv.
291 2306 380 2344 Fast.

125 2368 200 2420 ἐξά
220 2367 305 2406 bibit
325 2367 404 2406 inde
423 2365 540 2415 furit:
564 2362 680 2414 procul
704 2362 782 2401 hinc
811 2359 992 2411 disiedite,
1019 2359 1112 2410 queis

128 2476 225 2508 Cura
245 2418 350 2506 {sobnae
368 2466 491 2504 mentis
505 2494 516 2511 ‚
543 2464 603 2514 qui
623 2463 709 2502 bibit
731 2462 810 2500 inde
829 2461 933 2506 furit.

77 2521 246 2559 Crotum.
273 2519 327 2556 Ita
349 2519 386 2556 &
407 2518 495 2555 Mss.
515 2514 656 2554 Heinsii
679 2516 716 2552 &
734 2513 880 2551 Bartliii.

129 2593 189 2630 39.
214 2577 389 2627 Amaro.]
430 2578 550 2627 miquo
572 2575 741 2613 Politian.
763 2581 803 2612 ut
830 2572 935 2622 saepe
952 2571 1020 2611 hae
1041 2583 1110 2611 vo-

78 2646 137 2673 ces
149 2637 413 2670 commutatae.

128 2705 190 2740 40.
218 2693 268 2730 Sit
287 2703 361 2729 mea
379 2687 521 2739 poena.]
570 2687 626 2726 Fit
652 2686 750 2725 idem
782 2685 1012 2723 Sarravianus
1035 2684 1113 2723 alii-

78 2755 152 2794 que
179 2742 358 2781 nonnulli.
386 2741 422 2778 &
443 2738 566 2789 paullo
587 2745 671 2775 ante
687 2764 696 2780 ‚
720 2736 883 2774 Amittat
902 2747 968 2784 pro
991 2735 1114 2772 Amit-

79 2804 128 2832 ιιι
150 2794 319 2832 Politiani
339 2793 522 2839 Excerpta
551 2789 589 2827 ὃς
619 2798 711 2826 unus
730 2787 942 2825 Vaticanus.
970 2785 1116 2824 Hesus.

77 2849 122 2882 Ut
135 2845 278 2893 gravior
288 2841 337 2891 fit
359 2840 528 2879 Leidens.

128 2907 188 2943 41.
215 2891 437 2941 Renascens.]
466 2890 655 2934 Recrel'iens
674 2888 827 2926 Putean.

129 2958 189 2994 44.
216 2943 367 2992 solitis]
414 2941 527 2990 Nostri
546 2941 617 2978 Ms.
638 2938 772 2977 Bersm.

130 2997 190 3043 46.
217 3000 262 3034 Et
285 2993 436 3044 vigilant
456 2993 611 3042 sensam]
665 2994 713 3026 Et
742 2987 896 3038 vigilant
916 2988 1011 3038 casus
1042 2987 1113 3028 At-

106 3054 259 3086 entorat.

80 3058 104 3097 g
133 3097 193 3142 48.
218 3095 389 3145 captivas
420 3094 457 3132 in
471 3094 553 3141 fhra
582 3090 704 3129 vincla
731 3088 898 3139 mamm]
953 3089 1018 3127 Ad
1033 3092 1114 3137 fhra

81 3147 330 3234 vinclqsgrxipti
351 3146 512 3184 maxima
526 3150 694 3193 exparte.
722 3141 866 3180 Heius.
891 3140 944 3179 Ita
964 3142 1001 3179 ἃ
1017 3140 1115 3180 Bers-

80 3208 206 3236 manni
272 3209 316 3234 ss.

136 3259 196 3294 49.
221 3246 283 3283 Ubi
301 3244 480 3295 decipior.]
524 3250 604 3284 Aut
628 3257 682 3297 ego
711 3243 862 3297 deceptus
883 3242 1036 3295 Moreti.
1063 3255 1118 3294 ego

82 3297 223 3351 decipior
244 3297 381 3348 Regius
402 3297 439 3335 ὃ(
461 3296 589 3348 Servii!
675 3296 683 3300 “

1220 1996 1295 2044 Post
1312 1995 1447 2048 aliquot
1468 2010 1543 2035 mea
1564 2010 1666 2046 regna
1684 1998 1808 2036 videns
1829 1996 1982 2037 mirabor
2002 1997 2138 2045 aristas.

1167 2065 1241 2105 vid.
1262 2066 1395 2105 Rader.
1413 2066 1459 2105 ad
1483 2067 1641 2106 Martial.
1657 2079 1730 2106 κη.
1760 2079 1817 2116 ς7.
1844 2066 1905 2106 sed
1926 2064 2000 2104 vid.
2018 2077 2073 2106 xv.
2098 2064 2209 2113 Tristq

1168 2127 1261 2157 vm.
1285 2129 1342 2155 10.
1370 2117 1502 2156 Euam.

1221 2187 1280 2225 53.
1306 2176 1360 2214 sic
1380 2177 1440 2215 ubi
1453 2186 1603 2228 percepta
1624 2177 1666 2223 est
1693 2176 1807 2215 ὂνεὺίς
1837 2186 1880 2218 Φ·
1912 2190 1980 2215 non
2002 2189 2086 2214 vera
2105 2175 2207 2213 vola-3

1159 2226 1282 2276 ptasf]
1320 2229 1507 2266 Numeros
1528 2228 1759 2267 Nasonianos
1786 2229 1848 2266 hic
1875 2240 1953 2266 non
1987 2227 2156 2276 agnosco.
2181 2227 2205 2264 a

1167 2277 1345 2316 Patavino
1367 2278 1519 2317 verbum
1542 2279 1803 2317 substantivum
1827 2278 1960 2317 aberat.
1989 2278 2119 2322 Forte,

1218 2339 1271 2378 sic
1288 2339 1349 2378 ubi
1359 2341 1440 2390 jam
1453 2349 1606 2392 percepta
1629 2340 1744 2377 brevis
1764 2353 1821 2377 nec
1840 2352 1926 2376 vera
1949 2339 2127 2388 voluptas:

1165 2404 1285 2450 Mox,
1304 2404 1419 2453 status
1435 2406 1515 2451 iste,
1542 2415 1621 2443 non
1645 2403 1703 2441 ille
1724 2403 1843 2451 scripti
1867 2403 2048 2441 meliores.
2075 2403 2112 2440 ὅτ
2132 2404 2203 2451 po?

1165 2454 1236 2493 fiea
1250 2482 1260 2498 ‚
1280 2454 1430 2505 pruinosi
1448 2456 1550 2507 equi,
1577 2466 1653 2493 non
1671 2453 1849 2504 pruinosae
1868 2453 1985 2490 molis.
2010 2451 2075 2490 etfi
2091 2453 2128 2491 in
2149 2453 2204 2500 At

1166 2505 1329 2544 moribus
1349 2507 1478 2545 dixerit
1507 2505 1663 2548 Noster,

1215 2576 1332 2619 Longa
1347 2569 1508 2620 pruinefiz
1523 2568 1659 2618 frigora
1681 2566 1772 2604 noo‘le
1784 2565 1872 2614 pati.

1166 2631 1312 2670 Herus.
1347 2638 1518 2682 concepta
1539 2629 1580 2677 est
1602 2629 1676 2667 duo
1700 2628 1844 2666 codices
1867 2628 1903 2665 ὅ(
1925 2627 2059 2666 Barthii
2080 2634 2203 2668 merui

1166 2681 1295 2721 branae
1310 2710 1320 2727 ,
1348 2694 1458 2732 quam
1478 2680 1677 2719 leffionem
1705 2679 1762 2717 ille
1783 2678 1922 2726 probat.
1937 2679 2098 2728 percipere
2114 2694 2203 2729 gau-

1167 2732 1228 2769 dia
1257 2733 1347 2772 dixit
1374 2734 1438 2771 inf.
1459 2744 1507 2771 11.
1529 2743 1574 2769 ex
1595 2731 1700 2768 Pont.
1724 2742 1750 2766 1.
1777 2730 1839 2766 60.
1866 2730 1900 2766 in
1927 2730 2045 2778 Regio
2066 2730 2202 2775 etiam.

1167 2782 1249 2820 haec
1260 2783 1319 2820 ubi
1328 2792 1480 2833 percepta
1492 2810 1501 2826 ‚
1522 2789 1561 2820 ut
1575 2781 1682 2829 Epist.
1696 2779 1842 2827 X1x.65.
1869 2778 1983 2816 brevis
2001 2778 2045 2825 est
2063 2779 2144 2818 haec
2157 2792 2201 2822 ev·

1168 2846 1238 2871 non
1256 2848 1342 2872 vera
1361 2835 1532 2884 voluptas.
1559 2830 1690 2869 Buim.
2196 2824 2201 2830 ”

1222 2908 1279 2944 54.
1307 2894 1431 2945 Boni.]
1462 2899 1550 2932 Bono
1562 2893 1707 2942 Regius.
1727 2894 1764 2932 ὅ(
1791 2891 1854 2942 ipse
1872 2900 1956 2938 aut,
1981 2891 2039 2931 ille
2051 2890 2200 2944 quidam

1169 2945 1289 2995 scripti
1312 2947 1350 2983 ὅ(
1370 2946 1469 2984 editi.

1223 3013 1281 3059 56.
1308 3013 1491 3070 Prainofiu
1509 3011 1657 3063 melin]
1687 3012 1745 3051 Sic
1764 3012 1921 3053 Ovidius
1938 3012 2012 3064 ipse
2033 3012 2070 3050 in
2091 3015 2206 3053 Phae:

1169 3073 1440 3153 ἶεέῐέὶξὲἰῗᾶὃῗχ
1461 3076 1537 3115 quo
1563 3076 1675 3113 opere
1714 3064 1805 3102 haec
1836 3065 1902 3102 tria
1929 3064 2090 3105 carmina
2122 3067 2208 3104 citat

1227 3197 1290 3230 Tot
1311 3204 1451 3230 numero
1467 3220 1476 3235 ‚
1501 3192 1632 3241 talique
1655 3196 1746 3229 Deus
1760 3191 1949 3242 simulacra
1965 3192 2083 3240 figura

1225 3243 1389 3292 Imposuit
1409 3242 1511 3280 coelo:
1539 3252 1595 3292 per
1624 3256 1662 3280 ue
1682 3251 1778 3279 atras
1797 3243 1910 3291 sparsa
1931 3241 2086 3279 tenebras

1225 3293 1336 3348 §lara
1349 3293 1529 3382 {ruinosae
1542 3295 1584 3343 ju
1609 3304 1637 3333 tt
1651 3294 1733 3333 dare
1753 3293 1891 3332 lumina
1918 3292 2017 3344 nobili,

1352 3368 1367 3382 a
1397 3356 1452 3384 XX
1465 3356 1487 3383 X
1516 3355 1538 3383 ².

2163 3335 2216 3387 Et
