2495 3675
385 134 949 210 EPISTULARUM
985 141 1094 200 EX
1126 139 1414 199 PONTO.
1455 142 1575 198 Lm.
1613 143 1702 203 III.
1731 146 1904 206 Episr.
1940 148 1978 205 Ῑ.

2155 146 2256 222 805

402 252 544 309 Pace
573 251 664 305 tua
692 246 878 303 dixisse
907 246 1099 309 velim;
1142 257 1202 300 tu
1226 242 1442 317 pessima
1468 244 1608 301 duro

249 341 325 383 '10

476 325 600 378 Pars
627 340 681 377 es
710 322 763 376 in
793 319 1002 382 exfili0‚
1040 333 1098 372 tu
1125 319 1258 372 mala
1283 318 1458 372 nostra
1478 335 1679 391 gravas,

395 398 490 453 Tu
515 412 693 468 neque
719 411 811 447 ver
839 392 997 446 sentis
1029 389 1262 444 cinctum
1290 389 1520 447 florente
1551 394 1780 447 corona:

467 470 563 525 Tu
588 484 763 539 neque
787 463 1073 518 messorum
1101 480 1328 534 corpora
1359 465 1500 518 nuda
1531 465 1696 520 videS.

396 545 513 600 Nec
540 540 638 596 tibi
661 536 964 611 pampineas
991 548 1275 593 autumnus
1301 537 1527 608 porrigit
1551 556 1700 593 uvas:

473 612 679 670 Cunc'ta
705 609 795 664 sed
821 608 1175 662 immodicum
1201 621 1445 678 tempora
1467 609 1632 681 frigus
1660 611 1870 668 habent.

257 711 317 760 15

394 689 488 744 Tu
517 685 682 758 glacie
707 682 842 736 freta
867 679 1039 734 vincia
1063 695 1210 733 tenes
1224 698 1241 761 ε.
1282 679 1336 733 &
1365 681 1418 734 in
1445 699 1678 755 aequore
1706 685 1855 756 piscis

472 758 699 814 Inclusus
726 752 865 808 teffli
891 752 1044 824 saepe
1071 764 1270 806 natav1t
1295 757 1447 825 aqua.

397 835 516 890 Nec
543 831 638 885 tibi
657 829 774 883 sunt
798 825 1002 887 fonteS,
1039 824 1207 878 laticis
1224 825 1313 878 nisi
1343 843 1480 897 pene
1505 827 1717 882 marini:

471 903 583 976 Qui
608 913 765 973 potus
790 895 1013 950 dubium
1037 896 1172 978 sistat
1207 897 1376 979 alatne
1400 898 1549 981 sitim.
1749 972 1759 984 ⁸

394 979 566 1037 Rara,
604 987 780 1044 neque
805 969 934 1023 haec
961 968 1185 1031 felix‚1n
1213 985 1404 1039 apertis
1432 985 1631 1026 eminet
1654 991 1787 1028 arvis

250 1072 320 1108 20

467 1047 680 1107 Arbor3
724 1044 777 1095 &
804 1042 857 1095 in
883 1043 1024 1096 terrai
1043 1040 1124 1094 *est
1150 1042 1307 1095 altera
1335 1043 1504 1097 forma
1532 1045 1702 1100 mariS.

391 1123 518 1179 Non
545 1120 652 1173 avis
679 1114 1009 1187 obloquitur:
1055 1113 1186 1168 silvis
1212 1115 1303 1168 nisi
1327 1115 1363 1169 si
1395 1133 1496 1188 qua
1521 1119 1742 1174 remotis

469 1193 773 1265 AEquoreas
799 1204 962 1241 rauco
990 1200 1208 1258 gutture
1238 1200 1387 1257 potat
1415 1207 1590 1261 aquas,

385 1265 583 1322 Tristia
606 1281 701 1335 per
728 1277 920 1317 vacuos
945 1259 1164 1314 horrent
1194 1260 1443 1314 absinthia
1469 1280 1713 1336 campos,

462 1334 914 1404 Conveniensque
939 1331 1032 1386 suo
1059 1331 1231 1385 messis
1260 1351 1430 1387 amara
1456 1337 1595 1390 loco,

247 1436 315 1489 25
392 1411 558 1469 Adde
582 1421 785 1470 metuS,
822 1406 876 1458 &
899 1404 1047 1476 quod
1077 1421 1256 1458 murus
1284 1406 1513 1476 pulsatur
1534 1411 1598 1463 ab
1625 1411 1800 1476 hoste;

464 1480 767 1553 Tinctaque
798 1476 1076 1534 mortifera
1100 1478 1218 1533 tabe
1247 1477 1429 1551 sagitta
1454 1482 1649 1539 madet.

159 1758 218 1797 18.
246 1750 442 1802 Dubium]
467 1749 623 1789 Dubium
644 1747 688 1792 cll
705 1746 784 1787 libri
800 1757 915 1796 ,quos
927 1747 1077 1796 quidem
1090 1747 1147 1786 vi·

106 1809 168 1848 di:
196 1807 309 1845 credo
329 1800 714 1843 extriviffeHeinsium
740 1800 780 1835 τὸ
797 1800 864 1844 est,
896 1807 936 1836 ut
956 1801 994 1837 &
1015 1800 1146 1857 i.Met.

108 1862 194 1907 765.
221 1857 438 1904 Ambiguum
462 1853 504 1900 est
526 1855 600 1890 &c-
627 1850 687 1888 sed
699 1849 785 1897 quia
805 1848 853 1887 sic
871 1849 994 1896 legere
1009 1861 1146 1898 jucun-

106 1911 186 1948 dius
210 1908 281 1952 est,
301 1909 338 1945 &
357 1905 441 1956 quia
462 1903 584 1942 nescio
605 1913 651 1938 an
673 1901 744 1937 Ms.
772 1900 852 1938 libri
883 1899 1033 1950 alicujus
1049 1899 1145 1948 juflu

108 1960 248 1999 factum
274 1987 283 2002 ‚
329 1969 406 1994 non
434 1954 579 1993 restitui.
633 1951 809 1988 AUCTOR
840 1950 990 2006 Ececr.
1019 1951 1147 1988 Esou.

108 2012 218 2060 ejecit
237 2007 408 2046 Heinsius
435 2003 640 2043 auetoribus
660 2002 797 2039 Sarrav.
817 2001 938 2049 Regio
952 2029 962 2045 ,
991 2000 1144 2057 Putean.

106 2063 146 2099 &
168 2061 257 2098 octo
287 2059 362 2096 aliis
391 2055 591 2094 codicibus.
623 2054 660 2089 &
691 2053 738 2089 ita
764 2051 868 2099 saepe
893 2063 900 2088 :
947 2049 1050 2107 quod
1083 2062 1144 2088 vix

105 2123 202 2159 opus
223 2120 376 2148 monere
403 2107 518 2145 duxit.
543 2103 618 2142 vid.
638 2114 690 2140 ιν.
720 2100 830 2139 Trist.
849 2113 903 2138 xv,
922 2102 982 2151 69.
1008 2101 1143 2140 inf.1v.

103 2174 178 2199 vn,
200 2170 262 2208 23.
284 2161 320 2196 ὅ(
340 2158 436 2196 alibi.
458 2156 594 2193 Alatve
615 2154 724 2192 etiam
738 2153 889 2190 Putean.
931 2202 937 2209 .
962 2201 968 2208 .

159 2223 217 2253 10.
247 2208 380 2258 Felix.]
428 2206 593 2244 Allusuin
623 2204 668 2241 ad
701 2203 811 2246 illud,
839 2201 1031 2249 infeltctbus
1049 2201 1144 2249 ustu-

106 2262 217 2299 landa
239 2259 349 2309 lignis.
378 2258 537 2296 Douza,
583 2260 744 2304 Raraque
769 2265 826 2290 nec
841 2252 933 2299 felix
953 2264 1058 2291 unus.
1083 2266 1144 2290 nec

104 2312 160 2350 hic
182 2313 325 2349 decern.
889 2353 896 2360 ι

158 2375 219 2401 20.
247 2365 292 2396 Et
302 2360 339 2396 in
359 2357 455 2396 terra*
473 2357 515 2405 est
533 2355 648 2393 altera
663 2355 784 2401 fhrma
806 2353 945 2403 marm]
975 2354 1065 2392 Hoc
1078 2353 1141 2400 est,

102 2413 153 2451 ita
179 2411 301 2450 sterilis
321 2411 359 2447 ὃς
391 2419 506 2445 vacua
537 2406 609 2454 ipsa
630 2415 724 2442 terra
755 2404 827 2449 est,
855 2411 895 2461 ut
918 2405 1077 2442 formam
1099 2417 1142 2444 ac

103 2463 262 2512 speciem
284 2460 391 2498 maris
409 2457 632 2496 intuentibus
650 2455 843 2503 praebeat,
869 2465 907 2491 m
930 2467 1006 2502 quo
1016 2467 1140 2513 neque

102 2515 269 2555 arbores.
297 2521 418 2559 neque
439 2509 557 2556 fruges
574 2506 669 2543 ullae
692 2504 897 2542 nascuntur.
925 2506 1014 2542 Non
1038 2518 1138 2544 enim

103 2564 150 2602 ad
173 2563 367 2612 planiciem
399 2568 541 2597 tantum
577 2553 766 2604 respexisse
792 2555 947 2593 Poe’tam
971 2583 981 2599 ‚
1017 2556 1077 2594 sed
1095 2556 1140 2595 ad

104 2615 326 2653 sterilitatem
349 2613 386 2648 ὃ(
406 2610 628 2646 vacuitatem
644 2606 756 2654 magis
767 2606 946 2643 existimo.
964 2608 1141 2645 Mrem..

106 2652 197 2703 Non
217 2665 296 2702 satis
314 2663 387 2700 hoe
408 2659 598 2708 adsequor.
632 2656 698 2694 nisi
720 2656 976 2704 reponendum
999 2658 1048 2694 est
1066 2658 1143 2695 for-

102 2714 189 2760 san,
217 2713 355 2752 aemula
366 2713 487 2760 forma
507 2707 610 2746 mari.
638 2706 686 2745 sic
704 2706 801 2755 apud
824 2707 1034 2746 Martialem
1048 2735 1061 2753 ‚
1088 2720 1143 2747 iv.

107 2775 171 2815 42.

159 2814 330 2856 Paestanis
349 2811 488 2851 aemula
511 2809 610 2847 labra
622 2806 712 2856 rosis.

101 2868 247 2906 Hms.
278 2865 380 2903 Nihil
400 2872 513 2901 muta.
532 2869 638 2899 antea
657 2868 775 2907 aperta
791 2871 883 2895 arva
902 2858 1064 2906 dixerat,
1092 2861 1140 2900 de

102 2918 233 2968 quibus
252 2916 326 2953 vid.
346 2915 391 2952 ad
416 2926 450 2950 v.
469 2912 580 2950 Trist.
602 2922 656 2949 iv.
674 2920 710 2957 9.
731 2909 767 2947 id
785 2910 832 2946 est
844 2910 1038 2957 planiciem
1053 2911 1139 2956 esse,

104 2968 143 3006 in
168 2979 240 3016 qua
277 2977 400 3014 neque
427 2964 569 3000 arbores
592 2989 602 3004 ‚
640 2970 701 2998 aut
732 2960 800 2997 alia
821 2960 936 2997 visum
958 2962 1138 3008 impedie-

101 3017 188 3055 bant
201 3044 210 3059 ‚
221 3028 341 3065 neque
358 3015 427 3053 ulla
438 3013 568 3051 oculos
583 3012 756 3048 varietate
777 3011 1004 3050 delectabant
1019 3027 1030 3056 ;
1045 3024 1139 3062 quae

105 3068 155 3106 est
175 3078 259 3103 vera
278 3068 399 3104 forma
422 3065 551 3106 maris,
580 3071 618 3099 ut
639 3061 727 3098 dicit
748 3072 794 3097 η.
816 3062 948 3098 Amor.
967 3074 1020 3102 xx.
1041 3076 1089 3102 11.

159 3137 240 3169 Non
259 3130 328 3166 illic
348 3129 467 3172 urbes,
495 3142 561 3165 non
586 3138 625 3163 tu
647 3126 814 3164 mirabere
827 3125 941 3175 stivas
954 3142 966 3165 .-

206 3185 282 3216 Una
299 3179 341 3224 ell
361 3180 477 3227 injusti
491 3179 628 3216 caerula
641 3180 761 3225 forma
783 3178 904 3217 maris.

106 3233 238 3272 Euam.

156 3294 218 3322 21.
245 3287 328 3319 Non
346 3278 427 3316 avis
445 3279 638 3331 obloquitur
650 3279 790 3330 sylvis,
816 3278 928 3331 nififi
943 3295 1012 3332 qua
1034 3294 1143 3321 remo-

286 3335 382 3370 Tam.
417 3335 482 3367 111.

2065 1616 2238 1692 Quod

1205 1745 1251 1785 tis
1267 1750 1456 1798 AEquoreas
1476 1758 1578 1787 rau'co
1595 1760 1738 1800 gutture
1754 1759 1843 1798 potet
1864 1754 2012 1804 aquas]
2051 1754 2242 1807 Exponoss

1205 1799 1287 1836 Nec
1310 1802 1384 1838 avis
1403 1801 1472 1838 ulla
1500 1802 1715 1849 obloquitur
1745 1802 1874 1851 sylvis,
1901 1806 1974 1843 hoc
1995 1807 2064 1852 est,
2093 1819 2239 1854 cantat,

1205 1849 1243 1885 &
1267 1861 1330 1897 per
1350 1852 1425 1888 hoc
1443 1852 1554 1888 etiam
1585 1851 1684 1899 degit
1705 1853 1741 1889 in
1761 1853 1889 1900 sylvis,
1917 1856 1980 1893 nisi
2005 1857 2028 1894 fi
2052 1871 2120 1908 qua
2144 1862 2242 1899 forte

1201 1898 1238 1937 in
1265 1902 1460 1942 extremis.
1489 1902 1526 1939 &
1549 1901 1592 1939 ab
1614 1902 1678 1940 usu
1707 1904 1905 1943 hominum
1936 1911 2087 1947 remotis
2108 1910 2240 1959 sylvis.

1201 1949 1275 1988 hoc
1298 1952 1344 1989 est
1358 1979 1368 1996 ,
1395 1953 1431 1989 in
1443 1951 1691 1991 solitudinibus
1704 1955 1867 2001 potando
1887 1969 2019 2006 aquarn
2036 1962 2211 2000 marinam
2227 1987 2243 2005 v

1203 1999 1278 2038 edit
1299 2001 1458 2040 sonitum
1479 2001 1638 2051 aliquem
1660 2012 1815 2051 gutture.
1846 2007 1899 2043 Ex
1928 2020 2005 2056 quo
2022 2010 2107 2046 illud
2130 2012 2239 2050 intel-

1199 2049 1261 2097 ligi
1284 2052 1398 2090 Poeta
1421 2052 1566 2090 videtur
1588 2053 1706 2098 velle,
1736 2055 1859 2094 Nullas
1879 2060 2037 2096 omnino
2057 2070 2140 2098 aves
2165 2063 2238 2100 illic

1201 2099 1272 2138 effe
1286 2131 1296 2148 ‚
1325 2111 1465 2151 praeter
1486 2103 1709 2148 maritimas,
1737 2117 1870 2154 easque
1892 2109 1985 2145 circa
2002 2112 2239 2150 extremalit-

1200 2159 1280 2189 tora
1301 2153 1338 2190 δε
1356 2153 1566 2191 solitudines
1587 2154 1715 2193 versari
1730 2164 1867 2205 ,atque
1890 2159 2130 2199 animadverti
2153 2170 2235 2200 tan-

1199 2208 1289 2242 tum.
1319 2205 1495 2241 Micru..
1534 2206 1609 2242 Aut
1625 2205 1834 2253 recipienda
1854 2207 2036 2247 distinffio
2063 2211 2205 2261 Micylli
2224 2242 2235 2257 ,

1199 2254 1382 2293 antiocus
1403 2263 1590 2303 corruptus
1610 2255 1668 2292 est.
1696 2267 1781 2294 nam
1807 2259 1885 2307 quis
1906 2271 2067 2308 unquam
2089 2263 2178 2300 vidit
2196 2265 2234 2302 in

1197 2306 1349 2343 remotis
1368 2305 1460 2343 silvis
1484 2317 1591 2343 avem
1613 2314 1738 2353 potare
1760 2319 1892 2357 aquam
1914 2312 2164 2358 aequoream?
2193 2315 2233 2351 δε

1197 2364 1383 2401 praeterea
1401 2355 1503 2403 saepe
1513 2357 1674 2404 queritur
1688 2357 1784 2395 Naso
1798 2386 1807 2403 ‚
1821 2359 1933 2397 nullas
1955 2363 2095 2400 arbores
2107 2361 2183 2405 esse.
2194 2364 2234 2402 in

1195 2404 1307 2450 loco,
1335 2418 1413 2455 quo
1442 2406 1605 2455 degebat.
1639 2419 1751 2456 quare
1773 2420 1843 2457 ego
1865 2411 2009 2449 mallem
2031 2413 2174 2461 legere,

1246 2476 1329 2508 Non
1345 2471 1426 2508 avis
1446 2470 1639 2521 obloquitur
1653 2499 1663 2515 ,
1683 2471 1787 2519 filvis
1805 2473 1913 2522 nisisi
1930 2489 1999 2522 qua
2020 2477 2147 2516 reliflis

1296 2527 1485 2572 AEquoreas
1501 2534 1603 2558 rauco
1617 2532 1760 2570 gutture
1774 2533 1871 2572 potat
1889 2538 2010 2574 aquas.

1195 2584 1305 2623 verba
1332 2585 1392 2623 illa
1421 2587 1561 2623 remotis
1592 2587 1629 2623 &
1657 2587 1779 2625 relictis
1797 2588 1900 2636 saepe
1927 2591 2089 2630 confusa.
2116 2590 2230 2631 telin-2

1196 2644 1315 2683 quunt
1336 2648 1426 2674 vero
1448 2636 1549 2674 filvas
1571 2637 1609 2675 ὅ(
1626 2638 1890 2677 mediterranea
1913 2651 1997 2678 aves
2020 2643 2153 2692 frigore
2173 2644 2232 2682 in·

1193 2694 1349 2735 gruente
1371 2715 1382 2730 ‚
1414 2694 1455 2726 ut
1485 2689 1593 2724 maris
1622 2699 1754 2737 aquarn
1777 2717 1788 2733 ‚
1823 2702 1918 2739 quae
1937 2702 2015 2730 non
2045 2701 2120 2731 tam
2153 2694 2231 2732 cito

1195 2737 1440 2785 congelascit,
1469 2738 1602 2776 bibant.
1627 2739 1730 2787 qued
1761 2741 1798 2777 &
1818 2753 1885 2779 nos
1911 2745 2107 2792 quotannis
2129 2743 2234 2791 videf

1195 2799 1288 2826 mus.
1314 2788 1508 2838 alloquitur
1526 2788 1585 2825 sex
1607 2788 1697 2828 libri.
1722 2789 1855 2829 Eunu.

1247 2863 1306 2901 22..
1336 2859 1527 2902 AEquoreas
1549 2866 1649 2890 rauco
1663 2865 1806 2903 gutture
1824 2865 1915 2904 potet
1934 2858 2085 2909 aquas]
2134 2860 2231 2900 Scri*

1194 2901 1357 2939 bendum
1378 2903 1449 2945 est,
1472 2912 1590 2952 potat.
1621 2906 1739 2943 modo
1759 2907 1973 2946 indicativo.
2010 2919 2094 2948 nam
2120 2911 2232 2956 illud,

1195 2951 1324 3000 nififi,
1352 2953 1447 2999 apud
1479 2953 1593 2992 Ovid.
1613 2954 1754 3000 semper
1774 2968 1858 2995 cum
1890 2960 1964 2996 hoc
1995 2961 2234 3010 modojungi

1193 3002 1294 3040 solet.
1323 3004 1485 3041 Fame.
1518 3009 1613 3041 Petet
1632 3007 1749 3045 multi.
1784 3006 1883 3046 Vide
1905 3010 2022 3049 Notas
2044 3011 2153 3061 Epist.
2173 3024 2231 3050 xv.

1194 3052 1248 3096 Ji's.
1271 3065 1335 3092 ιιι.
1363 3055 1504 3092 ΗειΝς.

1247 3127 1310 3166 23.
1338 3116 1528 3167 Horrent.]
1559 3124 1709 3156 Haerent
1730 3118 1806 3159 duo
1827 3121 1919 3161 libri.

1249 3194 1310 3226 ις.
1334 3182 1541 3233 pulsatura]
1572 3184 1730 3229 Pulfetur
1752 3198 1854 3225 unns.
1876 3188 2036 3237 cingatur
2055 3188 2154 3225 alius.

1248 3235 1308 3271 26.
1336 3232 1562 3283 TinHaque.]
1611 3237 1783 3284 ‘sanaque
1805 3238 1956 3278 Moreti.
1981 3237 2077 3275 caede
2096 3235 2229 3284 sagitta

1198 3283 1343 3333 Junian.
1364 3295 1482 3321 manet
1504 3286 1617 3323 ctiam
1636 3286 1782 3336 Regius.

1372 3335 1406 3372 K
1417 3335 1440 3373 k
1452 3335 1475 3372 k
1486 3335 1509 3374 k
1520 3335 1545 3374 k

2019 3345 2079 3382 ιγ.
2105 3336 2226 3385 Qum
