2495 3675
236 209 385 265 :aaa
746 181 805 241 P.
875 178 934 238 o
971 172 1306 237 v1n11

1380 169 1909 237 NASONIS

398 306 463 358 25
542 285 975 359 Dardaniamque
1002 283 1137 355 petit
1165 277 1391 335 auetoris
1416 293 1614 333 nornen
1641 276 1956 347 habentem,

624 359 695 415 Et
724 374 777 415 te
807 358 1063 418 ruricola,
1103 351 1420 424 Lampsace,
1460 365 1573 404 tuta
1598 348 1738 406 Deo,

552 434 786 507 Quaque
809 450 902 505 per
929 427 1164 500 angustas
1191 422 1372 478 reciae
1401 425 1536 478 male
1561 424 1778 495 virginis
1801 424 1967 481 undas

626 506 812 562 Seston
839 502 1104 573 Abydena
1128 500 1326 570 separat

1354 496 1485 552 urbe
1512 496 1548 551 fx
1563 509 1727 551 etum.

555 580 816 648 Hincque
845 572 1212 644 Propontiacis
1239 569 1549 625 haerentem
1572 570 1819 642 Cyzicon
1846 569 1983 634 oris;

409 674 476 722 30

259 870 346 908 velo
369 867 544 908 deductus
573 864 662 903 dum
685 860 869 900 velificant
898 860 984 898 navi
1008 858 1182 908 alligatus.
1236 856 1307 895 Sed

261 922 323 959 hic
342 920 489 969 ponitur
512 928 589 967 pars
621 927 686 964 pro
710 922 804 951 toto.
848 911 1033 949 Catullus:
1063 908 1307 958 Simulfecun-

260 973 326 1008 dus
347 970 512 1018 incid1ſjee
531 969 569 1004 in
585 967 715 1016 pedem.
746 966 785 1002 &
815 963 950 1001 Maro:
980 967 1054 998 Una
1073 973 1186 998 omnes
1196 961 1308 1006 ficere

253 1022 386 1073 pedem.
417 1022 607 1058 Manum,
644 1017 756 1054 Hunc
776 1014 903 1051 locum
930 1012 1097 1055 Merula,
1118 1022 1203 1049 cum
1227 1011 1306 1048 sen-

257 1074 396 1111 tentiae
415 1071 497 1111 snae
517 1070 562 1108 de
583 1067 719 1107 duabus
732 1064 884 1103 navibus
898 1092 909 1109 ‚
927 1064 972 1102 de
992 1074 1064 1113 qua
1085 1062 1106 1100 a
1129 1062 1310 1111 principio

260 1124 526 1166 meminimus,
553 1129 754 1168 repugnare
778 1116 940 1154 videret:
968 1114 1105 1163 pedem
1125 1125 1192 1163 pro
1206 1113 1310 1157 sune,

257 1187 336 1224 quo
357 1174 436 1211 vela
455 1174 605 1210 navium
628 1176 821 1218 reguntur:
845 1178 993 1215 campos
1010 1174 1135 1202 antem
1160 1176 1226 1213 pro
1249 1175 1311 1201 ae-

258 1237 378 1275 quore
398 1224 472 1262 five
495 1223 586 1261 mari
604 1219 783 1269 exposuit.
812 1219 1026 1265 Utrumque
1046 1216 1193 1254 duriore
1215 1213 1310 1263 figu-

258 1288 307 1315 ra.
346 1276 398 1313 At
419 1274 445 1312 fi
467 1275 615 1312 alteram
646 1269 919 1319 expositionem
948 1267 1127 1316 recipias,
1164 1266 1209 1303 de
1237 1277 1308 1303 una

256 1327 369 1371 navi,
396 1337 514 1374 eaque
542 1324 616 1362 sola
646 1333 740 1370 quae
762 1321 899 1359 Poe'tae
922 1319 991 1356 fuit
1014 1345 1024 1363 ,
1062 1329 1134 1366 qua
1166 1317 1238 1353 hoc
1266 1317 1304 1353 in

255 1378 343 1416 loco
361 1376 482 1415 relicta
497 1404 507 1420 ‚
536 1376 573 1413 in
593 1383 726 1413 terram
741 1369 895 1420 egressus
913 1370 971 1407 ille
985 1397 995 1414 ‚
1022 1369 1204 1417 reliquum
1223 1368 1305 1411 iter,

255 1437 319 1466 aut
340 1435 476 1476 partem
495 1426 621 1465 saltem
645 1452 656 1470 ,
693 1435 755 1472 per
777 1422 976 1460 Thraciam
1005 1421 1135 1458 itinere
1153 1418 1307 1456 terrestri

255 1480 386 1519 fecerit
407 1491 416 1516 ε
453 1478 512 1516 sua
532 1488 574 1515 ac
607 1474 752 1525 propria
780 1471 995 1523 significatio
1017 1471 1135 1508 verbis
1157 1477 1305 1513 manet,

254 1541 379 1580 neque
420 1528 539 1566 versus
576 1527 648 1576 ipse
686 1525 886 1576 quicquam
929 1522 1148 1560 difficultatis
1187 1520 1309 1559 habet.

255 1583 500 1630 Quamquam
521 1578 603 1617 alias
622 1577 714 1615 circa
734 1577 832 1613 hunc
850 1575 977 1612 locum
993 1573 1117 1622 blegia
1138 1571 1209 1621 ipsa
1232 1582 1311 1609 ma-

258 1635 360 1670 xime
381 1631 552 1680 perplexa
569 1637 680 1677 atque
702 1625 879 1676 impedita
912 1624 983 1670 est,
1011 1623 1049 1662 id
1071 1623 1174 1674 quod
1191 1622 1309 1663 statim

253 1683 350 1722 infra
371 1681 519 1731 patebit.
548 1681 728 1718 chrtr..

312 1765 372 1798 24.
400 1748 686 1798 Hellespontiacas
707 1745 771 1784 illa
791 1744 932 1796 reliquit
951 1743 1102 1795 aquam]
1135 1744 1225 1782 Non
1245 1753 1309 1793 pa-

257 1815 344 1843 rum
364 1800 583 1840 difficultatis
602 1799 713 1837 etiam
733 1797 794 1835 hic
813 1796 930 1835 versus
940 1797 1072 1838 habet,
1100 1794 1307 1844 praesertim

260 1856 298 1893 in
320 1853 434 1891 verbo
462 1849 705 1899 Relinquendi.
749 1847 849 1886 Nam
876 1858 955 1896 quo
978 1846 1095 1884 modo
1119 1845 1284 1884 dicamus
1299 1873 1310 1890 ‚

251 1916 396 1944 --navem
413 1930 424 1947 ‚
451 1913 547 1950 quae
576 1899 798 1939 Dardaniam
822 1897 997 1947 petebat,
1034 1898 1071 1935 in
1092 1896 1173 1945 ipfiS
1193 1897 1310 1935 fauci-

259 1956 326 1995 bus
349 1952 582 2002 Hellesponti
612 1950 714 1989 fitam
737 1977 748 1994 ,
784 1948 1068 1998 Hellespontum
1098 1946 1309 1996 reliquisse?

259 2008 342 2046 Aut
365 2006 472 2055 igitur
490 2003 654 2042 dicamus
668 2030 679 2047 ,
705 1999 825 2039 deesse
845 2000 932 2038 loco
955 2000 1042 2037 huic
1061 1998 1199 2047 aliquid
1214 1999 1310 2043 ,hoc

257 2057 334 2102 est,
364 2056 506 2094 versum
534 2065 648 2092 unum
681 2060 793 2102 atque
821 2051 975 2089 alterum
1006 2049 1220 2088 desiderari:
1249 2058 1312 2088 aut

260 2109 329 2159 ipfi
351 2107 468 2146 versui
494 2106 582 2143 huic
611 2103 741 2141 vitium
763 2099 886 2140 inesse.
921 2103 959 2139 ὃ(
987 2112 1054 2150 pro
1085 2100 1199 2138 verbo
1224 2100 1314 2137 Reli-

265 2159 369 2210 quit„
397 2156 512 2205 relegit
541 2162 603 2194 aut
634 2153 749 2192 fimile
777 2152 915 2202 aliquid
936 2151 1194 2201 reponendum
1214 2150 1285 2189 efle
1303 2179 1314 2195 ,

263 2219 306 2250 ut
329 2209 369 2247 sit
388 2207 585 2247 sententia:
614 2206 697 2255 Ego
718 2204 870 2254 quidem
885 2215 949 2252 per
970 2214 1121 2250 campos
1133 2202 1315 2241 Bistonios

263 2259 443 2311 proficisci
465 2259 637 2305 deinceps
657 2254 845 2294 constitui:
874 2255 933 2292 illa
953 2262 1077 2291 autem
1102 2254 1227 2301 (navis
1249 2252 1315 2292 sci·

262 2311 366 2359 licet)
396 2308 627 2358 Hellesponti
640 2306 767 2355 relegit
786 2304 860 2343 five
873 2305 1043 2355 repetivit
1055 2315 1187 2353 aquas,
1201 2313 1314 2343 trans·

265 2362 394 2402 eundo
412 2360 546 2399 scilicet
563 2360 599 2396 in
621 2357 791 2395 dextrum
819 2354 913 2394 latus
935 2383 946 2400 ,
974 2355 1012 2393 ὃ(
1035 2354 1198 2403 petendo
1220 2356 1315 2393 Dar-

266 2411 413 2452 daniam
426 2411 473 2450 in
494 2409 575 2459 ipfis
595 2406 896 2452 faucibussitam,
919 2407 990 2445 &c.
1019 2410 1096 2444 Aut
1115 2414 1211 2444 certe
1227 2406 1319 2444 Hel·

265 2463 422 2512 lesponti
452 2472 594 2500 nomen
615 2460 666 2497 ita
684 2457 941 2507 accipiendum
957 2485 967 2502 ,
996 2464 1035 2495 ut
1068 2468 1151 2494 eam
1172 2465 1318 2495 tantum

270 2515 380 2553 maris
398 2521 537 2562 partem
558 2510 754 2560 significet,
781 2520 878 2559 quae
900 2508 987 2546 citra
1014 2509 1136 2546 fauces
1154 2508 1215 2545 est.
1269 2508 1318 2546 Et

267 2565 320 2604 sic
339 2565 438 2603 reete
455 2562 668 2610 intelligitur
688 2558 870 2611 reliquisse
891 2558 1174 2608 Hellespontum
1198 2560 1317 2604 navis,

271 2627 366 2664 quae
385 2627 433 2653 eo
456 2614 538 2663 jam
565 2614 732 2663 superato
754 2640 764 2657 ,
800 2611 889 2660 ipsas
916 2611 1039 2648 fauces
1065 2607 1215 2658 ingrefl'a
1237 2610 1318 2648 fuit.

273 2667 373 2704 Nam
401 2674 441 2704 ut
467 2664 621 2703 verbum
653 2662 812 2714 Reliquit
834 2690 844 2706 ‚
881 2660 1033 2710 figurate
1062 2671 1316 2709 exponamus,

273 2728 340 2765 pto
361 2729 407 2754 eo
427 2717 531 2766 quod
549 2715 774 2763 est,·C0epit
794 2712 961 2761 superare
979 2710 1096 2749 velle:
1124 2718 1320 2748 conatum-

273 2777 347 2815 que
374 2768 425 2804 rei
447 2779 514 2816 pro
543 2766 613 2815 ipsa
642 2765 791 2803 afflone
817 2762 1039 2810 accipiamus
1060 2789 1071 2806 ,
1109 2761 1230 2799 durius
1252 2760 1317 2798 ali-

278 2824 444 2861 quanto,
472 2818 629 2865 opinor,
655 2816 777 2854 fuerit.
824 2814 1024 2851 Caeterum
1048 2812 1148 2850 hunc
1175 2811 1319 2850 versum

277 2867 423 2904 Merula
439 2895 448 2911 ,
475 2868 520 2905 ad
542 2878 675 2905 navem
698 2866 795 2903 illam
824 2865 973 2902 alteram
990 2892 1000 2908 ,
1029 2864 1206 2901 comitem
1230 2865 1324 2911 po'e'-

277 2925 336 2956 tae
355 2918 464 2955 refert
486 2931 495 2954 2
533 2915 852 2965 quemadmodum
880 2916 918 2952 &
944 2914 1167 2964 superiorem
1197 2913 1324 2959 illum,

280 2975 359 3006 *Hac
381 2967 558 3003 deminum
582 2979 679 3004 terius
700 2967 743 3014 est
769 2967 833 3003 illa
862 2968 978 3012 secuta
990 2967 1111 3015 suum.
1157 2965 1256 3009 Hic,
1284 2973 1324 3002 ut

282 3019 452 3063 videtur,
479 3018 615 3055 itineris
635 3019 798 3060 ratione,
827 3018 864 3054 &
893 3018 996 3065 quod
1014 3017 1112 3054 littus
1131 3015 1325 3054 dexterum

283 3071 399 3118 repeti
420 3068 589 3112 videbat,
616 3067 821 3104 adductus:
859 3066 931 3104 illic
952 3068 1104 3115 persona
1132 3067 1234 3105 verbi
1265 3065 1329 3104 de-

284 3128 411 3168 ceptus
433 3119 588 3166 opinor,
616 3117 716 3165 quod
730 3128 797 3163 pro
820 3117 937 3163 prima
958 3118 1107 3165 persona
1122 3146 1131 3162 ‚
1159 3120 1273 3155 Poeta
1284 3117 1331 3156 de

284 3169 416 3218 seipso
440 3168 542 3207 tertia
573 3168 652 3204 usus
674 3167 746 3210 est,
773 3167 845 3203 hoc
876 3166 948 3211 est,
976 3180 1044 3214 pro
1064 3180 1110 3205 eo
1138 3168 1242 3217 quod
1277 3168 1331 3207 di-

287 3220 447 3259 cendum
468 3227 554 3256 erat.
590 3216 780 3254 Hacienus
812 3228 874 3254 me
902 3218 1003 3254 navis
1032 3229 1114 3254 mea
1141 3219 1330 3266 prosecuta

283 3272 360 3316 est,
386 3271 477 3308 dixit
497 3298 506 3313 ‚
536 3271 710 3306 flattena:
729 3267 911 3305 dominum
934 3271 1040 3315 suum
1059 3268 1124 3304 illa
1138 3269 1256 3315 secuta
1278 3271 1332 3317 est,

282 3325 466 3377 Maeui..
495 3319 743 3361 Medonianus
762 3347 773 3367 ,
804 3320 932 3369 relegis„
960 3328 1072 3369 puto,
1095 3320 1245 3369 peregit,
1271 3334 1333 3363 aut

623 650 897 724 Cyzicon,
934 644 1275 702 Haemoniae
1300 643 1479 699 nobile
1501 644 1679 716 gentis
1706 660 1866 716 opus:

2227 782 2232 787 .
2263 725 2409 800 Qua-

1364 856 1455 907 quid
1478 855 1605 895 fimile.
1632 867 1719 895 narn
1740 856 1939 907 quomodo
1952 857 2098 910 reliquit
2110 859 2411 914 Hellespontum,

1363 920 1459 966 quae
1485 908 1710 946 Dardaniam
1733 910 1770 946 ὃ(
1794 909 2039 958 Lampsacum
2069 912 2107 949 &
2133 912 2312 963 Abydum
2335 945 2345 961 ‚
2371 920 2410 958 in

1363 959 1445 1007 lpfiS
1459 958 1690 1006 Hellesponti
1711 959 1875 998 faucibus
1894 960 1997 1006 fitas,
2023 961 2163 1002 aditura
2184 964 2253 1005 sit?
2267 968 2411 1010 Herus.

1365 1010 1448 1059 Ego
1469 1021 1547 1048 non
1571 1010 1701 1048 dubito
1715 1038 1726 1056 ,
1752 1010 1868 1060 relegit
1887 1011 1958 1050 effe
1988 1013 2188 1061 legendum
2205 1044 2214 1060 ‚
2241 1028 2328 1057 nam
2349 1031 2413 1059 an-

1365 1070 1424 1100 tea
1452 1073 1537 1099 cum
1572 1059 1726 1099 venisset
1755 1062 1801 1098 ad
1827 1063 1955 1101 urbem
1985 1063 2060 1102 five
2093 1066 2269 1106 Hectoris
2290 1097 2300 1115 ,
2338 1070 2411 1111 five

1366 1113 1515 1169 Acioris
1537 1139 1548 1155 ,
1585 1122 1680 1168 quae
1710 1123 1788 1150 non
1817 1112 1930 1162 longe
1960 1115 2003 1152 ab
2030 1116 2275 1166 Hellesponto
2307 1120 2414 1163 debet

1362 1163 1488 1207 statui,
1518 1162 1619 1200 flexit
1639 1174 1674 1200 in
1693 1162 1841 1201 laevum
1871 1164 1990 1203 versus
2010 1166 2300 1215 Samothracen,
2327 1173 2412 1213 inde

1361 1215 1568 1263 trajiciente
1599 1212 1743 1251 Ovidio
1772 1215 1808 1251 in
1831 1214 2033 1254 Thraciam
2048 1245 2057 1261 ,
2087 1218 2145 1257 illa
2165 1222 2267 1259 navis
2287 1223 2412 1274 relegit

1359 1265 1429 1302 iter
1447 1263 1567 1302 versus
1600 1264 1902 1314 Hellespontum.
1930 1279 2020 1306 cave
2049 1278 2174 1307 autem
2205 1272 2347 1321 releget,
2374 1275 2413 1314 &

1354 1324 1447 1365 petet
1474 1326 1566 1353 mox
1596 1326 1751 1363 reponas
1774 1343 1786 1362 ,
1822 1328 1870 1356 ne
1896 1317 1936 1356 in
1967 1318 2111 1369 Legem
2133 1321 2284 1362 Pediarn
2312 1325 2411 1366 Naso

1360 1374 1502 1416 peccet.
1530 1365 1610 1404 Eun
1623 1379 1663 1404 M.

1413 1429 1475 1484 26..
1503 1429 1724 1480 Lampfizce.]
1756 1432 2005 1482 Lampsacus,
2032 1443 2071 1475 ut
2091 1437 2212 1478 scribit
2230 1439 2415 1482 Marcelli-

1363 1489 1432 1516 nus
1447 1479 1540 1517 libro
1572 1493 1669 1519 xx11.
1696 1481 1943 1523 Themistocli
1971 1485 2076 1526 dono
2105 1487 2188 1528 data
2208 1490 2257 1529 est
2286 1490 2307 1529 a
2329 1505 2415 1543 rege

1365 1529 1564 1569 Persarum.
1599 1531 1699 1570 Vide
1719 1544 1906 1583 praeterea
1937 1547 2034 1586 quae
2053 1539 2185 1590 collegi
2207 1541 2246 1580 in
2264 1542 2326 1583 lib.
2348 1543 2436 1584 Fa-'

1365 1579 1517 1620 storum.
1544 1582 1714 1621 CrorAN.

1419 1634 1480 1671 26.
1507 1633 1639 1684 Tutus]
1669 1634 1779 1672 Culta
1801 1637 1941 1676 Moreti
1963 1639 2002 1676 &
2020 1649 2181 1690 quatuor
2198 1642 2270 1681 alii.

1418 1696 1478 1731 27.
1506 1684 1698 1742 Quaqua]
1729 1688 1900 1740 {Quodque
1921 1689 2036 1729 Servii
2058 1693 2096 1730 ὃ(
2118 1693 2416 1748 Hamburg.qm‘-

1366 1749 1431 1786 que
1451 1736 1624 1774 Leidens.
2412 1739 2416 1743 ’

1416 1798 1477 1834 29,
1504 1787 1660 1836 Cyzicon
1680 1787 1784 1838 oria]
1813 1789 1910 1828 Puto
1929 1790 2159 1832 scribendum
2175 1823 2186 1839 ,
2215 1797 2416 1847 Propontia-

1366 1837 1411 1875 cis
1423 1842 1620 1887 surgentem
1638 1841 1805 1888 Cyzicon.
1842 1852 1928 1879 nam
1962 1843 2000 1881 in
2029 1844 2200 1885 adscensu
2221 1848 2322 1888 collis
2351 1848 2414 1890 sita

1365 1897 1454 1927 erat.
1482 1889 1566 1928 Val.
1587 1889 1735 1929 Flaccus
1753 1890 1813 1929 lib.
1834 1903 1880 1930 11.

1417 1958 1492 1991 Nec
1508 1952 1626 2011 procu-l
1642 1955 1691 1991 ad
1709 1956 1823 1993 tenuis
1838 1955 1952 2007 surgit
1973 1959 2123 2008 confinia
2135 1963 2238 2013 ponti

1415 2005 1511 2063 Urbs·
1523 2004 1669 2054 placidis
1690 2006 1830 2057 demissa
1839 2008 1946 2058 jugis.
1987 2023 2050 2050 rex
2070 2012 2197 2053 divitis
2214 2016 2292 2067 agri

1417 2060 1582 2105 Cyzicus.

1368 2121 1440 2191 Sed
1460 2122 1499 2160 &
1520 2121 1744 2171 Apollonius
1757 2123 1925 2165 Rhodius
1940 2127 1979 2166 in
1998 2128 2078 2179 ejus
2094 2128 2361 2181 descriptione:

1415 2178 1496 2225 Ἐςι
1514 2181 1556 2245 {e'
1579 2197 1633 2246 τις
1652 2185 1780 2224 οεῖπεῖοι
1801 2191 2041 2234 Προποντίδος
2060 2191 2163 2230 ἔνδοθι
2181 2195 2294 2243 νῆσος,
2359 2182 2362 2184 v

1421 2235 1558 2296 T'v‘tqou
1577 2235 1653 2272 aab
1676 2238 1826 2282 Φρυγὶκς
1848 2241 2047 2282 πολυληῖον
2065 2242 2214 2290 ἠπείροιο
2227 2274 2238 2290 .

1422 2288 1483 2347 Εἲς
1505 2284 1582 2346 dms
1603 2290 1800 2333 κεκλιμένη
1814 2317 1824 2333 ,
1850 2289 1946 2327 ἕσσον
1968 2292 2004 2328 τ’
2020 2291 2232 2340 ἐπιμύρεται
2248 2296 2368 2346 ἶσθμδς

1421 2340 1542 2401 Ξζερσιρ)
1559 2342 1750 2382 επιπρκνῆς
1767 2342 2025 2387 uxamia-evoe·
2055 2343 2092 2381 ἐν
2115 2345 2156 2383 δὲ
2176 2349 2209 2385 οἱ
2227 2349 2343 2390 linem

1436 2386 1655 2435 Λμφιδυμοι.
1677 2392 1816 2428 κεῖνται
1834 2393 1866 2428 δ’
1890 2393 1976 2440 ὑπὲρ
1998 2393 2126 2442 ὕδατος
2147 2398 2327 2441 Αἰσήποιο.

1375 2454 1492 2494 Βεέὶε
1512 2464 1636 2495 autem
1664 2456 1795 2503 addit,
1839 2461 2052 2500 Haemoniae
2077 2465 2190 2512 gentis
2215 2476 2305 2516 opus.
2330 2480 2418 2510 nam

1373 2507 1417 2544 ab
1437 2506 1565 2545 AEneo
1588 2507 1766 2566 Thessalo
1796 2509 1927 2560 Cyzici
1958 2522 2059 2561 parte
2079 2516 2295 2557 exstinetam
2318 2519 2421 2560 fuifl'e

1373 2570 1441 2596 nos
1470 2558 1581 2615 docet
1611 2559 1825 2599 Scholiastes
1853 2563 2060 2611 Apollonii.
2095 2570 2263 2616 quamvis
2292 2571 2350 2610 alii
2376 2571 2420 2610 ab

1373 2619 1583 2658 argonautis
1613 2610 1831 2650 exstructam
1859 2613 1963 2652 fuiffe
1993 2619 2255 2664 contendunt,
2303 2623 2356 2660 uti
2382 2622 2422 2661 &

1375 2660 1509 2697 Noster
1534 2661 1608 2698 hoc
1636 2661 1736 2701 loco.
1782 2663 1912 2702 Euseb.
1943 2666 1980 2704 in
2012 2666 2202 2707 Chronico
2232 2671 2421 2712 conditam

1375 2711 1486 2766 refert
1503 2710 1547 2748 ad
1567 2723 1706 2751 annum
1729 2726 1873 2753 nccxr..
1913 2715 2035 2755 Posset
2067 2718 2107 2755 δε
2135 2733 2332 2769 vergentem
2350 2723 2422 2773 legi

1374 2772 1412 2798 in
1437 2760 1595 2799 Nasone.
1627 2764 1723 2802 Nam
1745 2765 1929 2805 declivem
1942 2767 2109 2808 Valerius
2131 2770 2308 2813 describit.
2329 2785 2422 2824 quo·

1376 2811 1496 2849 modo
1517 2812 1612 2861 apud
1633 2814 1851 2854 Lucanum:
2408 2814 2423 2821 ⁴

1433 2876 1548 2925 Illyris
1573 2875 1689 2913 ronias
1708 2890 1849 2924 vergens
1870 2877 2067 2926 Epidaurus
2089 2881 2128 2918 in
2146 2883 2273 2923 undas.

1381 2937 1477 2987 apud
1497 2936 1691 2975 Sidonium
1714 2936 1941 2985 Panegyrico
1963 2938 2187 2988 Majoriani:

1433 3010 1490 3042 At
1503 3006 1540 3052 fi
1563 3003 1733 3041 Lucrinas
1751 3017 1821 3054 qua
1832 3005 1943 3055 vergit
1954 3011 2095 3046 Gaurus
2112 3008 2150 3046 in
2170 3012 2299 3051 undas:

1386 3065 1589 3104 Caesariib.
1609 3068 1730 3115 primo
1750 3067 1838 3106 neni
1860 3069 2011 3114 Civilis,
2038 3069 2083 3106 ab
2101 3071 2214 3120 oppido
2234 3085 2353 3112 amm
2370 3055 2440 3112 de?

1385 3117 1487 3154 clivis
1516 3116 1604 3153 locus
1635 3117 1733 3154 tenui
1750 3119 1888 3168 fastigio
1916 3119 2089 3168 vergebat.
2145 3122 2204 3161 Sic
2224 3126 2261 3162 ὃς
2293 3126 2425 3164 Plinius

1386 3168 1431 3224 d?
1447 3167 1597 3204 Atlante
1620 3177 1750 3206 monte
1764 3196 1774 3213 ,
1804 3173 1897 3219 asper
1919 3180 1963 3209 ω’
1977 3172 2142 3220 squalens
2162 3187 2232 3222 qua
2252 3176 2361 3224 vergit
2377 3173 2428 3213 ad

1386 3219 1506 3274 ltftora
1525 3220 1662 3256 Oceani.
1712 3219 1770 3256 Sic
1801 3221 1838 3256 ὅ(
1867 3233 2002 3268 vergere
2028 3223 2065 3259 ἃ
2085 3224 2262 3273 devergere
2277 3225 2426 3275 flumina

1388 3270 1559 3324 dicuntur
1579 3270 1674 3317 apud
1687 3270 1974 3317 agrimensores,
1995 3280 2033 3310 ut
2054 3272 2127 3311 illic
2147 3274 2290 3314 schidae
2309 3276 2426 3314 Arce-

1389 3331 1533 3367 nanae,
1561 3332 1638 3360 cum
1653 3323 1788 3375 summa
1809 3321 1875 3376 locq
1893 3334 1989 3375 aqua
2013 3323 2051 3364 in
2072 3325 2269 3373 inferiorem
2290 3335 2426 3378 partem

2370 3376 2428 3414 de-
