2495 3675
221 188 321 257 766

690 178 752 235 P.
827 152 1846 262 ovtD11NAs‘o-Nis

520 277 596 334 Ut
619 278 728 336 fera
753 279 996 336 nimboso
1020 287 1331 332 tumuerunt
1360 289 1593 345 aequora
1621 288 1787 329 vento
1805 313 1819 339 ,

595 352 653 407 In
677 353 866 410 mediis
892 355 1062 408 lacera
1087 366 1264 420 puppe
1289 347 1564 419 relinquor
1589 348 1754 420 aquis,

531 425 783 499 Cumque
812 426 895 479 alii
923 423 1093 478 nolint
1120 421 1281 474 etiarn
1309 437 1397 474 me
1421 418 1567 474 noffe
1592 421 1793 485 videri,

388 517 455 565 30

600 498 712 553 vix
736 500 845 552 duo
871 493 1109 567 projecto
1134 506 1317 548 tresve
1344 493 1528 547 tulistis
1557 510 1735 566 opem.

529 573 777 645 Quorum
807 582 864 631 tu
889 569 1166 639 princeps:
1189 583 1289 620 nec
1316 565 1459 620 enirn
1487 583 1672 621 comes
1699 565 1829 630 effe,
1869 567 1958 622 sed
1982 556 2185 631 auelor,

601 644 715 696 Nec
742 653 925 709 petere
949 640 1255 711 exemplum
1275 682 1286 700 ,
1329 637 1418 692 sed
1444 638 1569 692 dare
1599 639 1791 711 dignus
1818 658 1946 695 eras,

533 714 649 776 Te,
686 713 817 768 nihil
840 731 910 768 ex
938 712 1086 776 aci0,
1123 712 1214 766 nisi
1239 728 1348 765 non
1375 709 1610 782 peccasse
1636 712 1903 767 ferentem

606 786 811 858 Sponte
836 787 921 840 sua
946 785 1178 857 probitas
1203 781 1558 856 officiumque
1580 785 1779 853 juvant.

390 871 459 926 35'
522 857 714 928 Judice
740 872 794 914 te
823 859 1078 913 mercede
1105 871 1250 912 caret
1268 897 1282 921 ‚
1320 875 1416 929 per
1439 857 1599 929 seque
1625 857 1859 929 petenda
1887 858 1962 914 est

608 930 861 986 Externis
886 932 1052 987 virtus
1077 931 1389 986 incomitata
1412 930 1581 986 boniS.

301 1197 359 1234 26.
389 1200 487 1233 Dum
506 1193 621 1245 flavit
648 1192 777 1244 velia]
840 1194 947 1232 Favit
975 1194 1048 1243 legi
1070 1193 1295 1243 praestiterit.

249 1249 337 1286 ‘hinc
356 1248 455 1284 venti
467 1248 633 1293 faventes
662 1244 787 1293 passim
810 1246 908 1294 apud
922 1249 1072 1294 poetas.
1100 1244 1244 1281 Hmns.

300 1319 363 1354 27.
393 1313 609 1344 Tumuerunt
630 1319 778 1356 aequora
798 1306 945 1356 vento.']
984 1308 1092 1344 Unus
1113 1304 1215 1343 Voff.
1234 1318 1290 1341 no-

249 1358 321 1396 tho.
352 1370 444 1396 unus
478 1358 667 1396 Hafniens.
697 1357 823 1396 morbo.
861 1358 995 1403 Forte,
1025 1363 1122 1394 Coro.
1152 1357 1295 1394 Hmns.

249 1410 340 1447 Non
369 1409 508 1446 damno
541 1409 695 1446 verbum
719 1419 940 1446 tumuerunt.
975 1408 1077 1457 quod
1101 1409 1136 1445 in
1167 1408 1236 1445 hac
1254 1419 1293 1444 re

253 1460 406 1497 obvium
431 1475 441 1502 ;
478 1459 537 1497 sed
568 1469 694 1497 tamen
719 1459 778 1496 vix
809 1469 900 1508 puto
924 1472 944 1497 a
972 1460 1117 1498 librario
1140 1456 1296 1507 potuisse

249 1509 427 1559 proficisci
447 1510 669 1555 leffionem,
702 1521 814 1558 quam
835 1511 984 1549 exhibet
1016 1510 1212 1547 Vomanus
1233 1521 1298 1546 co—

252 1561 323 1598 dex
338 1589 347 1605 ,
376 1571 564 1597 tonuerunt
586 1574 735 1611 aequora
757 1572 875 1598 vento.
909 1561 954 1599 de
974 1574 1051 1610 quo
1077 1562 1189 1598 verbo
1214 1560 1298 1597 vide

252 1611 383 1649 Heins.
404 1612 450 1649 ad
471 1624 496 1649 1.
526 1612 619 1649 Met.
645 1612 725 1657 187.
752 1612 790 1649 δε
812 1611 857 1649 ad
872 1612 1001 1649 Claud.
1022 1614 1136 1659 Nupt.
1149 1612 1298 1648 Honor.

256 1672 338 1710 132.
368 1661 414 1699 fic
439 1662 533 1710 apud
559 1662 686 1699 Silium
707 1661 789 1700 Ital.
808 1662 867 1699 lib.
889 1675 942 1699 1v.
967 1662 1052 1711 640.
1085 1662 1146 1699 ubi
1170 1662 1299 1710 vulgo,

256 1714 429 1749 intumuit
450 1713 580 1750 Trebia.
614 1713 791 1750 Heinfiin
815 1713 1099 1760 Mssrepperit,
1129 1711 1299 1757 intonuit,

261 1763 365 1812 quod
384 1764 591 1812 sequentia,
597 1764 691 1809 furit
715 1762 811 1799 unda
826 1763 958 1811 sonoris
970 1761 1178 1807 Vorticibus,
1209 1774 1301 1800 con-

263 1814 423 1851 firmant.
446 1815 483 1850 in
505 1814 742 1851 codicePetr.
765 1814 861 1850 Dan.
888 1822 962 1850 erat
977 1823 1187 1857 ‚tenuerunt
1205 1812 1225 1850 ἒι
1249 1825 1300 1851 m.

255 1876 308 1913 pr.
341 1865 534 1900 timuerunt
564 1863 735 1901 Leidens.
771 1865 968 1912 sonuerunt
1001 1874 1105 1901 unus.
1144 1863 1300 1910 nubifero

254 1917 367 1954 etiam
391 1915 481 1953 duo.
510 1914 644 1952 Eum.
871 1922 874 1926 ’

259 2028 283 2068 d
308 1979 368 2068 38.
396 1977 539 2028 Nave]
593 1986 705 2029 Puppe
740 1991 786 2018 ex
815 1986 973 2029 quatuor
1001 1979 1096 2020 libris
1127 1982 1303 2021 Heinfius

286 2041 305 2068 e
334 2041 371 2069 ir.
1035 2048 1037 2050 ·

312 2105 374 2141 29.
402 2093 499 2141 Nosse
510 2093 661 2143 fateri.]
699 2094 757 2131 Sic
775 2093 973 2142 legendum
1000 2105 1045 2130 ex
1064 2094 1201 2142 eodem
1225 2097 1304 2134 Va-

256 2144 405 2189 ticano,
434 2144 604 2182 Cioran.
635 2145 747 2182 Videri
765 2145 949 2183 meliores.
975 2144 1122 2182 Hesus.

311 2221 373 2260 33.
399 2208 570 2258 Exae30.]
601 2209 723 2247 Alicui
738 2210 898 2258 exigenti
911 2221 956 2246 an
968 2221 1038 2257 ego
1056 2210 1307 2257 peccaverim.-

258 2270 300 2300 ut
321 2262 362 2299 fit
378 2262 609 2310 participium
636 2260 791 2308 passivae
821 2259 1091 2308 fignificationis
1113 2273 1180 2309 pro
1214 2260 1315 2298 affi-

259 2323 321 2351 να.
350 2311 424 2349 Vel
453 2321 551 2349 certe
573 2311 786 2348 adverbium
803 2339 813 2356 ,
842 2319 881 2347 ut
904 2313 1056 2354 Exacto,
1085 2322 1151 2359 pro
1176 2313 1306 2348 Εκαὲἶε

260 2363 427 2410 accipias.
454 2364 492 2400 δί
514 2362 562 2400 est
584 2373 716 2410 magna
737 2362 812 2399 laus
831 2360 1017 2405 Maximi,
1045 2362 1148 2410 quod
1170 2366 1306 2410 poetae

263 2414 372 2451 amici
403 2413 542 2451 crimen
556 2441 565 2456 ‚
587 2421 766 2461 quantum
788 2411 904 2460 potest
918 2440 927 2455 ,
940 2413 1069 2449 nititur
1088 2413 1203 2449 celare
1215 2416 1306 2459 :gnec

261 2464 327 2502 nisl
348 2463 519 2511 instanter
538 2462 728 2512 requisitus
755 2464 866 2500 etiam
885 2474 970 2500 eum
994 2461 1155 2510 peccasse
1175 2461 1305 2501 asserit.

263 2515 407 2563 Exigere
428 2515 527 2551 enim
550 2513 600 2551 est
618 2525 682 2562 per
712 2510 789 2551 vim
822 2514 959 2562 aliquid
979 2522 1115 2561 petere.
1144 2513 1306 2556 Cicero:

265 2573 321 2603 Ne
340 2565 378 2601 id
389 2593 399 2609 ‚
413 2564 503 2613 quod
519 2573 615 2613 petat
627 2593 636 2609 ,
647 2565 775 2613 exigere
786 2565 895 2614 magis
908 2593 918 2609 ,
930 2577 1037 2614 quam
1050 2578 1177 2612 rogare.
1204 2565 1308 2603 Hinc

266 2616 305 2652 fit
329 2615 542 2654 adverbium
557 2643 568 2661 ‚
595 2618 739 2654 ExaHo,
780 2617 852 2653 Vel
874 2643 884 2660 ‚
908 2616 1047 2665 peccasse
1065 2615 1208 2660 εκαὲἶῒν,
1234 2616 1309 2653 hoc

269 2666 317 2702 est
337 2679 398 2714 per
423 2668 497 2704 vim
511 2665 660 2705 errasse:
689 2665 789 2716 quasi
810 2667 930 2715 aliqua
950 2668 987 2704 vi
1009 2678 1069 2704 me
1088 2667 1132 2705 ad
1154 2677 1321 2716 peccan÷

269 2715 358 2753 dum
381 2718 590 2766 impulsum.
635 2717 709 2755 Vel
722 2717 861 2766 peccasse
879 2719 996 2754 exaolo
1015 2747 1026 2763 ‚
1062 2717 1197 2756 scilicet
1215 2725 1312 2756 tem-

272 2778 384 2814 pore,
412 2769 484 2806 hoc
506 2769 554 2807 est
575 2770 784 2818 praeterito.
811 2769 887 2806 Alii
906 2768 1032 2818 legunt
1046 2797 1057 2814 ‚
1073 2773 1130 2806 Ex
1148 2770 1243 2813 aci-30,
1272 2777 1312 2807 ut

271 2816 338 2854 sint
362 2822 453 2856 duae
472 2819 674 2857 diffiones:
700 2820 775 2857 hoc
795 2819 866 2865 est,
894 2831 939 2858 ex
957 2819 1211 2858 faciotantum
1224 2831 1310 2869 pec-

273 2867 385 2911 casse,
415 2881 490 2906 non
515 2871 727 2907 voluntate:
758 2879 797 2907 ut
826 2882 948 2908 errore
970 2899 978 2913 ,
1018 2882 1096 2908 non
1116 2871 1309 2909 voluntate

271 2918 427 2956 Poezam
457 2920 644 2959 Maximus
665 2919 838 2968 ‘peccaffe
864 2921 1029 2959 ostendat
1054 2949 1065 2966 ,
1103 2921 1139 2958 ἃ
1162 2921 1310 2960 excuset

273 2967 445 3005 docendo
465 2970 507 3007 ab
535 2971 610 3020 ejus
631 2979 784 3020 peccato
802 2970 951 3009 abfuisse
972 2971 1203 3010 voluntatem
1224 2983 1310 3021 pec-

273 3018 392 3056 candi.
421 3020 566 3059 Romae
596 3023 632 3059 in
664 3021 844 3060 Vaticana
870 3022 1090 3060 bibliotheca
1120 3023 1312 3071 corrigitur

273 3069 323 3106 ita
343 3069 460 3107 versus
480 3071 563 3116 ille,
592 3077 636 3108 Te
666 3072 756 3109 nihil
784 3081 914 3122 excepto
937 3083 945 3107 :
982 3083 1077 3121 quae
1096 3073 1311 3112 emendatio

274 3130 352 3157 non
376 3120 506 3168 placet.
541 3133 582 3159 ea
605 3122 704 3160 enim
728 3134 874 3161 carmen
897 3124 935 3159 &
956 3121 1094 3161 sensum
1119 3126 1234 3173 magis
1254 3125 1310 3162 in·

275 3169 363 3209 ficit.
391 3171 579 3209 Menum,
621 3173 744 3211 Locus
766 3171 1068 3211 mendofiffimus.
1095 3177 1314 3224 necjuvant

276 3219 355 3258 iibri
385 3230 538 3260 veteres.
565 3222 630 3259 nisi
662 3223 761 3271 quod
790 3237 844 3261 me
871 3235 936 3272 pro
967 3237 1026 3261 nos
1046 3225 1083 3262 in
1113 3226 1313 3266 nonnullis.

276 3270 504 3321 Tanaquillo
535 3273 650 3310 Fabro
674 3276 709 3310 in
738 3274 901 3321 Epistolis
930 3285 1046 3323 nuper
1075 3275 1179 3315 editis
1204 3275 1265 3316 lib.
1285 3290 1314 3317 1.

278 3321 347 3370 Ep.
370 3335 405 3372 ς.
431 3323 618 3363 videbatur
641 3323 868 3364 scribendum
891 3323 986 3372 esse,

2249 1056 2395 1113 Tur-

1404 1194 1449 1226 Te
1469 1189 1562 1226 nihil
1583 1203 1625 1227 ox
1646 1191 1720 1227 aczo
1740 1188 1806 1239 nisi
1823 1200 1856 1229 te
1868 1193 1979 1243 sectffe
1994 1202 2178 1244 petentem·

1350 1267 1465 1305 quam
1489 1257 1548 1295 ille
1580 1258 1855 1309 castigationem
1890 1260 1990 1299 suam
2016 1262 2174 1310 pluribus
2193 1262 2340 1302 astruxit
2359 1266 2399 1304 in

1352 1307 1480 1349 iisdem
1503 1308 1684 1357 Epistolis.
1729 1310 1798 1348 Sed
1827 1322 1956 1359 parurn
1989 1313 2174 1350 concinna
2193 1316 2241 1352 est
2263 1317 2398 1364 repeti-

1351 1357 1407 1395 tio
1428 1360 1492 1396 τοῦ
1514 1365 1570 1396 Te.
1605 1361 1710 1410 Quid
1729 1360 1755 1398 fi
1775 1371 1956 1410 reponas?

1405 1428 1451 1461 Et
1475 1424 1566 1462 nihil
1585 1426 1602 1462 *e
1624 1427 1715 1468 fao‘t'o
1728 1454 1739 1471 ,
1767 1425 1829 1475 nist
1851 1437 1883 1465 te
1900 1427 2029 1478 secisse,
2056 1437 2239 1478 petentem.

1354 1488 1524 1538 Longius
1546 1491 1698 1540 quidem
1732 1490 1752 1528 a
1785 1491 1931 1540 vulgata
1951 1491 2122 1541 scriptura
2141 1493 2233 1531 haec
2253 1492 2401 1534 abeunt.

1355 1539 1414 1577 sed
1437 1541 1487 1578 nil
1509 1543 1669 1579 occurrit
1693 1542 1835 1579 melius.
1858 1542 1960 1580 versu
1972 1545 2145 1590 proximo
2160 1572 2170 1588 ‚
2185 1544 2321 1592 juvant
2332 1557 2402 1594 pro

1348 1591 1462 1639 juvat
1490 1592 1674 1629 meliores.
1703 1593 1849 1630 Hfitns,
1921 1592 2123 1641 Torquent
2147 1594 2181 1632 se
2205 1595 2337 1633 mirum
2360 1597 2400 1634 in

1357 1642 1515 1679 modurn
1537 1643 1751 1691 interpretes
1779 1644 1816 1680 in
1848 1643 1948 1681 sensu
1967 1644 2101 1682 horum
2125 1644 2321 1684 verborum
2345 1647 2404 1684 in-

1358 1693 1547 1730 veniendo
1562 1721 1571 1735 ,
1601 1705 1671 1730 nec
1694 1694 1727 1731 se
1751 1694 1962 1742 expediunt.
1992 1695 2073 1740 Ego
2087 1704 2178 1743 puto
2202 1707 2263 1733 me
2277 1708 2403 1735 veram

1356 1741 1557 1781 lectionem
1585 1744 1850 1782 &sententiam
1872 1744 2229 1793 i·epperiffe.dixerat
2253 1747 2291 1784 &
2313 1759 2405 1795 que-

1355 1793 1424 1831 stus
1445 1803 1520 1831 erat
1541 1795 1724 1839 Ovidius,
1739 1795 1932 1846 plerosque
1953 1797 2158 1834 amicitiam·
2180 1809 2225 1834 ex
2246 1798 2404 1837 utilitate

1357 1843 1530 1888 coluisse,
1559 1846 1596 1881 &
1619 1844 1808 1883 deseruisse
1828 1846 1862 1883 se
1878 1875 1887 1891 ‚
1913 1848 2192 1896 quamprimum
2215 1847 2406 1888 adflietum

1359 1893 1541 1932 vidiffent.
1580 1896 1793 1933 Maximum
1825 1908 1914 1934 vero
1947 1898 2152 1937 constanter
2167 1927 2177 1945 ,
2217 1900 2327 1938 etiam
2365 1901 2406 1938 in

1359 1944 1513 1982 adversis
1527 1973 1537 1990 ,
1555 1945 1720 1984 officium
1746 1946 1952 1995 praestitisse
1965 1977 1975 1993 ,
2002 1951 2088 1996 quia
2100 1950 2212 1998 ipsam
2229 1952 2407 1990 virtutem

1358 1995 1409 2032 sui
1430 1998 1589 2043 pretium
1604 1998 1774 2035 credebat
1788 2025 1798 2041 ,
1819 2010 1890 2037 nec
1903 1999 2058 2039 utilitate
2070 2002 2250 2045 amicitias
2270 2003 2403 2049 proba-

1360 2045 1430 2083 bat.
1459 2058 1570 2094 quare
1591 2047 1789 2095 legendum
1814 2058 1930 2096 puto,
2276 2061 2278 2064 ’

1410 2102 1479 2142 Te,
1502 2097 1596 2195 HJJ-l
1615 2111 1657 2134 ex
1682 2101 1756 2135 aeto
1786 2100 1884 2148 (vel,
1913 2114 1930 2138 e
1947 2101 2056 2150 saffo)
2086 2102 2153 2153 nifi
2181 2117 2250 2142 non
2263 2103 2405 2153 peccaſj}

1486 2191 1489 2193 ι
1553 2160 1725 2194 euntem,
1778 2180 1780 2182 .
2395 2166 2398 2169 ’

1463 2205 1582 2246 Sponte
1591 2200 1661 2245 sua
1675 2199 1831 2247 probitas
1852 2200 2064 2252 officiumque
2078 2204 2230 2251 juvant.

1358 2262 1584 2298 nonaliam
1618 2264 1828 2301 mercedem
1859 2277 1903 2302 ex
1933 2266 2033 2304 facio
2066 2268 2157 2314 petis
2181 2295 2192 2312 ‚
2228 2267 2294 2306 nifi
2315 2270 2407 2307 conl

1359 2311 1545 2349 scientiam
1563 2340 1574 2357 ‚
1595 2320 1632 2349 te
1654 2325 1728 2351 non
1741 2314 1902 2362 peccasse
1917 2343 1927 2360 ‚
1955 2325 2018 2354 aut
2048 2329 2124 2355 non
2148 2317 2300 2356 defuisse
2322 2319 2406 2357 offi-

1363 2363 1422 2399 cio
1437 2389 1447 2406 ,
1469 2364 1571 2411 quod
1595 2365 1717 2401 amico
1739 2365 1904 2403 debebas.
1932 2367 2111 2405 sententia
2129 2369 2240 2406 obvia
2256 2397 2267 2412 ,
2296 2370 2335 2407 &
2361 2381 2409 2408 ex

1363 2414 1558 2459 commu-ni
1579 2412 1795 2463 sapientium
1820 2415 1932 2453 effato
1954 2417 2141 2463 desumm,
2170 2428 2212 2457 ut
2232 2420 2349 2459 Cicer.
2361 2421 2409 2460 de

1364 2462 1493 2502 Somn.
1526 2464 1620 2513 Scip.
1641 2464 1854 2514 sapientibus
1881 2467 2085 2515 conscientia
2125 2469 2195 2518 ipsa
2227 2472 2411 2516 fabiorum

1363 2514 1570 2563 egregiorum
1601 2515 1852 2566 'amplissimum
1884 2517 2106 2563 virtutislesl
2126 2521 2288 2567 pretium.
2317 2522 2413 2562 Pii-n.

1365 2565 1479 2614 132Ep.
1500 2576 1563 2604 22.
1619 2567 1830 2615 Magnitudo
1860 2568 1974 2605 animi
2023 2569 2115 2606 nihil
2140 2570 2189 2606 ad
2211 2572 2413 2615 ,ostentatio-

1366 2628 1444 2652 nem
1466 2644 1477 2660 ,
1513 2617 1632 2653 omnia
1652 2619 1699 2653 ad
1731 2617 1969 2667 conscientiam
1992 2621 2106 2666 refert.
2135 2624 2288 2670 rec'ieque
2317 2623 2414 2670 fabli

1367 2679 1436 2703 non
1455 2679 1497 2703 ex
1513 2668 1630 2716 populi
1642 2670 1799 2716 sermone
1819 2670 2005 2706 mercedem
2022 2699 2030 2714 ,
2044 2671 2108 2719 sed
2131 2685 2173 2707 ex
2190 2674 2287 2718 facio
2298 2673 2409 2718 petit,

1368 2729 1412 2755 ex
1436 2729 1513 2764 quo
1534 2718 1622 2763 loco
1644 2719 1682 2756 ὅτ
1704 2719 1763 2756 hic
1781 2731 1866 2757 cum
1892 2720 2049 2758 Heinsio
2063 2749 2074 2766 ‚
2093 2735 2108 2758 e
2123 2723 2221 2767 faei‘o
2238 2733 2411 2772 petentem

1367 2766 1484 2817 posset
1506 2768 1590 2817 legi.
1618 2776 1657 2806 ut
1686 2769 1782 2819 apud
1805 2770 1939 2809 Horat.
1970 2785 1996 2808 1.
2017 2772 2085 2818 Ep.
2105 2783 2204 2810 xvn.
2223 2784 2288 2821 42.
2328 2779 2411 2812 Aut

1369 2819 1470 2856 decas
1490 2830 1533 2859 ω’
1551 2819 1702 2869 pretium
1721 2822 1802 2857 reoli
1824 2820 1911 2869 petit
1939 2824 2109 2871 experiens
2137 2822 2209 2860 vir.
2237 2825 2298 2862 ubi
2326 2825 2411 2862 vide

1370 2871 1543 2908 Lambin.
1591 2870 1728 2909 Seneca
1756 2873 1893 2909 centies
1920 2873 2014 2910 hanc
2043 2873 2258 2912 sententiam
2285 2873 2414 2922 jadrae

1368 2922 1443 2959 vid.
1466 2920 1572 2969 Epist.
1586 2933 1715 2960 Lxxxx.
1744 2924 1841 2959 Recte
1853 2922 2060 2972 faflifeciffe
2073 2924 2265 2970 merce-test.
2280 2924 2353 2961 vid.
2371 2925 2411 2962 ὃς

1367 2972 1414 3010 de
1434 2972 1620 3010 Clement.
1641 2984 1668 3009 1.
1690 2984 1719 3010 1.
1738 2972 1783 3010 de
1806 2974 1933 3011 Beuef.
1953 2986 2006 3012 xv.
2027 2975 2102 3012 L&
2115 2985 2174 3011 22.
2197 2974 2413 3022 &apposite

1367 3023 1436 3072 Ep.
1449 3035 1569 3061 xcvx1.
1596 3023 1758 3061 maxima
1771 3024 1991 3072 peccantium
2008 3033 2115 3074 poena
2132 3023 2330 3073 eflpeccaffe.
2349 3024 2414 3063 ad-

1366 3073 1412 3111 de
1434 3075 1472 3111 &
1494 3074 1668 3113 Ciceron.
1688 3087 1734 3112 11.
1771 3076 1972 3125 Philippica
1992 3083 2059 3123 44:
2075 3074 2114 3111 in
2133 3073 2227 3112 libro
2237 3074 2283 3113 de
2302 3076 2414 3114 Ami-

1369 3124 1452 3162 citia
1474 3126 1510 3162 ὃς
1532 3125 1613 3163 alibi
1640 3126 1746 3174 saepe
1772 3126 1871 3165 idem
1892 3125 2150 3163 affirmantem.
2172 3124 2259 3163 vide
2280 3137 2346 3165 111.
2367 3126 2414 3166 ad

1367 3175 1469 3212 Fam.
1493 3177 1599 3224 13.&
1619 3177 1668 3214 ibi
1682 3176 1957 3214 Manut.Barth.
1969 3174 2013 3212 ad
2027 3174 2157 3213 Claud.
2170 3175 2281 3215 Cons.
2295 3177 2415 3216 Mani.

1367 3237 1422 3265 vt.
1442 3226 1552 3265 Lind.
1565 3228 1609 3265 ad
1631 3226 1892 3264 Amm.Marc.
1911 3236 1990 3262 xiv.
2005 3225 2040 3262 6.
2062 3225 2302 3265 Chaevreana
2315 3236 2411 3267 tom.

1375 3287 1406 3314 1.
1426 3289 1459 3325 p.
1486 3289 1566 3325 ¹99·
1595 3278 1633 3315 &
1659 3286 1772 3325 quem
1803 3272 1910 3312 non?
1937 3275 2025 3314 hinc
2046 3276 2289 3325 planiffimam
2311 3280 2414 3317 Ovi-

1370 3326 1420 3366 dii
1442 3336 1608 3366 mentem
1637 3335 1744 3375 puto.
1770 3326 1901 3376 exigua
1921 3334 2046 3367 autem
2072 3327 2122 3368 est
2143 3327 2311 3369 leetionis
2331 3329 2412 3366 vul-

2304 3387 2412 3428 gatae
