2495 3675
727 153 788 210 P.
863 153 1282 213 OVIDII

1355 153 1890 219 NASONIS

519 253 736 328 Caspius
761 254 1030 329 AEgypsos
1071 260 1092 326 <
1106 256 1176 309 de
1199 254 1249 308 se
1276 253 1314 307 fi
1339 252 1608 309 credimus
1634 256 1789 327 ipfis)

595 329 890 394 Condidit;
934 330 990 383 &
1017 327 1236 399 proprio
1261 326 1479 381 nomine
1500 326 1643 382 dixit
1671 346 1822 401 opus.

379 417 443 468 15

518 399 679 456 Hanc
708 403 879 464 ferus,
905 399 1143 469 Odrysiis
1167 399 1390 469 inopino
1420 402 1598 454 Marte
1624 401 1911 470 peremti&

594 475 756 546 Cepit
773 511 789 536 ,
829 475 882 525 &
908 475 960 524 in
985 471 1197 541 Regem
1224 471 1423 526 sustulit
1448 490 1590 527 arma
1616 472 1804 530 Getes,

523 547 614 603 Ille
640 562 852 603 memor,
870 545 1042 614 magni
1069 546 1305 614 generis,
1339 545 1536 600 virtute
1559 547 1708 617 quod
1734 559 1921 619 auget,

601 619 849 674 Protinus
874 617 1158 670 innumero
1191 616 1357 671 milite
1383 617 1586 672 cincius
1623 619 1783 674 adest.

518 694 634 748 Nec
663 690 805 762 prius
831 688 1066 743 abscessu
1083 729 1097 752 ‚
1136 691 1325 744 merit-21
1348 707 1509 762 quam
1537 692 1704 747 caede
1727 706 2020 751 nocentum

383 787 450 821 20

596 766 662 818 Se
689 762 843 816 nimir
872 762 1125 817 ulciscens
1152 764 1349 817 exstitit
1375 765 1482 835 ipse
1507 782 1723 820 nocens,

524 841 598 892 At
626 835 748 896 tibi,
787 836 911 889 Rex
938 852 1100 897 aev0‚
1141 836 1328 900 detur,
1364 835 1647 894 fortiffime
1673 839 1885 906 nostr0,

594 909 816 980 Semper
847 911 1107 962 honorata
1138 911 1340 981 sceptra
1365 923 1552 965 tenere
1579 927 1754 967 manu.

524 983 756 1057 Teque,
792 981 938 1051 ÷.]·=.10d
967 980 1021 1033 &
1048 982 1301 1052 praestat,
1343 987 1364 1053 (
1381 982 1513 1056 quid
1543 984 1688 1037 enim
1711 985 1805 1040 tibi
1832 987 2037 1059 plenius
2066 993 2309 1065 optem?)

596 1056 794 1109 Martia
818 1071 942 1107 curn
968 1071 1164 1126 magno
1191 1056 1415 1110 Caesare
1442 1056 1620 1110 Roma
1646 1057 1854 1127 probet.

377 1151 445 1200 25
523 1128 629 1184 Sed
661 1144 867 1180 mernor
894 1127 1037 1181 unde
1064 1129 1192 1190 abii,
1231 1146 1454 1201 queror,
1495 1130 1528 1181 ὁ
1555 1127 1795 1198 jucunde
1822 1132 2034 1202 sodaliS‚

598 1199 879 1254 Accedant
906 1198 1092 1254 nostris
1118 1201 1263 1254 saeva
1291 1201 1440 1272 quod
1466 1218 1612 1254 arma
1642 1202 1807 1258 maliS.

523 1274 598 1329 Ut
622 1289 780 1326 careo
804 1271 983 1336 vobi3‚
1021 1273 1230 1344 Stygias
1260 1272 1502 1326 detrusus
1527 1273 1580 1327 in
1608 1291 1751 1338 oras„

590 1348 875 1419 Quattuor
904 1360 1187 1402 autumnos
1214 1345 1386 1402 Pleias
1413 1345 1701 1405 ortasacit.

291 1621 351 1672 13ss
381 1620 525 1671 Caspius
545 1616 739 1669 AEgypfics{
765 1617 807 1656 de
820 1616 854 1668 se
872 1617 902 1664 Ιῐ
919 1618 1069 1656 creditur
1081 1617 1154 1670 ipfis
1168 1648 1178 1665 ‚
1191 1619 1283 1657 Con:

235 1673 368 1716 didit]
426 1672 534 1709 Muiti
557 1682 698 1710 veteres
721 1698 733 1714 ,
768 1671 934 1718 AEgyffus.
963 1674 1115 1720 Argent.
1139 1672 1177 1709 δε
1200 1672 1281 1720 qui-

235 1728 319 1763 dam
342 1719 401 1761 a'lii
417 1722 596 1771 ‚AEgislus.
622 1721 754 1769 AEgifhs
770 1722 1014 1759 Combianus.
1038 1722 1174 1770 AEgiros
1187 1733 1280 1759 unus

237 1777 451 1814 Vaticanus.
488 1775 598 1817 alius,
630 1771 755 1819 Egitos.
782 1771 870 1809 alius
898 1771 1058 1820 denique
1080 1799 1091 1816 ‚
1126 1772 1284 1820 AEgirus.

236 1827 373 1875 Caspios
392 1824 520 1872 AEgifhs
540 1823 783 1860 Sarravianus.
800 1820 847 1858 fic
872 1822 909 1858 &
930 1821 990 1858 lib.
1013 1834 1066 1860 xv.
1093 1823 1202 1860 Pont.
1224 1822 1281 1859 El.

235 1869 296 1915 vn
314 1877 373 1914 ubi
397 1876 448 1912 bis
469 1875 640 1911 meminit
668 1871 832 1920 ejusdem
866 1871 1044 1916 civitatis,
1074 1878 1154 1909 Non
1181 1882 1282 1922 negat

234 1928 406 1976 AEgypfhs.
433 1925 492 1963 ubi
516 1953 525 1969 ,
553 1924 687 1972 AEgiros
716 1922 929 1960 vetustiores
950 1951 960 1965 ‚
1000 1923 1060 1960 vel
1082 1952 1092 1968 ,
1127 1929 1286 1971 AEgyros.

237 1980 403 2029 quinque
416 1976 499 2020 alii,
518 1976 669 2023 AEgzffos.
697 1973 755 2011 vel
767 1973 909 2022 AEgifhs.
937 1973 1182 2012 Constantino
1194 1974 1284 2011 Por-

236 2030 528 2079 phyriogenetae
550 2027 728 2063 Themat.
743 2024 803 2060 lib.
826 2036 872 2060 11.
895 2034 972 2071 cap.
993 2037 1019 2060 1.
1042 2027 1210 2070 A'aycwoe
1223 2024 1284 2062 est.

216 2080 424 2127 'Procopio
452 2078 514 2115 lib.
536 2088 589 2114 ιν.
618 2076 663 2113 de
695 2073 868 2111 aedificiis
899 2073 1089 2118 Justiniani
1116 2080 1281 2118 ’‘Ayaeog.

237 2130 281 2170 In
305 2129 493 2168 Itinerazio
523 2126 708 2164 Antonini
737 2126 774 2161 δί
800 2124 947 2172 Imperii
975 2126 1110 2162 notitIa
1132 2126 1282 2174 AEgyffbs

237 2182 300 2220 est.
325 2190 539 2229 quanquam
564 2177 659 2226 apud
680 2176 917 2212 Antoninum
938 2175 1085 2212 codices
1104 2175 1254 2224 quidam
1273 2204 1284 2220 ,

238 2231 391 2280 AEgifhs‚
421 2232 458 2267 &
488 2234 640 2277 AEgysos.
677 2228 714 2264 ἃ
735 2224 904 2263 credimus
932 2225 1098 2274 plerique
1132 2233 1286 2265 veteres.

240 2284 391 2321 Hfims.

297 2361 352 2398 13.
382 2354 434 2384 De
450 2348 485 2395 se
505 2345 540 2395 fi
557 2345 727 2382 credimus
748 2342 862 2392 ipsis]
912 2343 1079 2380 Creditur
1108 2344 1288 2383 editiones

240 2401 467 2439 vetustiores.
489 2396 550 2448 ipsi
569 2397 674 2435 multi
694 2395 826 2443 scripti.
844 2393 898 2431 illi
920 2395 1027 2433 Leid.
1049 2394 1122 2434 vid.
1141 2408 1169 2434 1.
1202 2396 1291 2435 Fast.

241 2453 327 2501 469.

296 2531 353 2565 Ις.
381 2524 479 2555 Hanc
491 2517 590 2562 serus
611 2509 798 2561 Odrysiis]
828 2512 917 2549 Non
932 2511 1124 2559 ferus‚sed
1145 2522 1231 2550 trux
1250 2514 1289 2552 in

243 2570 419 2617 antiquis,
449 2566 583 2605 eodem
605 2562 883 2608 sensu‚divers0
904 2562 1009 2601 sono.
1038 2563 1158 2601 FABR.
1188 2571 1289 2602 Hanc

238 2621 335 2666 serus
362 2620 477 2667 scripti
504 2627 636 2655 omnes
655 2643 666 2661 ‚
704 2622 903 2664 utrumque
933 2614 1089 2653 redium.
1114 2614 1290 2664 superiori

246 2669 392 2719 Elegia:

301 2737 459 2784 Truxque
476 2739 573 2771 Getes
592 2731 723 2777 armis,
747 2728 920 2779 grandine
933 2727 1045 2778 pulset
1061 2727 1193 2777 hyems.

248 2784 394 2822 Hmzs.

303 2855 358 2888 17.
390 2845 448 2881 Ille
470 2858 596 2881 memor
617 2843 736 2891 magni
753 2840 923 2890 generis]
954 2838 1094 2877 Generis
1114 2837 1233 2887 magni
1252 2838 1289 2876 in

251 2895 447 2933 nonnuilis.
476 2894 756 2932 Twisdenianus
777 2905 853 2930 non
880 2891 998 2935 male,

306 2964 365 3000 Ille
392 2978 519 3003 memor
536 2967 689 3015 generis,
717 2965 847 3014 magnei
867 2965 1001 3003 virtute
1019 2963 1110 3015 quod
1127 2972 1239 3012 auget.

253 3013 399 3053 Hffls.

304 3092 363 3116 20.
395 3081 525 3116 Extitit
545 3081 603 3117 ille
622 3081 778 3130 nocens.]
822 3081 977 3117 Veteres
998 3079 1077 3117 libri
1099 3107 1109 3123 ,
1145 3079 1210 3128 ipse
1231 3091 1290 3116 no·

253 3143 338 3167 cens.
366 3131 533 3169 Ciofau.
591 3134 733 3178 Exflitit
755 3132 834 3168 inde
864 3143 982 3167 nocens
1015 3130 1186 3169 Leidens.
1213 3141 1291 3167 non

249 3182 359 3219 male.
562 3197 564 3199 >

302 3255 362 3292 23·
388 3250 496 3294 Teque
516 3244 605 3293 qnod
625 3255 668 3283 ω’
685 3243 872 3293 praestan]
921 3248 1030 3292 Teque
1052 3244 1141 3292 quod
1162 3252 1206 3282 ω’
1223 3252 1288 3291 par

248 3293 315 3340 est,
346 3296 489 3334 volebat
517 3296 607 3333 oiim
640 3296 821 3334 Heinsius.
859 3305 928 3343 ego
952 3293 1079 3332 malim
1100 3321 1112 3340 ,
1140 3298 1183 3346 Tse
1204 3307 1288 3345 quo:

2241 1458 2244 1459 ⁷
2266 1488 2385 1546 Nec

1339 1620 1426 1670 que,
1455 1620 1546 1671 quod
1565 1621 1680 1669 restat.
1706 1620 1792 1661 cum
1814 1633 1883 1662 nos
1903 1622 1940 1661 in
1962 1621 2109 1672 Scythia
2130 1624 2327 1673 probemus
2347 1636 2385 1667 te

1339 1674 1377 1709 &
1401 1673 1565 1711 colamus
1579 1702 1590 1719 ‚
1617 1673 1744 1718 restat,
1769 1682 1810 1712 ut
1831 1675 1956 1712 Roma
1979 1686 2063 1712 cum
2082 1676 2235 1714 Caesare
2254 1685 2386 1727 tepro-

1337 1722 1410 1761 bet.
1438 1734 1471 1761 te
1491 1737 1622 1774 quoque
1644 1724 1692 1762 est
1713 1725 1751 1762 in
1773 1725 1912 1774 septem
1931 1724 2039 1764 libris.
2066 1725 2198 1766 Bunm.

1387 1797 1451 1834 27.
1477 1787 1653 1835 Scythicas
1675 1787 1833 1836 detrusus
1854 1788 1894 1826 in
1914 1787 2030 1837 oras.]
2060 1790 2194 1838 Stygias
2212 1805 2289 1829 oras
2306 1793 2386 1832 Sar··

1336 1839 1530 1926 rapianuffi
1559 1837 1667 1876 Polit.
1699 1838 1856 1887 Argent.
1885 1839 2062 1884 Combii,
2090 1842 2218 1880 &tres
2240 1844 2311 1883 alii.
2338 1845 2384 1885 fic

1338 1900 1375 1926 ln
1396 1899 1455 1927 rat

1389 1955 1430 1988 A
1452 1949 1578 1999 Stygiis
1594 1960 1772 2000 quantum
1789 1951 1863 2000 fivrs
1882 1964 1960 1990 mea
1985 1951 2090 2000 distat
2107 1955 2236 2004 aquis?

1340 2015 1488 2053 HEIN‘S.
1515 2015 1581 2052 Ad
1601 2015 1717 2052 undas
1734 2027 1840 2054 unus.

1386 2077 1447 2116 28.
1475 2078 1585 2116 Pleias
1611 2080 1732 2130 σπι]
1785 2081 1847 2118 De
1879 2090 1962 2122 ortu
1982 2083 2156 2122 hocloco
2185 2085 2389 2136 intelligas;

1337 2139 1452 2184 quern
1474 2130 1723 2178 Acronychum
1755 2141 1903 2171 vocant.
1940 2135 2014 2172 hoc
2044 2135 2117 2181 est,
2154 2147 2230 2184 quo
2262 2138 2387 2185 vespe-

1338 2191 1386 2267 ᾖ
1396 2179 1499 2227 supra
1535 2190 1667 2220 terram
1699 2182 1878 2222 feruntur.
1921 2184 1958 2223 id
1988 2187 2089 2223 enim
2117 2184 2159 2223 fit
2193 2195 2386 2227 autumno.

1391 2241 1523 2269 icytt.

1395 2302 1458 2342 29.
1486 2291 1683 2341 Urbanae.]
1714 2299 1889 2330 Romanae
1907 2293 2061 2332 Putean.

1397 2355 1455 2392 33.
1483 2349 1604 2395 Atque
1625 2344 1723 2381 domo
1749 2344 1907 2394 rursus.]
1945 2345 2134 2383 Sententia
2164 2347 2300 2396 exigit,
2331 2351 2389 2397 Ag'

1344 2407 1408 2443 que
1425 2395 1536 2432 domo.
1556 2398 1606 2433 ita
1623 2396 1738 2433 infra:

1394 2461 1500 2507 Aque
1521 2457 1591 2494 tuis
1612 2467 1681 2494 toto
1700 2457 1845 2495 dividor
1866 2457 1942 2496 orbe
1962 2459 2060 2507 rogis.

1345 2523 1463 2561 urbem
1482 2523 1665 2573 pulchram
1687 2523 1856 2572 intelligit
1885 2524 2049 2562 Romam
2063 2552 2074 2568 ,
2102 2537 2213 2575 quam
2237 2527 2316 2575 post
2332 2529 2391 2567 in:

1345 2575 1520 2613 cendium
1542 2588 1619 2614 xiv.
1639 2576 1834 2623 regionum
1850 2575 1976 2624 ,quod
1995 2576 2038 2612 ab
2051 2575 2099 2613 V.
2113 2577 2154 2613 C.
2174 2589 2273 2615 anno
2294 2592 2390 2619 nce.

1344 2626 1544 2669 acciderat,
1573 2627 1610 2664 in
1630 2636 1768 2662 novam
1791 2625 2102 2673 pulchritudinem
2122 2628 2274 2667 restituit
2294 2630 2390 2668 Cae-

1338 2677 1391 2715 sar
1409 2677 1604 2726 Augustus.
1632 2676 1796 2714 mec.
1826 2677 1972 2715 Omnes
1991 2677 2070 2715 libri
2092 2677 2211 2726 scripti
2230 2707 2240 2722 ‚
2269 2685 2390 2731 Deque

1341 2728 1451 2766 domo,
1512 2729 1600 2766 Non
1621 2726 1750 2765 dubito
1766 2755 1777 2772 ‚
1808 2729 1898 2777 quin
1917 2728 2010 2766 haec
2037 2739 2122 2765 vera
2152 2731 2190 2766 &
2214 2742 2390 2778 germana

1345 2779 1386 2816 fit
1406 2778 1517 2816 lec'tio
1540 2807 1551 2824 ‚
1579 2778 1725 2827 vulgata
1744 2786 1866 2816 autem
1891 2779 1994 2817 nullo
2015 2780 2132 2817 modo
2153 2781 2235 2817 ferri
2259 2783 2391 2829 potest.

1346 2831 1518 2868 Ciomu.
1547 2835 1642 2878 Eque
1662 2829 1760 2866 domo
1772 2829 1866 2867 bene
1877 2829 2031 2877 Argent.
2060 2831 2183 2869 &tres
2205 2831 2274 2869 alii.
2289 2834 2390 2872 Mul-

1345 2883 1397 2926 ti,
1426 2887 1555 2931 Deque.
1583 2881 1748 2930 sequenti
1771 2879 1874 2918 versu
1903 2892 1969 2928 pro
1993 2881 2176 2928 praevidet
2205 2892 2391 2930 reponen-

1345 2933 1434 2970 dum
1457 2931 1551 2975 effe,
1575 2932 1756 2980 pervidet,
1782 2942 1867 2969 cum
1892 2933 2054 2980 providet
2087 2931 2127 2968 fit
2148 2932 2185 2969 in
2203 2934 2390 2972 nonnullis

1344 2984 1501 3032 scriptis,
1537 2983 1711 3031 superiori
1741 2980 1866 3030 Elegia
1897 2983 2125 3020 monuimus.
2169 2982 2392 3021 Arondelia-

1344 3046 1412 3072 nus
1436 3062 1446 3078 ‚
1483 3046 1579 3070 mens
1613 3033 1717 3070 oculis
1748 3033 1930 3079 praevidet
1963 3036 2025 3078 usa
2047 3031 2124 3078 suis
2145 3058 2156 3075 ‚
2199 3044 2277 3070 non
2314 3033 2391 3073 illa.

1347 3087 1496 3123 Heius.
1524 3085 1694 3122 Francos.
1721 3088 1839 3133 Deque
1857 3083 1955 3119 domo
1978 3081 2107 3130 pulsus.
2130 3082 2284 3127 deinde,
2311 3086 2391 3135 pul.

1324 3146 1327 3149 “
1346 3136 1467 3174 claram
1488 3146 1667 3172 convertor
1684 3133 1731 3170 ad
1749 3133 1868 3170 urbem
1888 3132 2008 3170 codex
2031 3131 2203 3170 Gallicus.

1400 3199 1458 3236 37.
1487 3185 1640 3235 Hortos.]
1671 3190 1778 3221 Ortus
1801 3183 1951 3220 Moreti.
1968 3180 2109 3238 pulchro
2120 3184 2309 3239 spectantis
2326 3187 2390 3232 in,'

1347 3240 1430 3283 vel,
1457 3237 1501 3276 ab
1523 3236 1619 3290 horte
1643 3234 1749 3286 Leid,
1769 3243 1853 3272 tunc
1874 3242 1986 3283 campe
2007 3241 2117 3272 etiam
2140 3238 2291 3284 septem.
2312 3249 2388 3275 tum

1344 3301 1450 3329 unus

2259 3337 2317 3388 38,
2342 3341 2388 3386 Es⁴
