2495 3675
422 148 1051 208 TRISTIUM
1135 152 1328 209 1⁴1ss.

1404 150 1485 208 III.
1564 153 1733 208 Ense.
1772 156 1887 214 XII.

2109 173 2202 223 593

331 252 458 308 Non
482 250 557 306 est
583 251 730 324 quod
757 254 955 308 timeas,
1006 252 1242 307 Fortuna
1264 251 1551 306 miserrima
1575 251 1747 306 nostra
1770 253 1859 308 est.

408 325 590 380 Omne
616 324 773 379 trahit
798 326 972 380 secum
998 323 1231 379 Caesaris
1257 327 1333 379 ira
1355 325 1567 379 malum.

330 396 498 469 Quod
523 398 686 468 magis
711 411 770 451 ut
798 398 1023 470 liqueat,
1066 414 1203 451 neve
1229 397 1332 452 hoc
1358 397 1453 452 tibi
1479 396 1680 468 fingere
1707 395 1925 457 credar3

396 468 509 542 Ipse
535 471 691 526 velim
715 485 910 540 poenas
933 469 1208 539 experiare
1235 487 1390 525 meas,

87 613 147 658 69.
175 605 412 657 Nunquam]
476 604 567 643 Fieri
594 616 767 655 nusquam
792 604 883 654 quod
916 603 1076 643 Medon.

40 659 124 700 cod.
142 672 229 710 quae
252 671 447 707 numquam
469 655 577 694 Leid.

95 721 153 754 70.
181 709 236 756 Est
253 707 318 745 tibi
339 709 379 746 de
397 707 493 745 rebus
509 706 668 744 maxima
689 717 772 743 cura
802 703 912 754 meis.]
950 706 1078 744 Locu-

43 761 96 801 rio
115 763 286 809 poetica,
314 759 374 797 lib.
397 769 448 797 iv.
468 755 568 804 Eleg.
587 769 653 795 111.

93 820 164 869 Effe
190 819 244 857 tui
261 831 465 861 memorem,
485 816 526 853 de
542 829 611 864 qua
632 816 697 855 tibi
720 817 881 855 maxima
901 831 982 856 cura
1000 817 1054 866 est.

41 879 154 921 Paulo
172 879 274 918 aliter
289 880 349 918 lib.
361 892 387 917 ι.
414 879 460 917 de
479 879 601 918 Ponto
620 880 723 930 Eleg.
741 892 813 918 vrr.

92 943 243 983 Artibus
264 944 436 994 ingenuis,
464 955 616 992 quarum
635 945 701 982 tibi
717 945 879 983 maxima
899 958 980 983 cura
1000 945 1056 994 est,

48 1043 82 1083 c
141 996 282 1034 penora
300 995 498 1044 mollescunt
511 1021 524 1041 ,
547 996 774 1047 asperitasque
785 997 894 1046 fugit.

84 1055 217 1085 xofAN.

1184 616 1241 651 71.
1275 614 1355 644 Non
1376 607 1419 653 est
1438 607 1529 656 quod
1557 606 1691 643 timeas.
1719 607 1868 653 fortuna
1897 604 2092 655 miserrima
2115 606 2174 643 no·'

1123 655 1198 701 stra
1221 657 1299 706 effi]
1332 663 1422 693 Tuta
1440 659 1482 704 est
1501 658 1559 695 sex
1585 658 1771 705 septemve
1791 668 1943 697 veteres.
1970 657 2102 700 Forte,

1185 724 1264 754 Non
1276 733 1308 755 es
1322 748 1331 764 ‚
1357 733 1457 768 quem
1477 721 1624 758 timeam
1641 748 1650 765 ,
1654 723 1805 768 fortuna
1817 721 2009 771 miserrima
2023 730 2102 758 tuta
2121 718 2176 767 est.

1132 767 1242 806 Pont.
1260 769 1319 807 lib.
1343 781 1388 807 11.
1419 771 1472 809 El.
1495 784 1541 809 ιι.

1190 834 1280 865 Tuta
1296 840 1416 878 petant
1434 832 1507 869 alii.
1520 834 1671 879 fortuna
1693 833 1886 878 miserrima
1909 841 1988 869 tuta
2007 829 2062 878 est.

1139 930 1177 967 H
1241 886 1337 918 Nam
1356 883 1461 921 timor
1480 893 1623 922 eventus
1640 884 1813 921 deterioris
1835 882 1934 930 abest.

1183 941 1287 969 EINS.

1190 1008 1250 1045 73.
1278 1004 1375 1035 Neve
1396 999 1454 1036 hoc
1472 1014 1524 1049 ego
1537 999 1666 1049 fingere
1683 999 1836 1049 credar]
1885 998 1962 1036 Tibi
1981 996 2099 1034 credar
2119 1006 2176 1041 re-¹

1138 1047 1227 1086 etius
1246 1048 1322 1087 duo
1344 1059 1494 1089 veteres.
1520 1065 1574 1089 me
1595 1051 1708 1089 credas
1733 1049 1931 1089 Leidensis.
1959 1050 2104 1087 Heius.

715 1228 1264 1297 ELEGIA
1357 1231 1500 1297 XII.

327 1384 633 1523 FRigora
653 1383 759 1455 jam
784 1384 1020 1455 Zephyri
1048 1384 1323 1449 minuunt;
1364 1402 1611 1457 annoque
1634 1384 1852 1456 perac'io

502 1457 746 1526 Longior
776 1457 1001 1527 antiquis
1028 1456 1131 1510 visa
1160 1458 1388 1511 Maeotis
1415 1458 1609 1511 hiems:

322 1528 730 1601 lmpofitamque
754 1529 845 1582 fibi
870 1528 962 1600 qui
986 1546 1095 1582 non
1123 1530 1257 1584 bene
1283 1530 1497 1601 pertulit
1524 1528 1721 1585 Hellen

397 1602 674 1672 Tempora
697 1600 965 1656 noffiurnis
991 1619 1156 1674 aequa
1182 1603 1368 1657 diurna
1392 1602 1535 1656 facit.

100 1825 139 1852 2.
167 1814 308 1864 Longior
324 1813 480 1863 antiquis
499 1813 577 1862 visit
597 1813 744 1851 Maeotis
763 1811 912 1864 hiems.]
943 1814 1081 1852 Mirum

46 1865 96 1903 est
110 1892 120 1909 ,
146 1865 245 1904 hunc
264 1865 386 1903 locum
409 1866 457 1903 ita
478 1864 618 1902 filentio
631 1865 815 1913 praeteriri
836 1864 856 1902 a
876 1865 1084 1903 Commen-

48 1915 251 1960 tatoribus,
282 1926 364 1952 cum
395 1927 470 1952 non
500 1915 616 1953 modo
646 1916 683 1952 in
716 1914 827 1952 verbo
857 1915 988 1953 vitium
1019 1915 1084 1959 sit,

47 1964 109 2003 sed
127 1976 248 2013 neque
270 1965 444 2004 sententia
466 1966 604 2014 integra
623 1973 683 2002 aut
706 1965 822 2012 plena.
851 1966 949 2003 Nam
965 1968 1083 2004 &no-

47 2026 136 2053 men
159 2017 328 2060 Maeotis,
353 2027 429 2064 quo
461 2016 561 2064 palus
589 2015 759 2064 Scythica
781 2014 1017 2063 significatur,
1048 2016 1084 2052 in

44 2076 158 2114 quam
189 2066 326 2103 Tanais
353 2066 508 2104 influens
532 2094 543 2109 ‚
578 2065 765 2113 Europam
789 2066 832 2102 ab
862 2066 945 2104 Asia
965 2066 1086 2104 dister-

48 2116 187 2160 minat,
215 2125 379 2164 correpta
401 2117 515 2164 prima
534 2117 703 2164 ponitur:
733 2127 815 2153 cum
848 2126 974 2154 contra
992 2115 1088 2164 apud

48 2165 161 2209 alios,
189 2175 264 2203 tam
286 2166 446 2204 Graecos
465 2177 575 2215 quam
599 2167 751 2203 Latinos
766 2193 776 2209 ‚
804 2167 931 2204 eadem
954 2167 1086 2216 syllaba

59 2226 103 2253 ex
119 2216 238 2264 regula
259 2216 491 2264 producatur.
520 2217 632 2265 Cujus
655 2217 706 2253 rei
724 2217 935 2266 exemplum
961 2217 1082 2265 paffim

57 2265 180 2304 videre
208 2266 257 2303 est
295 2266 389 2314 apud
422 2266 552 2314 Virgil.
590 2268 780 2303 Lucanum
805 2293 815 2310 ,
860 2268 898 2305 ὃ(
934 2277 1086 2305 ceteros.

55 2314 103 2353 Et
121 2316 222 2365 quod
244 2315 288 2354 ad
317 2316 456 2354 sensum
485 2317 635 2361 attinet,
651 2316 732 2365 ‘ipsa
752 2329 903 2366 quoque
925 2318 1086 2355 consitu-

50 2365 124 2403 stio
145 2366 358 2414 imperfecta
379 2368 417 2404 ὅ(
438 2366 667 2409 ἀνακόλουθος
689 2366 758 2411 est,
781 2377 971 2416 propterea
984 2367 1086 2416 quod

45 2415 85 2453 in
105 2424 188 2454 toto
206 2418 279 2454 hoc
292 2425 480 2454 commate
494 2417 644 2455 verbum
667 2417 808 2455 nullum
832 2419 877 2455 est
892 2445 901 2461 ‚
929 2418 970 2456 ad
985 2417 1086 2467 quod

43 2467 197 2504 nomina
216 2467 253 2502 in
272 2467 405 2503 eodem
429 2466 543 2514 posita
563 2468 775 2505 referantur.
801 2468 903 2516 Quid
915 2470 1012 2506 enim
1027 2468 1082 2506 so-

46 2524 137 2553 nant
167 2517 332 2563 perpetui
359 2517 408 2554 illi
440 2517 662 2554 nominativi
687 2544 696 2559 ‚
731 2518 859 2565 longior
891 2518 1015 2566 (five,
1044 2527 1083 2556 ut

48 2565 132 2609 alii,
162 2565 332 2612 Tardior)
361 2567 516 2614 antiquis
537 2568 613 2616 visa
627 2594 635 2608 ,
666 2568 813 2604 Maeotis
830 2567 962 2613 hiems,
982 2569 1083 2606 nullo

48 2615 88 2653 iis
108 2614 349 2663 respondente
378 2617 489 2653 verbo
511 2615 526 2652 ?
563 2618 668 2666 quale
691 2618 821 2662 fuerit,
848 2619 959 2663 abiit,
986 2621 1085 2665 reces-

41 2663 110 2713 sit,
132 2667 312 2715 praeteriit
338 2694 347 2710 ‚
383 2675 443 2704 aut
472 2666 596 2704 fimile.
621 2680 705 2705 nain
740 2669 889 2706 verbum
926 2671 1085 2714 Minuit,

47 2717 147 2764 quod
167 2717 203 2754 in
227 2717 456 2763 praecedenti
477 2727 663 2755 commate
686 2718 733 2755 est
749 2747 759 2762 ,
785 2720 906 2757 referri
926 2721 996 2757 hue
1010 2733 1085 2758 non

47 2767 172 2815 potest.
202 2778 278 2804 non
303 2769 402 2804 enim
434 2768 577 2811 hiems,
604 2768 663 2805 sed
690 2779 752 2806 ver
775 2770 914 2818 mitigat
940 2771 1085 2818 frigora.

47 2815 94 2854 Et
121 2817 376 2855 substantivum
410 2817 488 2863 Est,
518 2818 620 2865 quod
650 2818 694 2856 ad
724 2820 951 2868 participium
982 2823 1084 2868 visa,

51 2863 279 2905 inferendum
299 2868 426 2917 aliquis
448 2867 591 2905 fortasse
612 2868 726 2912 dicat,
756 2870 867 2907 levius
889 2871 1081 2918 el't,qiiatn

51 2924 91 2955 ut
109 2919 294 2954 Minuendi
316 2919 466 2956 verbum
487 2919 586 2967 sequi
601 2947 610 2963 ,
640 2921 676 2956 ὃ(
698 2919 911 2957 sententiam
937 2921 1082 2959 claude-

51 2977 90 3005 re
109 2978 174 3015 pro
205 2968 239 3005 se
261 2979 302 3004 ac
334 2968 452 3006 solum
477 2969 620 3007 debeat.
673 2970 794 3017 Quale
823 2972 922 3008 enim
956 2972 1087 3017 fuerit,

7 3300 17 3577 ,,Ε.ᾼ,ᾼ,.,

54 3017 198 3066 Zephyri
218 3018 384 3055 minuunt
403 3019 537 3066 frigora
552 3047 562 3063 ‚
593 3022 630 3057 ὅ(
660 3021 851 3068 postquam
875 3033 988 3059 annus
1009 3034 1088 3078 per-

6 3076 12 3107 i
54 3067 152 3105 aetus
172 3067 245 3112 est,
272 3069 387 3106 hiems
421 3071 608 3107 Maeotica
642 3071 778 3108 tardior
801 3099 811 3114 ‚
852 3070 924 3109 five
943 3073 1089 3120 longlor

57 3116 146 3154 mihi
169 3117 238 3154 visa
259 3119 320 3162 est,
339 3130 450 3169 quam
472 3122 686 3169 praeteritae
709 3130 818 3170 atque
830 3123 1000 3172 antiquae
1013 3124 1090 3160 hie-

55 3164 162 3203 mes?
190 3168 389 3213 praesertim
414 3175 497 3208 cum
520 3183 596 3208 non
617 3171 831 3220 sequantur,
853 3184 947 3221 quae
960 3174 1091 3211 hiemis

54 3227 198 3254 moram
221 3218 441 3266 amplificent
456 3248 467 3266 ,
491 3220 550 3258 sed
572 3234 665 3269 quae
687 3224 865 3269 temporis
877 3224 1089 3271 qualitatem

10 3316 15 3335 ι
53 3265 263 3306 describant.
312 3269 436 3318 Quare
457 3281 496 3310 ut
528 3273 640 3311 etiarn
669 3272 821 3323 syllabae
847 3274 1090 3323 quantitatem

8 3600 19 3675 ·“-.ᾈ

2062 1674 2180 1746 Jam

1139 1812 1250 1863 figura
1269 1813 1388 1864 aliqua
1404 1815 1482 1864 jam
1506 1821 1671 1862 tegamus
1685 1840 1695 1858 ,
1725 1811 1813 1862 quid
1836 1813 1881 1851 ad
1903 1812 2180 1851 construdtionis

1140 1866 1177 1902 &
1197 1864 1398 1903 sententiae
1430 1864 1605 1902 ἀτέλειαν
1636 1862 1836 1902 dicemus?
1872 1864 1952 1911 Ego
1985 1873 2081 1901 certe
2105 1890 2115 1907 ,
2142 1870 2183 1899 ut

1141 1914 1292 1963 quidem
1321 1915 1446 1953 locum
1481 1915 1596 1963 ipsum
1629 1926 1704 1951 non
1734 1913 1838 1951 facile
1868 1914 2078 1952 restituerim
2096 1940 2107 1957 ,
2133 1912 2183 1949 ita

1139 1973 1264 2002 tamen
1294 1974 1506 2014 corruptum
1529 1964 1688 2003 eundem
1720 1963 1789 2002 effe
1808 1992 1819 2010 ‚
1847 1963 1921 2001 sine
1943 1964 2013 2002 ulla
2039 1963 2184 2001 dubita-

1142 2016 1247 2053 tione
1269 2016 1381 2053 ausim
1403 2016 1593 2053 affirmare.
1628 2016 1807 2052 Micrtt.
1861 2020 2036 2062 Annoque
2051 2014 2186 2064 perabio

1140 2065 1283 2113 Longior
1300 2066 1477 2116 antiquis,
1503 2065 1551 2102 est
1571 2067 1607 2103 in
1630 2067 1745 2102 veteri
1765 2065 1857 2102 libri.
1885 2065 2053 2102 CtOFAN.
2105 2064 2177 2100 La-

1140 2124 1193 2153 tet
1231 2116 1424 2153 mendum.
1471 2115 1615 2152 Tardior
1647 2116 1797 2165 antiqua
1828 2115 1958 2163 priseae
1991 2115 2183 2152 editiones.

1145 2164 1410 2203 nrondelianus
1424 2194 1433 2210 ‚
1460 2166 1613 2213 Largior.
1632 2165 1868 2203 Bersmannus
1883 2194 1892 2210 ,
1907 2164 2040 2202 meavit
2051 2165 2183 2202 Hiems.

1140 2216 1275 2260 Forte,
1298 2216 1430 2261 Bootis,
1455 2224 1494 2253 ut
1506 2216 1596 2253 Fest.
1615 2215 1886 2255 Avien.Descr.
1911 2215 2039 2254 Orbis:

1190 2309 1252 2319 -—·
1276 2310 1338 2319 —
1364 2289 1422 2327 vel
1441 2303 1510 2339 qua
1530 2290 1613 2340 riget
1639 2304 1698 2328 ora
1728 2291 1852 2329 Bo'o'tis.

1138 2350 1196 2408 vel
1215 2371 1326 2407 Bore'z‘s
1348 2368 1478 2412 hiems,
1507 2378 1546 2406 ut
1566 2369 1655 2406 infra
1676 2368 1736 2406 lib.
1756 2381 1809 2406 ιν.
1838 2369 1938 2417 Eleg.
1959 2379 2047 2406 vm.
2074 2377 2176 2403 axem

1138 2422 1281 2460 boreum
1303 2420 1404 2458 dixit.
1431 2420 1627 2457 Priscianus
1648 2419 1824 2468 Periegefi
1843 2433 1850 2456 :

1191 2511 1365 2541 Oceanum
1387 2508 1487 2540 Boreo
1509 2501 1710 2549 contingunt
1722 2499 1852 2547 frigore
1874 2497 1973 2535 duro.

1141 2576 1230 2602 mox
1252 2565 1349 2603 idem
1367 2578 1375 2601 :

1191 2649 1262 2656 —-
1289 2648 1350 2656 -—
1379 2626 1523 2664 Thraces
1546 2621 1656 2660 Boreis
1677 2621 1712 2657 in
1731 2618 1859 2669 finibus
1879 2619 1957 2657 orsi.

1143 2695 1181 2732 δί
1204 2705 1294 2731 mox
1313 2706 1322 2730 t

1191 2775 1254 2782 ——-
1279 2773 1350 2780 —
1376 2762 1472 2788 mons
1494 2747 1656 2797 incipiens
1679 2746 1787 2784 Boreis
1804 2759 1845 2783 ex
1868 2744 2016 2795 Alpibus
2027 2744 2130 2784 altus.

1154 2827 1242 2856 item
1261 2831 1270 2854 :

1196 2881 1258 2917 Ad
1281 2880 1372 2916 latus
1393 2878 1530 2926 istorum
1552 2883 1695 2915 Boreum
1710 2876 1796 2924 sunt
1822 2877 1955 2914 moenia
1974 2876 2083 2915 clara.

1143 2935 1214 2973 Sed
1239 2951 1285 2975 ne
1307 2940 1353 2976 sic
1377 2941 1527 2988 quidem
1547 2940 1624 2978 satis
1646 2939 1846 2989 intelligas,
1875 2942 1962 2991 quid
1979 2943 2078 2982 velit.
2097 2942 2188 2982 Sunt

1144 2989 1205 3035 qui
1231 2992 1488 3037 reponendum
1511 2989 1768 3035 contendant,

1195 3056 1338 3104 Longior
1361 3057 1385 3094 ἰι
1409 3059 1505 3096 vobis
1525 3060 1625 3107 versa
1649 3062 1798 3098 Maeotis
1819 3061 1939 3100 hiems.

1144 3125 1218 3161 hoc
1247 3125 1295 3162 est
1321 3153 1331 3169 ,
1375 3127 1510 3164 Hiems
1546 3127 1731 3164 Maeotica
1763 3126 1984 3175 jampridem
2016 3125 2036 3164 Ia
2066 3126 2189 3168 vobis,

1145 3176 1206 3221 qui
1228 3175 1264 3212 in
1290 3176 1388 3213 ltalia
1412 3176 1561 3225 degitis,
1589 3176 1686 3214 versa
1708 3177 1767 3214 est.
1797 3180 1854 3215 cui
1886 3178 2117 3226 conjecturae
2139 3176 2189 3211 as-

1146 3224 1285 3313 &egsum
1309 3228 1481 3276 praebere
1508 3239 1586 3266 non
1615 3225 1770 3277 possum.
1791 3227 2011 3276 Cogitabam
2032 3227 2191 3274 aliquan-

1211 3302 1223 3322 ’
1324 3326 1433 3365 Ffff
1459 3338 1478 3377 3

2040 3343 2100 3354 ⁸-
2125 3334 2194 3369 asi}
