2495 3675
248 202 348 275 702
689 193 1313 257 ‘ROVIDII

918 409 1320 476 E1³1sT

772 553 1302 635 MAX

1385 189 1914 253 NASONIS

1377 425 1613 469 oLA
1712 402 1786 468 ΙΙ.

1427 551 1913 632 ΙΜΟ.

715 752 940 816 Axime,
977 751 1071 822 qui
1095 748 1226 803 tanti
1248 746 1544 802 mensuram
1568 747 1799 801 nominis
1822 747 2043 819 imples}

787 825 857 878 Et
885 824 1120 895 geminas
1144 821 1304 876 animi
1330 819 1608 873 nobilitate
1631 836 1827 890 genus;

560 902 670 973 Qui
700 898 836 953 nasci
861 911 920 950 ut
947 895 1140 966 posse8‚

1179 892 1418 965 quamvis
1447 891 1694 946 cecidere
1721 894 1980 958 trecenti,

636 973 765 1027 Non
793 986 978 1023 omnes
1009 967 1194 1022 Fabios
1218 965 1423 1020 abstulit
1450 981 1551 1016 una
1580 965 1691 1018 dies
1714 988 1728 1025 ;

407 1066 442 1115 v5
557 1044 795 1100 Forfitan
823 1042 953 1095 haec
980 1043 1009 1094 a
1040 1058 1150 1113 quo
1173 1039 1413 1093 mittatur
1439 1037 1652 1106 epistola
1688 1054 1944 1108 quaera83

630 1116 851 1188 Quique
880 1116 1065 1185 loquar
1090 1129 1269 1167 tecum
1291 1151 1307 1174 ,
1346 1112 1544 1163 certior
1572 1107 1675 1161 effe
1702 1111 1849 1165 velis.

560 1186 675 1245 Hei
702 1188 856 1241 mihi!
898 1186 1029 1258 quid
1055 1185 1275 1239 faciam?
1318 1199 1537 1242 vereor,
1575 1198 1642 1233 ne
1671 1183 1888 1238 nomine
1912 1183 2052 1240 leflo

639 1262 821 1318 Durus
837 1297 855 1325 ,
896 1262 950 1314 &
978 1259 1154 1315 aversa
1178 1271 1357 1316 cetera
1383 1266 1561 1309 mente
1586 1253 1743 1324 legas,

325 1535 361 1572 r.
391 1528 594 1579 Maxima]
633 1529 763 1568 Fabius
780 1529 842 1567 hic
867 1529 1057 1567 Maximus
1079 1538 1165 1566 cum
1190 1526 1321 1565 intima

275 1585 520 1624 familiaritate
555 1581 696 1618 Caesari
738 1581 904 1628 Augusto
934 1581 1044 1617 fuerit
1078 1578 1321 1627 conjuneius,

276 1648 354 1674 non
377 1636 559 1672 invenitur
579 1642 702 1669 tamen
718 1659 728 1676 ‚
757 1632 858 1681 quod
879 1632 1040 1675 mireris,
1068 1631 1163 1678 apud
1173 1629 1322 1677 scripto-

276 1698 331 1725 res
354 1686 431 1723 ullis
450 1684 593 1723 funerus
613 1682 827 1720 honoribus.
855 1682 914 1719 Ad
935 1682 1034 1718 hunc
1054 1680 1216 1717 nostrum
1240 1680 1321 1727 opi-

275 1748 346 1774 nor
373 1736 560 1774 referenda
591 1733 660 1770 effe
698 1733 917 1780 Quintiliani
949 1732 1008 1768 illa
1045 1731 1319 1768 Institutionum

283 1788 537 1824 oratoriarum
568 1785 626 1821 lib.
653 1795 704 1819 vx.
732 1781 865 1830 cap.⁴3.
902 1789 942 1818 In
973 1780 1166 1829 metalepfin
1194 1795 1324 1830 quoque

280 1837 378 1874 cadit
419 1838 506 1873 ratio
536 1835 739 1875 dierorum;
786 1843 824 1868 ut
859 1831 982 1868 Fabius
1006 1833 1191 1868 Maximus
1227 1831 1323 1866 incu-

274 1890 362 1937 sans
385 1886 527 1935 Augusti
559 1884 827 1932 cwgiariomm,
857 1896 943 1929 quae
972 1881 1092 1917 amicis
1123 1880 1325 1925 dabantur,

283 1937 526 1986 exiguitatem,
556 1935 751 1972 heminaria
771 1935 827 1982 effe
845 1933 948 1969 dixit.
986 1933 1045 1968 De
1076 1942 1196 1969 morte
1219 1933 1326 1980 hujus

283 1989 383 2027 Fabii
400 1988 528 2025 Noster
543 1987 642 2023 infra
660 1986 750 2021 libro
775 1996 827 2020 iv.
849 1986 886 2020 ὅτ
907 1983 1039 2020 Plinius
1061 1983 1151 2020 libro
1167 1994 1327 2029 V11.cap.

286 2048 349 2089 45.
377 2046 516 2086 praeter
539 2036 732 2074 Tacitum.
761 2036 905 2072 Hiems.
941 2035 1057 2081 Atqui
1082 2033 1328 2081 Glandorpius

285 2089 472 2128 consulem
504 2090 602 2125 hunc
625 2087 775 2123 Fabium
804 2086 890 2121 facit
918 2084 965 2120 A.
987 2085 1034 2120 V.
1056 2084 1098 2120 C.
1129 2094 1328 2121 Dccxcm.

284 2148 325 2178 ut
346 2141 383 2177 &
409 2139 546 2186 Lipfius
569 2139 667 2174 fecit.
693 2136 751 2173 sed
774 2136 872 2172 hunc
895 2132 997 2171 fuiffe
1018 2135 1124 2182 hujus
1145 2134 1242 2170 Fabii
1266 2146 1330 2181 pa-

285 2199 381 2228 trem
404 2190 513 2227 docet
546 2188 702 2225 Masion.
727 2187 763 2223 in
796 2187 868 2223 vita
892 2184 1033 2222 Ovidii.
1055 2185 1097 2221 ad
1132 2185 1178 2220 Α.
1209 2184 1256 2220 V.
1286 2184 1329 2222 C.

290 2253 494 2278 nccrxvn.
522 2241 558 2276 in
582 2239 696 2276 Servii
717 2237 847 2274 codice
869 2244 967 2279 erat,
995 2235 1041 2271 ad
1063 2234 1330 2283 {QMaximum

288 2291 451 2329 Fabium.
479 2292 514 2328 in
539 2290 700 2332 Moreti,
730 2287 891 2324 Maximo
910 2285 1035 2322 Amico
1049 2290 1122 2332 suo.

346 2354 377 2380 1.
406 2339 648 2390 Mensuram.]
699 2338 867 2375 Virtutem
889 2348 934 2374 ex
957 2336 1067 2373 exefis
1088 2336 1187 2373 senio
1210 2348 1332 2374 mem-

288 2393 407 2431 branis
426 2392 596 2430 scribebat
616 2389 795 2427 Barthius.
818 2396 1019 2424 nectamen
1035 2387 1245 2435 persuadere
1264 2399 1331 2435 po-

290 2445 374 2481 terit
402 2443 542 2485 alicui,
578 2442 639 2488 qui
671 2441 708 2477 in
743 2439 888 2477 Nasone
925 2437 1083 2487 legendo
1113 2437 1248 2476 multus
1274 2439 1333 2476 est.

290 2493 345 2532 Ita
366 2494 512 2543 Sappho
536 2491 645 2540 Epist.
666 2502 728 2527 xv.
747 2500 808 2539 33.

394 2569 528 2599 Nomen
553 2560 642 2612 quod
663 2569 773 2595 terras
793 2557 935 2614 impieat
955 2571 1070 2596 omnes

343 2613 400 2661 Est
419 2613 507 2651 mihi
520 2641 531 2658 ,
559 2611 758 2660 mensuram
781 2609 929 2646 nominis
946 2609 1015 2659 ipsa
1032 2612 1118 2656 fero.

299 2677 430 2716 1.Fast.
450 2680 498 2717 60
528 2707 535 2716 .

350 2734 478 2777 Magne
492 2690 621 2773 ‚3tusim
643 2740 765 2765 nomen
785 2739 898 2763 rerum
922 2727 1082 2774 mensura
1102 2736 1245 2763 tuarum
1256 2726 1311 2773 est.

297 2777 336 2814 &
357 2781 442 2825 quid
461 2780 594 2829 quaeso
616 2779 662 2816 est
685 2778 801 2814 virtus
825 2777 999 2814 nominis?
1027 2786 1087 2814 aut
1109 2776 1198 2825 quid
1221 2805 1230 2820 ‚
1267 2778 1339 2813 im-

295 2827 384 2876 plere
413 2829 583 2866 virtutem
615 2828 762 2865 nominis
784 2837 798 2865 ,ἓ
833 2828 907 2864 hoc
929 2836 1018 2874 puto
1047 2829 1167 2874 potius
1186 2826 1337 2874 glossam

300 2879 562 2964 glonaclialem
593 2881 692 2916 olere
716 2907 725 2923 ‚
768 2890 880 2927 quam
917 2877 1020 2928 quod
1053 2878 1163 2926 vulgo
1197 2878 1340 2926 legitur.

335 2942 433 2966 URM.

353 2981 387 3014 6.
417 2981 569 3030 {Quisque
588 2978 749 3029 laquata]
786 2980 926 3030 §Quique
954 2979 1120 3017 nonnulli
1143 2987 1309 3016 veterum
1328 3007 1339 3023 ‚

302 3029 341 3066 &
363 3042 451 3066 mox
467 3059 474 3073 ‚
499 3032 557 3067 Hei
578 3031 685 3071 mihi,
715 3041 779 3077 pro
803 3031 1003 3066 Hetabcne.
1036 3031 1178 3067 Hcms.
1208 3031 1344 3077 §Quisve

300 3080 445 3127 Junian.
466 3082 598 3128 quaeris
620 3082 731 3118 etiam
752 3080 925 3128 superiori
948 3080 1046 3116 versu
1066 3081 1150 3126 Jun.
1175 3081 1282 3118 Leid.
1304 3083 1342 3118 &

301 3131 448 3179 plurimi
474 3132 542 3167 aiii.

357 3192 389 3225 7.
420 3184 479 3218 Hei
498 3181 622 3229 mihi]
679 3181 799 3218 Ursini
827 3181 915 3218 liber
945 3180 985 3215 Ei
1008 3181 1081 3218 sine
1112 3182 1342 3228 aspiratione.

302 3231 401 3268 vere.
432 3233 476 3268 iic
498 3236 533 3268 ὅ(
561 3245 593 3267 in
623 3244 651 3264 ν’
669 3232 730 3266 reri
753 3232 889 3268 Tibulli
911 3232 1024 3275 ivaro,
1055 3233 1114 3279 qui
1139 3235 1174 3270 in
1195 3234 1342 3270 Vatica-

300 3293 349 3319 na
371 3282 587 3320 bibliotheca
612 3280 817 3319 asservatur.
842 3281 1033 3318 dedu-itur
1067 3283 1165 3318 enini
1202 3282 1244 3318 ab
1265 3284 1342 3330 eju-

301 3332 399 3371 landi
421 3334 532 3372 verbo
554 3361 565 3379 ,
604 3343 641 3371 ut
673 3335 711 3371 in
734 3335 823 3370 meis
855 3334 892 3369 in
923 3332 1247 3381 Metamorphofin
1276 3333 1342 3371 ob-

2319 1382 2415 1440 Vi-

1377 1522 1639 1563 servationibus
1662 1524 1853 1564 annotavi.
1879 1522 1929 1562 fic
1954 1523 2066 1561 etiam
2097 1522 2133 1561 in
2163 1522 2309 1573 Virgilii
2327 1521 2418 1561 libro
2440 1513 2456 1523 '

1379 1575 1544 1625 ejusdem
1578 1573 1826 1612 Bibliothecae
1858 1574 1981 1612 litteris
2018 1573 2222 1621 majusculis
2249 1582 2419 1618 exarato.

1379 1629 1441 1676 qui
1464 1625 1634 1662 omnium
1659 1626 1766 1674 hujus
1793 1628 1935 1674 generis
1955 1625 2221 1670 exemplarium
2247 1636 2338 1663 unus
2359 1635 2422 1671 ang

1381 1676 1598 1726 tiquiffimus
1617 1675 1689 1720 est,
1721 1688 1767 1714 eo
1787 1677 1874 1713 loco
1893 1688 1944 1714 xr.
1965 1676 2024 1713 lib.
2045 1674 2196 1714 AEneid.

1732 1729 1772 1762 Ei
1798 1726 1886 1763 mihi
1907 1737 2081 1776 quantum

1431 1777 1644 1823 Praefidium
1666 1778 1821 1825 Aufhnia
1836 1805 1846 1822 ,
1866 1789 1908 1817 <9¹
1926 1789 2101 1828 quantum
2121 1788 2161 1815 tu
2173 1778 2288 1828 perdis
2306 1777 2404 1824 Juli.

1383 1838 1426 1894 In
1449 1853 1525 1888 quo
1546 1842 1638 1879 libro
1658 1843 1761 1880 locus
1782 1843 1841 1880 ille
1863 1855 1907 1880 ex
1927 1843 2137 1882 11.AEneid.
2164 1844 2424 1893 Haimihiquass

1383 1888 1425 1924 lis
1444 1901 1528 1927 erat.
1560 1894 1631 1930 &c.
1659 1892 1908 1937 desideratur3
1949 1895 2118 1942 quamvis
2146 1895 2295 1944 quidam
2324 1897 2424 1945 ajunt

1384 1942 1638 1989 transpofitum
1671 1942 1741 1981 effe
1771 1945 1983 1992 paginarum
2016 1957 2211 1983 numerum
2239 1959 2248 1983 ε
2286 1958 2356 1995 ego
2373 1954 2425 1984 ta-

1386 2002 1471 2027 men
1500 2005 1576 2029 non
1610 2005 1718 2041 parva
1748 1995 1906 2032 adhibita
1926 1996 2110 2043 diligentia
2132 2024 2141 2040 ‚
2171 1998 2325 2044 reperire
2349 2007 2426 2035 non

1385 2043 1502 2088 potui.
1537 2044 1724 2081 Praeterea
1756 2045 1804 2082 ita
1831 2045 2057 2083 scribendum
2089 2048 2262 2096 praecipit
2296 2048 2429 2086 Gram-

1385 2093 1607 2130 maticorum
1624 2097 1790 2143 princeps
1806 2123 1816 2137 ,
1829 2095 2026 2134 Priscianus
2043 2097 2104 2134 lib.
2127 2109 2197 2134 vrr.
2218 2099 2318 2147 cujus
2337 2098 2442 2136 haec‘

1386 2141 1467 2179 sunt
1493 2145 1599 2181 verba
1622 2155 1630 2179 ἰ
1672 2146 1714 2181 Ei
1743 2159 1873 2196 quoque
1903 2160 1981 2183 cum
2005 2148 2275 2195 monosyllabum
2296 2147 2351 2191 effe
2371 2149 2430 2186 de-

1387 2191 1477 2229 beret
1490 2222 1498 2237 ,
1527 2208 1603 2231 cum
1613 2196 1792 2243 genitivus
1809 2197 1879 2241 ejus
1897 2196 1942 2243 fit
1963 2197 2181 2246 dissyllabum
2196 2225 2206 2241 ‚
2220 2208 2279 2246 per
2298 2198 2430 2235 diaere-

1379 2241 1438 2292 fin
1460 2242 1484 2278 ὰ
1508 2247 1618 2280 Po'e'tis
1632 2247 1777 2292 proferri
1795 2246 1978 2282 invenitur
1996 2246 2208 2295 differentiae
2229 2250 2353 2296 causas
2384 2261 2424 2285 ne

1380 2292 1416 2348 fi
1437 2294 1709 2343 monosyllabum
1734 2295 1783 2343 sit
1801 2324 1811 2340 ,
1838 2296 2025 2345 interjec‘lio
2053 2298 2109 2346 effe
2125 2306 2281 2346 putetur.
2320 2298 2431 2348 Virgifi

1390 2343 1458 2380 dms
1476 2343 1513 2381 in
1532 2358 1577 2383 11.
1604 2347 1786 2383 AEneidos:

1443 2409 1486 2444 Ei
1506 2408 1595 2446 mihi
1616 2408 1730 2459 qualis
1750 2419 1826 2446 erat
1845 2420 2021 2458 quantum
2041 2419 2202 2448 mutatus
2222 2410 2265 2447 ab
2286 2409 2346 2448 illo

1443 2462 1605 2495 Heclore!

1391 2510 1458 2546 Nil
1477 2522 1595 2547 tamen
1616 2510 1759 2548 mirum.
1795 2512 1902 2550 Haec
1934 2511 2144 2549 Priscianus.
2197 2515 2325 2562 Quare
2343 2515 2430 2563 quin

1391 2561 1435 2597 Ei
1458 2561 1591 2610 absque
1620 2562 1859 2609 adspiratione
1888 2562 2114 2599 scribendum
2149 2562 2190 2601 fit
2216 2591 2226 2608 ,
2251 2567 2313 2613 qui
2338 2565 2431 2613 post-

1390 2611 1461 2648 hac
1476 2613 1655 2659 ambigat,
1685 2614 1764 2649 fore
1792 2613 1928 2659 opinor
1950 2614 2153 2650 neminem.
2207 2615 2247 2652 ln
2268 2613 2432 2653 Terentii

1393 2662 1503 2699 etiam
1526 2662 1641 2705 libris,
1670 2664 1733 2711 qui
1753 2664 1787 2699 in
1813 2662 1943 2700 eadem
1959 2691 1969 2707 ,
1995 2674 2105 2712 quam
2131 2664 2247 2702 modo
2267 2665 2434 2708 dixi,Bi-

1391 2711 1575 2749 bliotheca
1595 2712 1675 2750 sunt
1690 2740 1700 2756 ‚
1730 2722 1908 2760 perpetuo
1928 2714 1977 2751 est
2003 2715 2053 2757 ei;
2082 2723 2122 2751 ut
2150 2715 2361 2762 imprell'um
2380 2715 2432 2753 le·
2455 2715 2464 2726 '⁷

1392 2764 1429 2811 gi
1452 2763 1486 2799 in
1510 2762 1692 2801 Terentio
1714 2764 1890 2801 Gabrielis
1914 2764 2056 2801 Faerni.
2085 2766 2253 2803 C10FAN.
2302 2766 2343 2803 In
2365 2767 2431 2803 hac

1398 2813 1652 2851 observatione
1670 2823 1848 2862 quantum
1864 2815 1923 2851 fibi
1945 2815 2117 2862 placuerit
2137 2816 2316 2853 Ciofanus
2329 2815 2432 2861 ,inde

1397 2873 1567 2911 apparet,
1589 2866 1689 2912 quod
1702 2865 1901 2912 saepiffime
1913 2866 2082 2902 eamdem
2105 2878 2241 2914 magno
2265 2875 2435 2904 eunitae-

1398 2916 1462 2950 le
1482 2914 1634 2963 legentis
1656 2916 1851 2962 repetierit.
1879 2915 1953 2953 vid.
1974 2915 2019 2953 ad
2039 2916 2098 2953 lib.
2119 2929 2147 2955 1.
2174 2918 2270 2955 Met.
2291 2929 2371 2967 523.
2396 2917 2434 2955 δε

1399 2976 1489 3001 vni.
1511 2977 1595 3011 491.
1623 2968 1662 3003 ὃς
1685 2965 1778 3003 alibi.
2347 2980 2355 2995 2

1451 3029 1485 3065 8.
1513 3033 1651 3079 Aversa
1674 3031 1823 3081 menta]
1880 3031 1995 3070 Servii
2021 3030 2109 3069 liber
2126 3058 2137 3075 ,
2164 3033 2288 3080 aversa
2309 3033 2436 3080 fiante.

1398 3079 1548 3129 adversa
1571 3093 1683 3118 mente
1703 3083 1821 3120 multi.

1449 3141 1486 3179 9.
1519 3132 1648 3168 Viderit
1680 3131 1761 3168 haec
1791 3132 1919 3180 aliquis
1939 3159 1950 3175 ,
1992 3130 2056 3168 tibi
2086 3144 2138 3168 me
2161 3129 2438 3182 scriffissesatm'

1399 3182 1545 3217 Audebo
1561 3210 1570 3225 ‚
1600 3181 1699 3229 eya]
1731 3182 1996 3230 Interrogative
2017 3182 2101 3230 lego
2123 3184 2217 3227 prius
2239 3184 2410 3220 dulichon
2425 3207 2438 3224 ‚

1400 3241 1438 3268 ut
1457 3231 1497 3269 fit
1520 3235 1640 3270 oratio
1673 3232 1867 3269 dubitantis
1884 3260 1893 3275 ,
1929 3240 2050 3269 utrum
2082 3233 2185 3269 fateri
2223 3233 2308 3270 velit
2329 3261 2339 3277 ,
2366 3232 2438 3268 sive

1399 3283 1551 3325 audeat,
1579 3283 1613 3319 se
1633 3281 1677 3319 ad
1705 3282 1914 3319 Maximum
1946 3283 1991 3319 de
2014 3282 2080 3319 suis
2106 3282 2209 3320 rebus
2240 3295 2284 3321 ex
2307 3279 2439 3330 profes-

1398 3333 1459 3378 s0,
1486 3335 1524 3372 ἅ
1549 3333 1705 3372 nomine
1732 3344 1810 3371 non
1833 3333 1950 3371 celato
1968 3333 2143 3380 scribere,
2178 3345 2222 3372 an
2243 3336 2440 3418 mi..us.stut

2325 3393 2372 3430 ΡΟ
2405 3391 2442 3428 e:
