2495 3675
645 184 705 241 P.
777 178 1195 241 OVIDII
1268 175 1796 236 NASONIS

450 299 683 356 Nomina
706 299 919 355 ridebis,
958 295 1127 351 modo
1153 309 1383 366 namque
1410 293 1676 351 Patulcius
1711 295 1886 359 idem,

315 391 414 439 130

531 372 600 429 Et
625 373 792 427 modo
818 369 1054 426 sacrifico
1077 365 1284 420 Clusius
1309 383 1404 420 ore
1427 384 1613 423 vocor.

423 501 426 504 Α
457 446 670 502 Scilicet
696 447 902 500 alterno
923 440 1094 496 voluit
1118 437 1265 492 rudis
1289 437 1374 492 illa
1396 441 1623 495 vetustas

532 519 770 573 Nomine
793 515 1021 572 diversas
1045 511 1334 584 significare
1360 511 1518 566 vices,

462 591 512 649 V
519 592 562 646 is
589 608 707 646 mea
731 601 935 645 narrata
959 586 1033 641 est
1059 604 1069 640 :
1110 583 1336 639 caussam
1362 602 1502 639 nunc
1530 585 1675 641 disce
1698 586 1915 659 figurae.

532 664 652 734 Jam
682 676 862 716 tamen
889 660 1024 715 hanc
1051 659 1225 731 aliquit
1251 670 1308 711 tu
1334 675 1554 730 quoque
1581 671 1732 731 parte
1757 661 1920 717 videS.

324 753 414 810 135
458 737 647 792 Omnis
671 735 829 789 habet
855 733 1121 806 geminas,
1156 731 1280 784 hinc
1306 744 1467 802 atque
1492 731 1647 795 hinc,
1681 733 1840 803 janua
1865 734 2095 789 frontes:

540 810 590 862 E
616 807 805 880 quibus
831 807 962 861 haec
986 804 1246 878 populum
1272 803 1500 876 speciat3
1540 818 1590 858 at
1616 806 1700 860 'illa
1726 806 1940 861 Larem.

464 880 677 954 thue,
717 880 903 935 sedens
928 877 1098 933 vester
1123 876 1281 950 primi
1308 894 1476 949 prope
1502 879 1682 934 limina
1711 878 1866 943 teffi,

532 954 738 1024 Janitor
764 951 995 1025 egressus
1020 950 1378 1021 introitusque
1406 950 1584 1013 videt;

466 1026 551 1081 Sic
568 1044 683 1110 *ego
709 1026 1005 1098 prospici0‚
1042 1022 1282 1078 coelestis
1307 1022 1498 1092 janitor
1523 1025 1671 1080 aulae
1688 1063 1704 1088 ,

330 1116 428 1167 140

542 1098 680 1152 ans
703 1113 877 1171 partes
900 1097 1295 1169 Hesperiasque
1320 1095 1485 1151 simul.

470 1173 581 1226 Ora
608 1171 755 1225 vides
783 1171 1023 1225 Hecates
1047 1170 1101 1222 in
1129 1185 1235 1222 tres
1259 1171 1535 1240 vergentia
1558 1182 1764 1242 partes,

545 1244 731 1298 Servet
758 1258 817 1299 ut
845 1246 900 1299 in
926 1256 1099 1298 ternas
1127 1240 1365 1310 compita
1388 1242 1523 1296 festa
1547 1244 1669 1298 vias,

238 1461 319 1499 126.
346 1463 392 1496 Et
421 1457 509 1495 redit
539 1455 641 1505 officio
660 1454 806 1505 Jupiter
823 1454 917 1505 itque
937 1451 1049 1502 meo.]
1080 1455 1126 1488 Et
1147 1450 1237 1489 redit

185 1511 288 1560 officio
317 1509 461 1558 Jupiter
489 1508 552 1557 ipse
583 1508 700 1554 scripti
724 1508 900 1556 plerique.
938 1506 1130 1543 Nimirum
1153 1515 1237 1541 vera

183 1563 298 1601 lectio
321 1561 391 1606 est,
422 1567 474 1603 It,
502 1559 592 1595 redit
622 1557 725 1605 officio
747 1557 893 1606 Jupiter
912 1556 977 1606 ipse
996 1568 1090 1598 meo,
1121 1566 1236 1604 quam

187 1613 381 1650 Vossianus
409 1612 447 1648 ὅς
474 1610 616 1658 septem
643 1609 702 1648 alii
733 1607 947 1657 agnoscunt.
984 1606 1117 1644 Statius
1138 1605 1238 1655 Sylv.

187 1664 249 1702 lib.
272 1677 304 1702 ι.
328 1675 375 1701 11.
396 1673 453 1711 34.

417 1712 495 1748 licet
511 1710 696 1760 expofitum
712 1719 772 1759 per
789 1708 899 1747 limen
920 1717 1034 1759 aperto

244 1770 295 1800 Ire
315 1764 424 1800 redire
443 1762 568 1810 gradu.

191 1815 336 1853 Aueor
357 1813 503 1861 Elegiae
526 1814 563 1850 in
584 1812 729 1850 obitum
751 1810 999 1849 Maecenatis:

244 1865 434 1914 Inreligata
457 1863 543 1900 ratis
566 1874 764 1912 numquam
787 1861 915 1912 laffata
937 1860 1058 1899 carina

302 1923 334 1953 lt
348 1944 357 1960 ,
385 1915 474 1952 redit
495 1915 534 1951 in
554 1914 666 1962 vastos
679 1914 812 1962 semper
830 1912 948 1960 onusta
970 1912 1077 1949 lacus.

192 1968 254 2006 ubi
282 1966 480 2016 legendum
495 1992 507 2009 ‚
545 1977 729 2015 nunquam
750 1964 875 2012 lassata
898 1964 1045 2013 rapina,
1074 1963 1120 2001 de
1143 1961 1242 1999 Cha-

193 2019 309 2056 rontis
321 2016 453 2066 cymba
466 2017 594 2064 agitur.
622 2015 941 2057 usitatiustamen,
966 2021 1064 2065 Itque
1076 2013 1243 2062 reditque.

195 2068 299 2119 quod
313 2067 409 2117 apud
422 2067 619 2116 Virgilium
636 2094 646 2111 ,
676 2065 803 2103 Silium
819 2094 829 2110 ,
857 2066 1027 2110 Statium,
1048 2064 1255 2102 Val.Flac-'

196 2132 282 2158 curn
299 2147 310 2164 ,
344 2119 433 2156 alios
456 2118 625 2155 occurrit.
647 2116 756 2154 etiam
782 2116 878 2164 apud
898 2116 1072 2154 Nostrum
1087 2115 1196 2154 Trist.
1211 2127 1243 2153 v.

197 2171 302 2219 Eleg.
327 2181 396 2206 v11.
425 2167 569 2206 videtur
588 2176 714 2206 autem
735 2164 884 2204 allusisse
904 2167 1003 2204 Naso
1027 2167 1072 2204 ad
1087 2175 1243 2216 etymon

199 2221 366 2259 nominis
386 2247 397 2264 ‚
435 2230 520 2257 cum
555 2218 688 2257 Cicero
709 2218 854 2264 Janum
885 2218 929 2256 ab
952 2217 1079 2256 eundo
1103 2222 1245 2254 Eanum

201 2272 371 2322 appellet.
397 2271 544 2307 Heius.

259 2334 338 2368 127.
373 2322 457 2358 Inde
474 2334 575 2358 vocor
595 2319 757 2370 Janus.]
788 2320 876 2358 Huc
893 2318 1250 2369 spectatiocusTui-

201 2373 239 2412 lii
260 2373 322 2410 lib.
346 2385 390 2410 11.
417 2372 461 2410 de
488 2373 629 2410 Natura
656 2372 839 2410 Deorum:
871 2372 975 2419 {Quod
995 2371 1039 2408 ab
1058 2370 1167 2408 eundo
1191 2383 1249 2406 no·

204 2437 282 2461 men
310 2423 353 2470 eft
373 2423 518 2459 duorum
533 2451 544 2467 ,
579 2436 620 2459 ex
641 2436 705 2472 quo
726 2422 949 2459 transitiones
964 2422 1106 2471 perviae
1128 2421 1223 2467 Jam·
1239 2448 1249 2465 ,

199 2476 358 2524 foresque
383 2473 422 2510 in
446 2473 627 2511 liminibus
641 2475 871 2523 profanarum
889 2473 1029 2510 aedium
1043 2474 1178 2522 januae
1193 2485 1250 2508 no-

206 2525 402 2561 minantur.
430 2524 606 2561 Nisapoi..

265 2585 348 2618 127.
375 2574 443 2609 Cui
461 2574 577 2624 cum.]
611 2574 704 2611 Mihi
724 2587 800 2610 cum
824 2572 1023 2611 Bernenfis.

266 2623 348 2660 128.
377 2624 524 2670 Imponit
550 2624 697 2672 libum]
738 2624 904 2669 Suspicor
936 2624 1009 2659 hoc
1037 2623 1125 2659 illud
1152 2621 1223 2658 effe
1245 2649 1255 2664 ‚

215 2674 260 2712 de
291 2684 367 2723 quo
395 2672 515 2709 Festus
534 2673 745 2721 Pompejus:
774 2672 919 2716 Janual
939 2671 1001 2708 libi
1014 2684 1141 2719 genus,
1168 2672 1257 2721 quod

215 2726 315 2771 Jano
335 2722 577 2761 tantummodo
600 2723 743 2760 libatur.
770 2723 947 2759 Neapoi..

273 2774 353 2812 128.
383 2773 792 2822 Farraquemixtasale.]
823 2773 967 2810 Molam
980 2771 1115 2810 salsam.
1143 2771 1261 2808 IDEM.

219 2825 297 2861 Sale
318 2823 595 2873 plurimiscripti
610 2825 647 2862 δε
661 2825 762 2861 editi.
791 2823 956 2861 vid.infr.
977 2835 1031 2859 vi.
1049 2835 1129 2867 ¹70·
1159 2823 1195 2858 &
1214 2823 1262 2858 ita

220 2875 334 2913 edidit
356 2874 546 2922 Neapolit.
572 2887 638 2923 pro
670 2875 810 2923 imponit
839 2874 1010 2911 Heinsius
1032 2874 1261 2921 conjecerat,

214 2927 359 2975 seponit.
387 2934 427 2961 nt
456 2925 516 2961 lib.
544 2937 608 2963 xii.
639 2937 723 2974 730.
750 2925 833 2967 vel,
870 2925 1044 2974 apposuit:
1072 2924 1151 2968 vel,
1184 2924 1262 2971 jam

215 2975 341 3027 posuit.
382 2975 543 3023 Imposuit
571 2976 661 3013 liber
683 2976 866 3014 Strozzae.
895 2980 933 3013 δε
955 2984 1053 3012 certe
1073 2976 1266 3022 imponere,

222 3027 407 3075 requirere
436 3025 581 3064 videtui·
608 3039 713 3070 arae,
751 3028 908 3075 menduc,
937 3027 995 3064 vel
1022 3025 1137 3063 simile
1167 3025 1268 3073 quid.

224 3077 359 3116 Euam.

284 3140 366 3177 130.
394 3124 531 3176 Clusius
561 3141 614 3164 ore
638 3127 776 3177 vocon]
813 3127 909 3165 Tres
928 3126 1024 3175 apud
1047 3139 1107 3165 me
1129 3136 1270 3164 veteres

227 3179 326 3228 quasi
351 3179 398 3216 de
429 3179 627 3226 compasto
647 3179 805 3222 habent,
834 3178 1003 3224 Claufius.
1031 3178 1078 3215 sic
1098 3179 1269 3225 scriptum

226 3231 266 3267 δε
287 3230 361 3267 hoc
382 3229 462 3276 Jani
483 3238 775 3278 cognomentum
796 3230 890 3277 apud
901 3230 1133 3267 Macrobiurri
1150 3230 1270 3277 primo

229 3280 299 3318 Sat.
328 3292 406 3329 cap.
426 3292 462 3327 9.
500 3280 561 3317 ubi
591 3281 687 3328 plura
707 3282 775 3317 alia
799 3292 883 3317 cum
909 3280 977 3318 suis
999 3281 1131 3329 etymis
1152 3281 1193 3318 fis
1217 3280 1271 3317 vi-

227 3330 284 3369 de.
319 3331 498 3371 Nzavot.
535 3330 671 3382 Clufius
701 3331 926 3371 vetustiores.
979 3331 1094 3381 Apud
1119 3332 1273 3381 Macro<

2261 1319 2337 1376 Et

1290 1451 1395 1490 bium
1425 1452 1601 1490 Saturnal.
1619 1451 1681 1490 lib.
1701 1465 1728 1491 1.
1759 1465 1838 1502 cap.
1868 1464 1905 1502 9.
1935 1453 2094 1506 Clausius
2109 1456 2161 1496 bis
2180 1458 2339 1507 dicitur,

1292 1503 1493 1553 quomodo
1518 1506 1553 1541 ὅ(
1577 1504 1638 1541 liic
1660 1504 1765 1542 multi
1787 1506 1946 1544 codices.
1974 1507 2045 1547 Sed
2058 1507 2133 1546 duo
2145 1512 2344 1551 veterrima

1294 1555 1517 1603 exemplaria
1547 1555 1753 1601 Macrobii,
1781 1556 1936 1594 alterum
1961 1558 2214 1605 Thuaneum,
2241 1562 2345 1600 Nea-

1293 1606 1501 1655 politanum
1542 1607 1696 1644 alterum
1722 1634 1731 1650 ,
1779 1607 1957 1656 Clufivius
1994 1609 2068 1647 illic
2107 1612 2309 1659 agnoscunt
2330 1628 2343 1658 3

1296 1657 1401 1706 quod
1422 1657 1460 1694 ὅ(
1482 1656 1679 1705 postremas
1701 1658 1779 1708 ejus
1798 1659 2071 1708 editionesjam
2085 1661 2278 1710 occupasse
2289 1664 2346 1702 vi·

1297 1709 1383 1746 deo.
1419 1708 1555 1757 Neque
1585 1709 1688 1746 aliter
1719 1720 1806 1746 euin
1827 1710 1971 1748 Servius
1990 1711 2154 1749 Danielis
2173 1714 2347 1753 nominat

1296 1758 1343 1796 ad
1360 1758 1504 1797 sextum
1526 1758 1720 1797 AEneidos.
1745 1760 1801 1803 Js’ls.
1823 1762 1908 1799 610.
1935 1760 1998 1798 ubi
2027 1770 2152 1800 tamen
2179 1764 2350 1803 Patulcus

1297 1821 1487 1860 perperam
1508 1810 1719 1859 appellatur.
1749 1814 1876 1859 Quare
1898 1823 2025 1861 parum
2040 1813 2250 1864 abest,quin
2263 1817 2350 1864 opi·

1295 1872 1363 1899 ner
1382 1860 1570 1908 clus-oium
1592 1862 1635 1899 ab
1658 1862 1801 1900 Ovidio
1819 1862 1959 1900 dicium
1984 1864 2187 1905 contracte.
2211 1874 2253 1904 ut
2272 1867 2350 1915 Ves-

1274 1943 1275 1946 ,
1295 1912 1378 1950 vius
1400 1924 1466 1961 pro
1489 1912 1632 1959 Vesuvio
1654 1913 1693 1950 δί
1714 1912 1854 1952 similia.
1882 1914 2029 1952 Hiems.

1354 1973 1434 2012 131.
1462 1964 1612 2000 Alterno
1633 1963 1785 2014 voluit.]
1823 1970 1967 2002 AEterno
1980 1965 2140 2014 plurimi.
2159 1966 2198 2004 &
2220 1966 2350 2006 valuit.

1299 2015 1404 2051 Vovit
1437 2014 1524 2052 duo.
1562 2014 1735 2053 Heinsius
1755 2015 1939 2061 malebat,
1960 2016 2091 2065 scilicet
2108 2016 2287 2064 alternas,
2309 2020 2350 2057 &

1300 2066 1440 2102 nomine
1457 2065 1594 2114 diverso
1604 2063 1668 2115 fig.
1684 2065 1787 2104 vices.

1355 2127 1438 2164 133.
1468 2117 1523 2153 Vis
1547 2129 1624 2153 mea
1644 2127 1794 2154 narrata
1813 2116 1894 2167 est.]
1932 2117 2060 2155 Relata
2075 2117 2153 2166 Jam
2173 2116 2235 2156 sua
2255 2118 2352 2158 mul·

1300 2167 1416 2216 tiplici
1437 2167 1614 2216 potestate
1633 2167 1774 2206 accedit
1791 2168 1837 2206 ad
1856 2166 1988 2206 caussas
2004 2169 2149 2207 formae
2165 2168 2350 2215 bifronti53

1302 2218 1339 2255 in
1367 2216 1440 2266 qua
1475 2218 1681 2268 assignanda
1710 2220 1809 2257 varia
1839 2220 2049 2258 commenti
2078 2218 2158 2258 sunt
2180 2230 2348 2268 veteres,

1303 2268 1405 2306 ut-C.
1426 2266 1545 2307 Bassus
1574 2270 1612 2306 ὃς
1633 2269 1705 2307 alii.
1733 2270 1912 2308 Numi..

1307 2370 1328 2408 S
1358 2331 1440 2368 134·
1471 2324 1523 2357 Tu
1550 2333 1681 2371 quoque
1705 2329 1805 2370 parte
1833 2320 1971 2371 vides.]
2002 2327 2107 2359 Parte
2128 2321 2247 2360 videre
2259 2330 2354 2372 potes

1333 2380 1492 2408 trozzae.

1364 2422 1444 2470 136.
1473 2428 1565 2460 Haec
1593 2421 1795 2473 populum]
1839 2422 1979 2473 Populos
2009 2430 2079 2461 tres
2105 2422 2199 2461 libri.
2232 2423 2356 2475 spefflet

1309 2472 1511 2521 Gottorph.

1365 2526 1446 2571 136.
1476 2528 1531 2559 At
1551 2523 1617 2561 illa
1636 2524 1801 2573 Larem]
1833 2524 1874 2561 In
1897 2536 1974 2561 uno
1999 2525 2037 2560 δε
2058 2524 2172 2562 altero
2190 2524 2288 2574 legi,
2311 2533 2359 2566 <9¹

1309 2572 1374 2609 illa
1399 2578 1536 2609 Larem.
1564 2574 1676 2610 etiam
1698 2574 1806 2611 bene.
1860 2574 2036 2611 NEAPOL.

1367 2634 1449 2670 137.
1477 2623 1593 2660 Primi
1614 2624 1750 2673 prope.]
1788 2624 1860 2661 Pro
1889 2626 2007 2672 prima
2035 2631 2135 2672 parte
2171 2623 2260 2662 teffi
2296 2637 2359 2664 ca·

1313 2673 1431 2719 piunt.
1460 2671 1521 2707 sed
1552 2683 1598 2708 an
1625 2674 1699 2709 hoc
1718 2673 1816 2710 reete
1838 2674 1977 2711 dicatur
1997 2673 2043 2710 de
2062 2673 2237 2712 inferiore
2258 2686 2360 2724 parte

1315 2721 1471 2764 domus,
1497 2721 1684 2769 ubljanua
1699 2750 1708 2765 ‚
1739 2723 1867 2761 dubito
1883 2752 1892 2768 ‚
1926 2734 2038 2771 quare
2054 2722 2274 2770 privietiam
2297 2727 2360 2766 hic

1316 2772 1499 2819 praefero,
1513 2781 1552 2809 ut
1566 2772 1699 2810 domus
1710 2775 1868 2820 privatae
1882 2774 1996 2812 custos
2009 2785 2242 2821 comparetur
2252 2777 2363 2824 Jaiio.

1318 2821 1392 2859 vid.
1411 2821 1502 2870 supr.
1518 2822 1574 2865 ys.
1589 2834 1667 2872 113.
1698 2823 1802 2871 Vester
1818 2825 1920 2872 vestri
1934 2835 2030 2874 prope
2043 2825 2297 2873 quidanilibri.
2311 2830 2361 2868 ita

1319 2874 1356 2909 δε
1373 2872 1577 2921 su‘spectuin
1594 2874 1718 2911 habuit
1742 2875 1918 2913 Gruterus
1938 2876 2062 2912 locum
2079 2877 2235 2915 Martial.
2249 2890 2312 2917 111.
2327 2893 2361 2929 ς.

1676 2925 1854 2975 Primique
1870 2926 1909 2962 in
1925 2925 2046 2962 limine
2064 2927 2144 2961 teo‘li

1323 2985 1435 3023 quem
1461 2974 1533 3023 ipse
1563 2974 1735 3013 Heinsius
1765 2977 1913 3025 corrigit
1939 2977 2020 3013 infr.
2047 2987 2099 3013 vr.
2133 2990 2211 3026 192.
2249 2980 2286 3017 ὃ(
2317 2981 2364 3019 ad

1326 3026 1456 3063 Claud.
1476 3037 1540 3062 111.
1567 3026 1678 3064 Coxis.
1709 3026 1857 3065 Honor.
1879 3039 1904 3063 i.
1938 3026 2015 3074 post
2035 3027 2203 3066 Gronov.
2228 3030 2273 3067 ad
2299 3031 2364 3069 Se-

1326 3088 1407 3115 nec.
1430 3077 1551 3125 Apoc.
1579 3077 1652 3115 vid.
1671 3079 1706 3114 ὃ(
1729 3078 1774 3115 ad
1794 3079 1864 3115 Val
1898 3077 1991 3114 Flac.
2013 3089 2135 3122 1.710.
2164 3080 2238 3117 duo
2253 3083 2365 3119 etiam

1330 3126 1412 3165 ΜΠ.
1433 3128 1636 3165 liicliabeiit
1650 3156 1659 3170 ,
1686 3128 1813 3165 limina
1825 3129 1930 3175 Jani.
1945 3130 2366 3178 utintelliganturtrans-

1327 3180 1396 3217 itus
1421 3179 1494 3222 illi,
1533 3180 1596 3228 qui
1629 3179 1724 3224 Jani
1748 3180 1927 3217 dicuutur.
1956 3179 2082 3215 limina
2114 3181 2231 3230 templi
2261 3181 2366 3220 Voss.

1329 3231 1479 3268 Thuan.
1506 3232 1542 3267 δε
1566 3230 1642 3267 duo
1662 3232 1732 3267 alii.
1751 3242 1858 3282 utque
1871 3231 2170 3281 soletGottorph.
2193 3231 2264 3270 vid.
2279 3245 2368 3273 vrii.

1326 3282 1421 3319 Met.
1441 3292 1499 3326 42.
1526 3280 1657 3318 Eoum.

1383 3344 1466 3382 139.
1492 3331 1693 3383 prospicio]
1722 3332 1921 3379 Meliores‚
1948 3332 2369 3422 Pe0·5>icio.HEius.Egl<2

2290 3396 2338 3422 vu
2355 3405 2371 3413 -
