2495 3675
207 165 310 229 726

624 134 748 217 Ῥ.
822 152 1247 215 oV11>11
1321 128 1852 209 NAsom's

503 252 654 309 Illum
685 267 851 309 tutata
878 252 954 309 est
979 267 1105 306 cum
1130 243 1341 302 Pallade
1367 242 1512 315 regia
1531 240 1705 313 Juno:

359 348 429 400 40
576 327 890 382 Defendere
919 341 1097 379 meum
1125 318 1339 374 numina
1365 317 1506 371 nulla
1536 330 1710 387 caput.

504 401 652 456 Illum
681 401 907 455 furtivae
934 398 1112 461 iuvere
1140 390 1426 462 Cupidinis
1456 402 1626 449 artes;

583 475 729 544 Quas
758 476 783 526 ’ξι
813 488 897 525 me
927 469 1117 520 vellem
1148 482 1257 518 non
1282 462 1547 516 didicisset
1575 463 1768 516 Amor.

507 546 597 601 Ille
628 549 851 599 domum
880 539 1065 594 rediit:
1110 555 1206 591 nos
1237 536 1314 589 his
1345 537 1638 590 moriemur
1668 534 1722 588 in
1750 533 1913 596 arviS,

588 615 880 673 perstiterit
911 611 1026 665 laesi
1053 610 1088 665 s1
1116 608 1285 680 gravis
1319 608 1393 661 ira
1422 608 1545 662 Dei.
1954 612 1960 615 ’

368 711 431 765 45

512 693 711 748 Durius
739 687 811 740 est
838 686 1000 758 igitur
1032 685 1267 739 nostrum
1285 721 1300 744 ,

1339 680 1584 735 fidissima
1614 683 1812 752 conjux
1827 719 1843 743 ‚

588 764 710 824 1110,
748 761 897 832 quod
923 758 1076 813 subiit
1106 756 1310 812 Alisone
1341 768 1520 817 natuS,
1557 771 1706 808 onus,

513 836 602 890 Te
628 851 877 908 quoque,
916 849 1075 903 quam
1103 830 1350 898 juvenem
1379 828 1655 882 discedens
1685 824 1832 881 Urbe
1875 823 2103 897 reliqui,

591 907 868 962 Credibile
894 908 966 958 est
995 903 1181 958 nostris
1219 900 1494 955 insenuisse
1520 901 1678 954 malis¹

517 982 570 1037 O
598 999 731 1053 eg0‚
768 980 841 1032 Di
865 977 1088 1040 faciant,
1126 974 1284 1028 talem
1311 990 1363 1027 te
1391 991 1613 1028 cernere
1644 972 1867 1043 poffim,

374 1075 441 1125 50

593 1055 837 1123 Caraque
863 1049 1080 1105 mutatis
1108 1049 1284 1102 oscula
1312 1047 1452 1101 ferre
1481 1045 1659 1117 genis;

518 1126 899 1198 Ampleciique
925 1124 1054 1178 meis
1081 1139 1277 1193 corpus
1303 1138 1410 1174 non
1439 1122 1640 1190 pingue
1664 1117 1909 1190 lacertis;
1989 1148 1995 1149 ν

590 1201 688 1262 Et,
723 1197 941 1254 Gracile
968 1197 1072 1251 hoc
1101 1195 1230 1249 fecit
1250 1231 1264 1255 ,
1303 1193 1515 1254 dicere,
1554 1208 1680 1245 cura
1708 1191 1850 1246 mei:

522 1273 596 1330 Et
621 1289 830 1328 narrare
856 1287 1005 1324 meos
1031 1268 1184 1323 flenti
1223 1265 1357 1319 flens
1393 1264 1500 1336 ipse
1526 1263 1767 1326 labores;

592 1346 818 1418 Sperato
843 1358 1138 1415 numquam
1163 1339 1549 1413 colloquioque
1574 1335 1709 1391 frui:

230 1610 574 1665 Cyaneastranfiret
589 1609 779 1655 ,ostendit
807 1609 934 1646 Vocat
951 1615 1075 1646 autem
1099 1605 1282 1663 Phineum

231 1664 486 1716 Agenoridem
517 1664 629 1700 etiam
663 1661 907 1710 Apollonius,
938 1668 977 1697 ut
997 1671 1082 1696 cnm
1107 1667 1178 1695 ait:

281 1726 415 1768 ’Elem'
439 1728 617 1767 ἐπάκτιον
640 1724 729 1766 οἶκῡν
750 1725 971 1772 Ἀγηνορῑόης
998 1725 1068 1771 ἔχε
1090 1723 1219 1767 Φινεύς.

232 1794 282 1834 Et
302 1793 442 1833 rursum
459 1807 467 1831 :

287 1857 328 1894 ΕΞ
350 1857 392 1897 53,
418 1856 505 1901 ἐγὼν
527 1857 542 1894 ὃ
564 1856 641 1900 πρίν
662 1853 748 1892 ποτ’
769 1854 968 1893 intumo:
988 1854 1136 1897 ἀνδράσι
1148 1851 1263 1895 Φινεύς

275 1909 405 1956 ’Ὄλβῳ
419 1909 615 1953 μκντοσύνῃ
636 1919 688 1944 τε.
702 1909 824 1946 πατὴρ
835 1906 875 1942 δὲ
885 1905 925 1951 μ’
937 1904 1057 1951 ἐγεὶνοι
1070 1907 1104 1943 τ’
1124 1902 1289 1949 Ἀγήνωρ.

234 1978 284 2017 Et
307 1977 556 2027 Argonautica
571 2007 579 2022 ‚
609 1988 703 2026 quae
728 1974 872 2022 Orphei
892 1971 1002 2011 titulo
1021 1970 1289 2009 circumferun-

235 2037 294 2068 tur
308 2058 317 2074 ‚
345 2030 400 2068 his
421 2029 578 2068 verfibus
598 2041 606 2066 :

286 2095 411 2139 Αὗτῑιρ
439 2096 569 2132 ἔπειτα
588 2094 703 2135 Φινῆος
726 2088 952 2134 Ἀγηνορίδαο
971 2088 1144 2128 λιπόντες

289 2144 424 2191 Αὖλιν,
454 2148 542 2191 ὑπὲρ
572 2146 670 2191 μέγα
694 2145 840 2186 >armac
862 2141 1042 2179 Θεωρία-σῆς
1060 2136 1291 2185 {gaulanem

239 2211 352 2260 Apud
376 2211 546 2249 Flaccum
573 2219 696 2248 autem
719 2209 790 2257 ipse
809 2208 965 2257 loquens
989 2206 1034 2243 de
1058 2204 1116 2248 se,
1144 2205 1215 2242 ait:

292 2281 375 2314 Non
397 2289 449 2324 ego
475 2288 591 2321 nunc,
620 2286 745 2323 magno
764 2271 853 2323 quod
886 2281 997 2309 cretus
1026 2274 1180 2318 Agenore
1206 2267 1293 2305 Phi-

424 2340 528 2370 neus,

293 2377 379 2417 'Aut
409 2391 592 2415 memorem
607 2405 617 2423 ‚
646 2389 722 2414 mea
743 2374 832 2426 quod
854 2384 955 2411 vates
972 2371 1098 2421 insedit
1121 2370 1245 2420 Apollo

298 2434 438 2468 Pefffora
452 2457 461 2472 ‚
491 2441 565 2468 wc.

241 2502 380 2551 Neque
400 2503 496 2540 adeo
519 2501 669 2539 obscura
692 2510 767 2540 erat
795 2501 942 2540 historia
971 2500 1126 2542 Phinei,
1155 2507 1195 2537 ut
1214 2506 1295 2536 tan-

245 2561 280 2589 ta
301 2555 532 2593 dubitatione
552 2565 645 2602 opus
667 2553 776 2598 efflet,
803 2553 941 2602 quippe
952 2564 1046 2601 quae
1058 2550 1202 2588 Graece
1214 2550 1298 2597 qui-

246 2603 332 2640 dem
355 2605 398 2642 ab
441 2604 644 2651 Apollonio
674 2605 735 2642 lib.
763 2617 791 2641 1.
820 2604 916 2652 apud
951 2604 1105 2640 Latinos
1127 2610 1249 2639 autem
1275 2598 1297 2637 ’ὶι

247 2652 400 2693 Valerio
431 2656 528 2693 Flac.
560 2655 622 2694 lib.

248 2704 346 2751 >Quis
369 2707 429 2743 iste
451 2707 492 2745 fit
513 2708 585 2755 ipse
607 2707 763 2754 explicat
787 2705 947 2744 Ovidius
965 2717 1057 2744 vin.
1078 2705 1176 2743 Met.

304 2772 349 2804 Et
372 2781 481 2808 cretus
504 2776 701 2820 Amyntore
721 2769 888 2807 Phoenix.

254 2845 461 2893 Naugerius
481 2846 593 2893 legit,
622 2859 680 2882 nec
703 2850 856 2894 Agenore
876 2854 979 2882 natus
994 2853 1057 2887 ‚ut
1078 2843 1301 2892 intelligatur

252 2897 413 2936 Phineus
428 2924 437 2939 ‚
467 2895 486 2932 ὲ
515 2896 692 2934 sententia
713 2896 906 2944 Apollonii
928 2897 964 2933 ὅ(
985 2895 1115 2933 Flacci.
1154 2895 1299 2932 Merula

253 2947 373 2986 scribit
388 2974 398 2989 ‚
418 2947 507 2983 alios
519 2947 638 2995 legere
652 2974 661 2990 ‚
690 2960 748 2984 nec
766 2946 921 2995 Apolline
944 2957 1046 2982 natus
1062 2974 1072 2990 ,
1100 2954 1140 2984 ut
1167 2946 1301 2983 intelli-

255 3007 360 3048 gatur
371 2997 535 3045 Mopsus.
567 2999 602 3034 in
621 2998 804 3035 Ms.idem
830 2997 953 3034 nescio
972 3009 1081 3046 quam
1105 2997 1211 3034 aliam
1234 2996 1301 3034 fin-

256 3050 310 3097 git
329 3047 530 3084 lectionem
555 3049 592 3085 in
611 3056 711 3085 tanta
723 3047 928 3085 diversitate
943 3075 953 3090 ‚
978 3048 1021 3084 ad
1046 3048 1161 3095 magis
1183 3048 1304 3085 erudi-

259 3109 318 3138 tos
339 3098 457 3145 rejicit
479 3097 708 3136 sententiam.
750 3098 924 3147 Naugerii
944 3097 1145 3135 lectionem
1168 3098 1305 3147 Micyl-

258 3152 314 3190 lus
347 3147 578 3197 comprobat.
604 3149 834 3187 Finaxcms.
875 3147 958 3185 Lib.
984 3148 1062 3185 Urs.
1091 3162 1148 3185 nec
1170 3153 1307 3197 Ageno-

261 3216 307 3240 re.
335 3209 535 3247 utrumque
555 3210 600 3236 ex
626 3199 744 3236 fabula
766 3227 776 3244 ‚
811 3198 885 3236 five
913 3197 1059 3235 historia
1086 3201 1308 3247 comproba-

648 2666 686 2705 4.
723 2654 873 2704 copiose
901 2654 1084 2692 traiciatur.
1121 2654 1300 2692 chrm..

2273 1456 2392 1512 Tu-

1340 1601 1546 1650 Naugerius
1575 1601 1613 1639 &
1645 1601 1822 1652 Micyllus
1846 1599 1927 1650 jam
1957 1598 2141 1638 viderunt.
2179 1592 2268 1635 hinc
2297 1595 2394 1645 apud

1340 1652 1425 1693 Val.
1445 1652 1617 1691 Flaccum
1637 1653 1732 1691 libro
1756 1665 1810 1692 ιν.
2460 1654 2464 1657 ’

1572 1733 1696 1769 magno
1717 1730 1907 1771 prognatus
1928 1721 2084 1768 Agenore
2114 1714 2278 1753 Phineus.

1345 1789 1383 1827 &
1409 1786 1632 1835 Apollonius
1652 1785 1822 1824 Rhodius
1839 1785 1932 1822 libro
1951 1783 2235 1832 Argonauticon
2251 1809 2261 1825 .
2289 1792 2337 1820 11.

1385 1846 1526 1885 ’'iivexss'
1547 1847 1726 1885 ἐπάκτιον
1749 1845 1840 1885 οἷκον
1862 1845 2081 1893 Ἀγηνορίδης
2103 1845 2172 1889 ἔχε
2190 1844 2321 1887 Φινεύς.

1345 1910 1405 1949 ubi
1429 1920 1560 1948 monet
1579 1910 1791 1948 Scholiastes
1806 1940 1817 1956 ,
1838 1911 2018 1948 Phineum
2036 1909 2056 1947 a
2075 1908 2261 1947 nonnullis
2278 1907 2401 1947 Phoe-

1346 1963 1436 1999 nicis
1458 1962 1571 1999 filium
1589 1990 1599 2005 ‚
1623 1961 1805 2010 Agenoris
1824 1971 2000 2011 nepotem
2024 1961 2158 1998 haberi.
2180 1971 2251 2009 qua
2266 1959 2302 1997 in
2315 1958 2400 1997 sen-

1346 2013 1460 2050 tentia
1482 2013 1616 2049 fuerint
1630 2012 1814 2050 Hesiodus
1830 2041 1839 2056 ‚
1872 2013 2101 2061 Asclepiades
2113 2039 2124 2056 ,
2140 2011 2397 2055 Antimachus,

1351 2063 1578 2112 Pherecydes
1599 2088 1611 2107 ‚
1637 2064 1702 2112 qui
1723 2064 1917 2102 Phoenicis
1947 2066 1984 2101 &
2016 2063 2253 2110 (jassiopaeae
2279 2061 2397 2099 filium

1351 2115 1502 2152 faciunt.
1531 2114 1766 2151 Hellanicum
1797 2123 1922 2152 tamen
1958 2115 2098 2152 Phineo
2131 2121 2269 2162 patrem
2297 2113 2396 2160 Age-

1346 2177 1435 2203 nora
1459 2163 1665 2212 adfignasl‘e.
1705 2166 1763 2202 De
1779 2168 1931 2203 monitis
1956 2178 1973 2201 a
1996 2167 2139 2202 Phineo
2162 2165 2274 2206 datis,
2301 2173 2400 2210 quo·

1348 2216 1466 2253 modo
1491 2216 1752 2253 instituendum
1785 2217 2003 2263 Argonautis
2038 2214 2122 2252 esset
2147 2215 2214 2251 iter
2235 2241 2245 2256 ‚
2274 2214 2398 2261 deque

1348 2267 1519 2305 columba
1540 2268 1636 2302 viam
1671 2267 1894 2303 monstrante
1927 2265 2076 2314 copiose
2110 2275 2261 2313 egerunt
2296 2265 2396 2301 idem

1349 2330 1435 2356 cum
1458 2316 1604 2354 Valerio
1627 2316 1760 2354 Flacco
1784 2318 2018 2365 Apollonius.
2042 2317 2172 2353 anNs

1403 2380 1461 2430 38.
1491 2382 1591 2428 Quas
1606 2380 1773 2429 sequerer.
1788 2379 1802 2428 ]

1854 2383 1953 2426 §Quas
1971 2379 2123 2425 fugerem
2147 2377 2285 2420 docuit,
2313 2386 2402 2423 quas

1344 2433 1549 2481 sequererve
1567 2432 1648 2468 vias
1671 2432 1741 2468 Ms.
1769 2429 1910 2469 ssersm.
1924 2435 1960 2466 ὁ(
1985 2429 2195 2478 Regius,&
2209 2427 2346 2467 Servii,
2359 2427 2400 2464 &

1353 2483 1423 2521 alii.

1407 2560 1467 2598 39.
1495 2554 1587 2586 Cum
1613 2547 1760 2585 Pallade
1778 2545 1910 2596 regia.]
1939 2546 2047 2594 Casta
2067 2559 2145 2584 cum
2166 2545 2314 2584 Pallade
2332 2546 2403 2585 Pu·

1353 2609 1466 2696 madi..
1497 2648 1643 2695 Artes.‘l
1676 2654 1793 2685 Arcus
1812 2649 1965 2697 Argent.
1988 2650 2027 2686 ὅ(
2047 2649 2122 2686 duo
2140 2647 2210 2685 alii.

1405 2713 1468 2750 42.
1499 2706 1578 2737 Non
1598 2699 1762 2748 didicisset
1785 2699 1942 2748 amam]
1977 2709 2088 2736 Amor
2100 2698 2407 2748 §arr-awArgentss

1358 2755 1484 2792 &tres
1512 2752 1583 2788 alli·
1615 2752 1759 2788 Amoris
1787 2760 2030 2800 praeceptorem
2054 2750 2088 2788 se
2116 2750 2240 2798 paffim
2271 2750 2405 2789 Noster

1358 2804 1527 2854 appellat.
1556 2803 1701 2840 Heius.

1409 2865 1473 2904 43.
1507 2861 1547 2890 ln
1569 2852 1708 2903 arvis.]
1742 2859 1782 2890 In
1805 2854 1870 2890 oris
1895 2853 2033 2890 Moreti
2048 2880 2059 2897 ,
2080 2853 2117 2890 &
2132 2879 2143 2897 ,
2164 2850 2198 2901 fi
2215 2850 2409 2889 tamenim

1357 2907 1507 2955 Regius.

1409 2976 1467 3019 46.
1496 2980 1613 3010 Natus
1633 2972 1752 3022 opus.]
1795 2971 1931 3009 Melius
1952 2973 1988 3008 in
2006 2969 2254 3018 manuscripto
2268 2996 2279 3014 ,
2306 2966 2420 3019 Qod·

1351 3027 1465 3078 subiit
1494 3025 1618 3073 AEsone
1640 3037 1744 3060 natus
1770 3037 1865 3060 onus.
1894 3023 2061 3060 Fanum.

1425 3091 1483 3129 50.
1510 3084 1716 3134 Canaque]
1755 3091 1939 3134 Paucaque
1959 3110 1970 3127 ,
1999 3083 2057 3121 vel
2080 3094 2231 3132 raraque
2250 3083 2341 3133 Arg.
2361 3094 2414 3121 ια’

1363 3143 1469 3183 raque
1491 3134 1627 3172 Sarrav.
1649 3137 1737 3173 latet
1764 3135 1911 3185 aliquid.

1421 3211 1478 3250 50.
1508 3203 1632 3244 Oscula
1642 3204 1737 3250 ferre
1756 3200 1901 3247 comis.]
1931 3200 2035 3237 Genis
2054 3199 2205 3248 praestat
2228 3213 2312 3239 cum
2335 3212 2414 3239 uno

260 3260 329 3291 tur.
359 3251 529 3288 Croni«.
565 3255 721 3299 Agenore
735 3250 874 3287 Sarrav.
895 3249 1046 3298 Argent.
1070 3250 1250 3298 Scaliger,
1270 3252 1308 3288 &
1366 3252 1565 3291 Hafnienfi
1592 3255 1627 3290 &
1659 3254 1769 3290 tribus
1791 3252 1990 3289 Vaticanis.
2027 3251 2202 3298 superiori
2225 3252 2327 3290 versu
2347 3262 2414 3300 pro

265 3302 375 3344 multi
390 3301 463 3343 alii.
488 3307 530 3341 ut
557 3300 604 3343 de
630 3301 773 3342 Phineo
803 3299 1037 3350 intelligatur.
1070 3300 1182 3341 reete.
1206 3301 1310 3352 quod

1368 3303 1475 3345 talem
1496 3315 1529 3344 te
1548 3305 1726 3356 quidam,
1754 3311 1787 3355 te
1805 3301 1926 3355 talem,
1955 3302 2102 3343 Censeo
2126 3303 2355 3345 scribendum
2370 3329 2416 3388 ,Ο
