2495 3675
523 184 1159 246 TRISTIUM
1232 187 1426 246 L113.

1500 188 1538 247 I.
1614 190 1814 251 Eme.
1857 199 1951 256 XI.
2129 204 2237 271 499

362 282 530 350 Saepe
555 280 714 337 maris
737 297 853 355 pars
879 282 1020 338 intus
1047 293 1194 345 erat;
1236 294 1414 338 tamen
1437 283 1546 354 ipse
1573 290 1825 343 trementi

439 353 693 408 Carmina
717 354 980 409 ducebam
1005 355 1410 427 qualiacumque
1434 373 1608 412 manu.

359 427 520 482 Nune
544 444 764 500 quoque
789 427 1030 480 contenti
1057 426 1284 481 stridunt
1311 429 1586 501 Aquilone
1610 431 1896 499 rudente83

213 516 281 554 20

429 498 595 572 Inque
621 499 846 554 modum
874 499 1062 552 tumuli
1088 516 1322 555 concava
1344 502 1506 574 surgit
1531 521 1680 576 aqua.

355 570 465 644 Ipse
492 573 814 642 gubernator
841 571 1032 624 tollens
1059 570 1126 624 ad
1152 571 1317 627 sidera
1343 576 1536 646 palmas

426 643 681 716 Exposcit
704 642 871 705 votiS,
908 642 1196 698 immemor
1224 648 1375 710 artiS,
1415 665 1590 719 opem.

354 716 719 789 Quocumque
742 714 1005 785 adspicio,
1045 717 1172 770 nihil
1200 717 1302 782 est,
1340 720 1433 773 nisi
1457 721 1642 776 mortis
1671 724 1873 797 imago:

422 789 602 860 Quam
627 788 790 842 dubia
815 789 984 842 timeo
1010 803 1190 844 mente
1207 827 1222 853 ‚
1262 793 1564 865 timensque
1592 811 1800 866 precor.

202 880 270 931 25
343 861 599 931 Attigero
624 875 869 932 portum,
904 875 1066 932 portu
1091 864 1334 919 terrebor
1358 864 1420 919 ab
1445 865 1570 936 ips0.

422 932 543 987 Plus
567 932 726 988 habet
750 933 936 988 infesta
963 947 1100 990 terra
1128 935 1333 991 timoris
1360 943 1509 1010 aqua.

340 1004 480 1060 Nam
508 1005 656 1060 simul
684 1005 880 1061 insidiis
909 1006 1188 1062 hominum
1213 1009 1491 1082 pelagique
1517 1012 1733 1082 laborm

408 1076 483 1133 Et
507 1078 707 1135 faciunt
732 1080 975 1153 geminos
999 1081 1132 1137 ensis
1157 1079 1212 1135 &
1239 1083 1382 1138 unda
1413 1097 1607 1142 metus.

93 1341 238 1382 'Navita
259 1354 345 1394 quas
364 1341 508 1390 Hyadas
530 1342 661 1393 Grajus
681 1342 727 1382 ab
748 1342 857 1382 imbre
876 1353 992 1384 vocat.

2107 1215 2199 1277 Ille

1143 1345 1284 1396 pluvia.
1321 1345 1472 1393 Cernis,
1499 1349 1656 1399 opinor,
1686 1350 1830 1397 3232?qu
1851 1365 2004 1404 quoque
2021 1355 2081 1395 seu
2095 1358 2195 1406 seras

43 1404 200 1445 humores
217 1406 332 1456 pluvii
351 1405 477 1444 Solino
496 1405 532 1442 in
550 1406 694 1444 vetustis
713 1406 924 1453 codicibus,
951 1409 1097 1457 ubiagit
1149 1399 1317 1446 Hyadum
1337 1410 1479 1455 aquas,
1509 1412 1643 1458 easque
1672 1402 1789 1459 nihilo
1820 1404 1897 1453 plus
1917 1407 2194 1469 abhorrentes-a

43 1456 90 1496 de
111 1457 282 1506 Olympo
296 1466 438 1495 monte.
466 1470 554 1494 rores
569 1456 874 1504 pluviiHoratio.
902 1460 998 1508 apud
1013 1461 1095 1498 No·
1148 1456 1319 1506 thRPOYe
1339 1450 1446 1506 huius
1465 1462 1712 1508 ,ssawgatfflssls
1726 1481 1737 1499 υ
1764 1465 1876 1503 (luam
1896 1468 2073 1506 quantum
2097 1460 2196 1498 POss·

40 1505 148 1546 strum
169 1508 231 1546 sub
254 1508 365 1545 finem
387 1508 449 1545 lib.
469 1520 503 1544 x.
523 1508 790 1556 Met.pluvium
802 1508 940 1547 coelum.
971 1510 1040 1548 Sed
1055 1513 1091 1549 δί
1149 1507 1192 1537 tls
1213 1506 1356 1547 ¹eml‘el‘
1386 1502 1489 1540 licuit
1518 1504 1690 1541 aberrare·
1731 1506 1908 1545 AUCTOR
1935 1508 2193 1551 ELECToRum

33 1557 161 1608 saevae
172 1572 285 1609 aquae
297 1571 363 1607 pro
375 1557 594 1607 procellosis.
606 1558 858 1615 hinchnimbosa
872 1567 967 1609 Hyas
981 1562 1090 1619 Clau-

37 1607 173 1654 diano,
202 1617 299 1658 Hyas
323 1609 478 1659 inserena
500 1608 594 1646 dicia
617 1609 745 1647 Statio.
774 1609 823 1648 sic
850 1611 1083 1659 praecedenti

1147 1550 1433 1597 Eroncnsrum.
1462 1558 1633 1591 Traxerat
1645 1567 1736 1593 unus
1755 1557 1887 1596 codex,

1200 1615 1256 1653 18.
1285 1616 1458 1653 carmina
1480 1616 1684 1666 ducebam]
1738 1619 1797 1657 Ad
1830 1622 2042 1671 exemplum
2062 1625 2192 1674 Petro-j

36 1657 164 1707 Elegia
182 1659 227 1698 de
249 1672 367 1705 nave,
395 1673 454 1696 nec
475 1659 594 1707 saevis
624 1660 720 1696 villa
737 1660 875 1708 fatiscit
896 1663 1010 1712 aquis.
1035 1663 1084 1702 fic
1138 1663 1239 1703 niani
1259 1666 1447 1716 Eumolpi.
1476 1668 1628 1707 Douza.
1653 1669 1845 1707 Diclaham
1864 1672 2015 1713 Putean.

36 1709 190 1758 &saevi
209 1711 330 1755 venti,
355 1710 507 1747 turbines
521 1738 531 1754 ,
551 1709 716 1759 procellae
736 1712 866 1759 saevae
888 1724 930 1750 ac
959 1724 1084 1763 tempe·

29 1759 135 1807 states
153 1762 249 1810 apud
271 1763 400 1799 Poetas
422 1761 558 1809 paffim.
586 1760 764 1800 Putabam
787 1763 986 1812 aliquando
1002 1775 1085 1814 ,pa-

35 1823 140 1848 verat
162 1812 282 1858 auster.
305 1812 459 1851 Rutilius
478 1811 539 1849 sub
560 1811 675 1850 finem
696 1812 756 1852 lib.
780 1827 806 1852 1.
834 1814 880 1853 de
901 1815 1083 1864 Oceano,

0 1907 1 1914 ἵ
33 1859 94 1901 ubi
114 1863 152 1901 ὅ(
175 1863 353 1913 Hyadum
373 1863 538 1902 mentio:

78 1926 161 1965 Sive
178 1929 246 1966 alio
265 1927 391 1979 refluus
411 1926 517 1975 nostro
537 1926 714 1984 colliditur
735 1927 834 1986 orbe,

0 1975 1 2013 l
131 1980 213 2017 sive
231 1980 364 2029 corusca
374 1979 448 2029 suis
465 1978 577 2028 fidera
595 1979 708 2028 pascit
724 1992 839 2029 aquis.

30 2040 158 2082 Statius
183 2042 367 2081 Thebaid.
385 2054 456 2080 vii.

75 2114 148 2124 —
173 2114 246 2123 ——-
273 2099 404 2130 Oceano
421 2091 574 2130 vetitum
597 2105 667 2143 qua
694 2091 877 2143 Parrhasis
897 2093 1010 2144 ignem

78 2143 239 2182 Nubibus
257 2144 419 2192 hybernis
432 2172 442 2189 ,
471 2155 515 2182 <9¹
536 2144 642 2190 nostro
658 2144 816 2193 pascitur
834 2146 951 2184 imbri.

32 2363 66 2400 ci
89 2365 206 2402 voluit
226 2364 323 2401 Naso
345 2364 477 2401 noster.
503 2362 648 2400 Heius.
678 2365 754 2402 Aut
778 2365 987 2412 probandae
1008 2367 1071 2405 hic

29 2413 115 2451 voci
132 2414 245 2460 saevis
271 2414 404 2463 (quani
428 2413 470 2451 ab
494 2413 624 2451 Ovidii
645 2426 757 2451 manu
779 2415 982 2463 profeciam
1004 2429 1069 2455 ne-

25 2471 90 2501 mo
120 2476 297 2511 umquam
321 2476 398 2501 non
430 2462 631 2511 probasset)
661 2474 722 2502 aut
751 2467 1070 2506 commendandae

26 2523 92 2562 pro
113 2526 154 2551 ea
181 2514 337 2562 pluviis,
366 2521 426 2551 aut
450 2522 600 2560 paverat
631 2525 696 2562 pro
720 2513 905 2561 hauserat,
933 2517 1006 2555 sine
1029 2520 1072 2556 ii-

24 2562 93 2602 bris
115 2564 281 2613 utrique,
308 2564 382 2602 loci
414 2563 504 2600 nihil
527 2562 596 2600 effe
621 2591 631 2608 ,
670 2563 693 2601 si
717 2567 796 2614 quis
817 2569 858 2602 τὸ
879 2569 958 2611 seris
979 2569 1071 2607 clare

25 2613 134 2653 fuerit
154 2615 406 2663 interpretatus
424 2642 433 2657 ‚
455 2613 662 2664 judicatum
693 2615 733 2652 iri
755 2616 919 2664 confido.
955 2619 1072 2658 Colu-

27 2664 112 2703 mel.
131 2665 193 2703 lib.
213 2678 265 2703 xx.
285 2677 363 2714 cap.
383 2676 416 2701 2.
456 2663 568 2701 Pridie
599 2665 680 2701 Idus
709 2667 828 2715 April.
852 2669 993 2716 suculae
1023 2684 1072 2707 ce-

27 2713 158 2753 lantur.
191 2716 334 2754 hiemat.
373 2716 492 2758 Mox,
522 2727 599 2752 xiv.
631 2715 710 2753 Cal.
734 2719 853 2768 Majas
876 2719 1013 2765 suculae
1038 2725 1070 2766 [e

28 2766 152 2816 vesperi
181 2768 305 2804 celant.
331 2766 495 2814 pluviam
514 2765 698 2815 fignificat.
746 2769 948 2818 Aliquanto
975 2771 1068 2810 infe-

30 2816 99 2855 rius
122 2845 131 2860 ,
159 2830 229 2855 xu.
257 2817 336 2855 Cal.
365 2818 502 2863 Junias
516 2817 657 2864 suculae
681 2819 903 2857 exoriuntur.-
934 2828 1068 2871 Septen-

1 2892 3 2915 5
31 2867 188 2905 trionales
208 2868 308 2905 venti
329 2884 339 2902 .-
378 2881 644 2917 nonnumquam
675 2869 800 2916 Auster
821 2883 897 2907 cum
928 2873 1066 2920 pluvia.

2 2918 3 2927 ¹
30 2915 86 2954 En
105 2918 168 2956 tibi
191 2919 322 2956 imbres
338 2918 382 2956 ab
402 2918 591 2967 Hyadibus
614 2922 797 2963 moe'i'uws.
833 2921 915 2960 vide
936 2924 1067 2963 iterum

33 2965 277 3008 Columellam
308 2970 390 3018 (cui
413 2970 593 3007 Geminus
616 2971 652 3008 in
685 2970 899 3019 Εἰσαγωγῇ,
927 2975 962 3010 δε
986 2975 1072 3013 Pto-

31 3016 193 3057 lomaeus
207 3022 240 3058 in
251 3019 404 3067 Φάσεσιν
423 3032 499 3058 non
513 3021 670 3058 multum
685 3021 857 3060 absimilia
870 3027 1073 3074 recensent)

0 3070 4 3094 *-
33 3069 156 3108 medio
177 3073 252 3109 fere
272 3071 405 3109 eodem
429 3072 544 3120 capite
559 3099 569 3115 ,
601 3073 867 3120 Qcartodecimo
899 3076 1074 3114 calendas

0 3129 5 3154 i
33 3121 227 3158 Decembris
257 3122 310 3159 Sol
327 3122 364 3159 in
385 3123 615 3172 Sagittarium
645 3123 833 3172 transitum
845 3127 949 3172 facit.
971 3132 1075 3176 sucu·

0 3167 5 3207 l
36 3167 89 3206 lae
110 3184 210 3209 mane
232 3173 407 3210 oriuntur.
446 3173 674 3222 tempestatem
688 3172 875 3224 fignificat.
907 3177 1073 3224 Deinde,

2 3216 5 3290 i
37 3220 211 3258 undecimo
238 3223 413 3262 calendas
434 3225 631 3261 Decembris
661 3228 781 3273 sucula
813 3240 915 3265 mane
942 3231 1075 3267 occidit.

0 3405 6 3562 l

32 2210 207 2250 creditum
231 2212 332 2249 enim
355 2211 513 2259 antiquis
532 2210 747 2249 humoribus
765 2223 806 2250 ac
816 2211 947 2260 pluviis
963 2213 1079 2262 splen-

31 2259 157 2300 dorem
172 2262 330 2300 siderum
353 2262 433 2299 acui
454 2270 564 2310 atque
581 2262 757 2300 accendi:
781 2264 911 2311 quade
933 2277 970 2302 re
981 2266 1078 2304 Tul-

31 2309 96 2350 lius
112 2313 203 2351 libro
227 2326 272 2351 11.
301 2312 345 2351 de
365 2313 503 2351 Natura
523 2312 705 2350 Deorum.
735 2313 805 2351 Sed
825 2314 923 2352 aliud
943 2317 1004 2353 hic
1021 2317 1075 2354 lo-

1195 1735 1253 1772 19.
1279 1728 1447 1781 Contenti
1467 1729 1617 1775 strident
1647 1733 1823 1781 Aquilone
1852 1736 2052 1791 rudentes.]
2100 1742 2191 1786 Strt'2¹

1138 1771 1230 1812 dunt
1252 1777 1422 1816 meliores
1442 1778 1640 1825 ἀρχαϊκῶς.
1670 1783 1760 1822 Fast.
1779 1796 1833 1823 vr.

1190 1853 1308 1902 Causa
1327 1854 1418 1905 quod
1436 1854 1608 1894 horrenda
1620 1857 1765 1906 stridere
1783 1874 1863 1898 voce
1879 1861 2007 1907 fiilent:

1138 1915 1277 1964 distenti
1298 1918 1408 1957 etiam
1429 1919 1588 1959 rudentes
1606 1923 1653 1961 est
1678 1924 1715 1962 in
1739 1925 2009 1965 Barberiiiiano.
2039 1927 2078 1966 ἃ
2097 1939 2190 1969 mox

1133 1975 1204 2005 tres
1225 1968 1393 2014 codices,
1422 1972 1554 2010 cumuli
1573 1985 1639 2022 pro
1660 1976 1801 2014 tumuli.
1830 1977 1976 2015 Hisms.
2002 1978 2045 2015 In
2067 1980 2188 2028 Regio

1134 2026 1231 2063 erat,
1259 2020 1413 2057 suadent
1438 2024 1612 2073 Aquilone
1626 2053 1636 2069 ‚
1656 2026 1761 2075 quod
1780 2038 1847 2076 pro
1862 2028 1995 2075 sudant
2026 2030 2188 2077 positum

1134 2068 1226 2106 olim
1251 2071 1460 2119 conjecerat
1484 2074 1668 2114 Heinsius.
1694 2077 1786 2115 haec
1815 2078 1924 2116 verba
1955 2089 2052 2117 certe
2080 2093 2188 2120 corn-

1135 2122 1267 2157 mutari
1290 2121 1450 2160 vidimus
1472 2123 1516 2162 ad
1541 2126 1718 2173 Quinctil.
1742 2140 1830 2167 vm.
1850 2128 1896 2167 de
1917 2129 1999 2168 Inst.
2024 2131 2128 2170 Orat.
2152 2144 2187 2181 3.

1136 2170 1273 2214 distenti
1293 2171 1474 2210 Barberiii.
1493 2175 1660 2221 constric't'i
1680 2178 1826 2218 Lovan.
1858 2193 1950 2217 nunc
1968 2181 2075 2218 etiam
2096 2184 2187 2221 tenti

1131 2222 1229 2259 alius.
1257 2224 1405 2311 Cumgli
1427 2224 1464 2262 &
1488 2228 1633 2265 Tumuli
1653 2228 1758 2278 saepe
1788 2230 1945 2270 consuli.
1966 2231 2041 2271 vid.
2061 2245 2108 2271 11.
2127 2235 2184 2281 Ae

1130 2284 1226 2310 mor.
1248 2285 1302 2312 xx.
1322 2285 1345 2319 4
1374 2302 1383 2311 .

1181 2346 1240 2373 21.
1267 2333 1443 2385 Tollens.]
1472 2337 1626 2377 Tendens
1645 2338 1721 2380 duo
1740 2341 1832 2382 libri.

1176 2416 1237 2454 23.
1264 2408 1489 2460 Quocumque
1506 2413 1660 2462 aspexi]
1691 2416 1826 2464 Aspicit>
1843 2419 2021 2459 nonnulli.
2051 2422 2179 2470 Forte,

1126 2455 1279 2505 aspicias.
1308 2468 1347 2496 ut
1367 2460 1468 2509 supra
1494 2463 1601 2500 Notis
1622 2463 1668 2501 ad
1697 2465 1798 2515 Eleg.
1818 2479 1862 2505 11.
1884 2467 1930 2505 vs.
1944 2481 2001 2518 23.
2029 2473 2178 2515 Histris.

1127 2507 1209 2555 Ego
1239 2509 1380 2555 reposui
1413 2513 1600 2560 vulgatum
1626 2541 1638 2558 ‚
1673 2517 1824 2563 Aspexi‚
1855 2517 1999 2564 ἀορῐςως
2027 2526 2177 2571 capien-

1126 2557 1228 2595 dum.
1256 2559 1315 2596 sed
1347 2561 1384 2598 ὃς
1415 2561 1462 2598 fic
1492 2565 1626 2610 gratior
1657 2566 1821 2604 exoritur
1851 2567 1970 2608 sonus.
2009 2573 2107 2612 Vide
2127 2587 2175 2615 an

1127 2607 1289 2653 placeat,
1318 2612 1416 2657 Quo,
1445 2614 1588 2659 aspicio,
1615 2614 1748 2664 imago,
1776 2618 1886 2654 timeo.
1918 2622 2014 2659 Nam
2028 2624 2071 2662 ad
2085 2637 2177 2664 con-

1120 2659 1302 2706 jeciuram
1319 2688 1329 2704 ,
1359 2663 1502 2711 aspicias
1517 2691 1527 2708 ,
1553 2666 1655 2713 quod
1668 2668 1797 2705 attinet
1812 2695 1820 2709 .
1850 2669 1886 2705 in
1907 2670 1980 2709 hoc
2000 2674 2087 2713 loco
2110 2688 2175 2725 pa-

1124 2721 1206 2747 rum
1230 2711 1401 2759 probatur
1417 2741 1426 2758 ,
1453 2716 1537 2762 quia
1559 2727 1620 2764 per
1642 2717 1837 2756 secundam
1860 2721 2048 2766 personam
2073 2729 2174 2765 otio-

1124 2759 1158 2797 se
1189 2762 1226 2798 &
1256 2762 1384 2810 frigide
1414 2764 1523 2803 nimis
1547 2794 1557 2810 ,
1593 2775 1697 2805 tanto
1726 2769 1878 2817 quidem
1909 2783 1977 2820 pro
2007 2784 2173 2826 terrore,

1125 2811 1217 2849 milii
1243 2812 1358 2850 Poe'ta
1385 2814 1529 2853 locutus
1550 2819 1823 2858 existimaretur.
1862 2821 2038 2864 Aue-ron
2070 2828 2173 2867 Eiz-

1125 2872 1296 2900 CTORUM
1318 2865 1561 2904 Etoncnfium
1586 2869 1788 2908 minorum.
1813 2871 1882 2910 Sed
1902 2876 2064 2921 praesens
2077 2887 2175 2918 tem-

1127 2923 1191 2959 pus
1221 2913 1282 2950 hic
1309 2914 1417 2953 debet
1445 2916 1642 2956 necessario
1663 2922 1849 2964 exhiberi,
1876 2925 1961 2971 quia
1985 2931 2172 2976 praecessit

1129 2975 1220 2999 nunc
1241 2976 1372 3012 quoque
1387 2994 1396 3010 ‚
1422 2968 1458 3003 ὅ(
1473 2968 1608 3016 reliqua
1631 2972 1779 3016 omnia,
1798 2983 1893 3021 quae
1915 2987 1989 3015 non
2014 2990 2173 3027 praeter·

1128 3014 1219 3050 itum
1234 3041 1244 3057 ,
1275 3014 1334 3051 sed
1357 3016 1519 3063 praesens
1542 3021 1717 3070 naufragii
1732 3024 1931 3069 periculum
1950 3031 2172 3077 monstrant,

1128 3064 1228 3101 unde
1245 3066 1425 3113 majorem
1447 3069 1730 3109 misericordiam
1747 3083 1896 3112 moveat
1916 3077 2045 3123 Poeta,
2059 3094 2171 3131 quam

1129 3114 1154 3152 fi
1175 3115 1208 3152 se
1231 3116 1409 3167 aspexiffe‚
1431 3119 1469 3156 ὅ(
1487 3121 1535 3157 ita
1563 3122 1779 3170 praeteriisse
1800 3127 2002 3173 periculum
2026 3132 2175 3171 diceret.

1130 3179 1146 3201 0
1174 3177 1262 3203 vero
1283 3167 1382 3206 litera
1409 3170 1596 3218 geminata
1623 3173 1712 3212 nihil
1738 3176 1853 3213 officit
1873 3181 2016 3219 auribus
2038 3183 2171 3221 delica-

1131 3216 1176 3253 tis
1199 3245 1208 3259 ,
1243 3229 1326 3255 cum
1349 3220 1425 3268 ejus
1442 3220 1577 3259 sonitus
1597 3223 1824 3266 intermediis
1844 3227 1918 3268 aliis
1939 3231 2173 3282 distinguatur

38 3267 182 3309 hiemat.
214 3272 250 3310 &
270 3272 384 3314 statim
405 3303 414 3321 ‚
443 3275 561 3312 Pridie
578 3275 753 3313 calendas
770 3278 964 3317 Decembris
988 3291 1079 3319 totae
1133 3269 1170 3305 ἃ
1191 3268 1484 3319 interrumpatur·
1512 3272 1643 3312 BURM·

31 3319 174 3372 fieculae
201 3323 369 3365 occidunt.
417 3327 594 3365 favonius
621 3337 685 3365 aut
707 3328 832 3378 Auster
855 3345 866 3369 .·
902 3332 1082 3371 interdum

1187 3347 1246 3385 25·
1274 3339 1484 3428 Goltzztingam
1496 3342 1675 3398 portum]
1703 3345 1828 3396 Alias,
1853 3350 1995 3401 attigero
2011 3350 2178 3402 portum?

1362 3402 1377 3429 Υ
1387 3402 1402 3429 l‘
1429 3403 1451 3429 2
2109 3414 2176 3454 pro
