2495 3675
464 127 1097 200 TRISTIU‘M

1177 128 1233 186 E
1268 129 1290 184 i
1328 130 1374 184 i}-
1450 126 1546 186 IV.
1621 129 1792 187 ELEG.
1829 132 1928 192 IV.'
2141 136 2243 210 627

374 230 761 303 Ingeniumque
786 247 966 285 meum
1011 232 1033 300 (
1048 238 1198 301 potes
1230 225 1335 280 hoc
1362 224 1693 293 meminiffe)
1730 227 2011 297 probabat:

229 311 302 373 “30

451 304 572 359 Plus
600 304 789 368 etiam,
829 320 989 376 quam
1016 319 1102 356 me
1123 300 1303 372 judice
1331 299 1522 371 dignus
1550 315 1710 353 eram.

115 429 136 436 ,
377 377 573 449 Deque
601 378 730 432 meis
765 378 856 437 illo
887 374 1150 429 referebat
1180 372 1408 428 versibus
1434 390 1556 436 ore,

445 449 502 504 In
528 469 637 522 quo
665 467 781 522 pars
809 449 940 502 altae
971 447 1261 501 nobilitatis
1291 460 1420 500 erat.

368 522 494 577 Non
518 524 680 594 igitur
706 521 800 574 tibi
834 537 1002 582 nune,
1043 519 1191 590 quod
1219 537 1304 573 me
1330 519 1523 574 domus
1549 518 1641 572 ista
1666 521 1870 592 recepit
1886 522 1909 587 ,’

443 595 549 649 Sed
579 595 721 667 prius
749 590 950 646 auesori
982 592 1098 645 sunt
1127 591 1248 646 data
1278 593 1436 647 verba
1466 607 1576 647 tuo,

230 684 293 735 35

369 668 486 723 Nec
508 668 628 721 data
655 666 798 727 sunt,
840 664 967 718 mihi
998 664 1186 727 crede,
1226 678 1431 719 tamen:
1474 666 1563 720 sed
1589 665 1644 720 in
1669 665 1915 722 omnibus
1938 665 2059 725 affig
2075 682 2100 734 ,1

445 739 647 793 Ultima
672 737 708 792 si
737 739 944 801 demas,
981 738 1087 791 vita
1113 737 1313 791 tuenda
1338 755 1454 793 mea
1482 737 1570 792 est.

369 811 532 867 Hanc
559 829 808 885 quoque,
847 812 952 883 quit
978 809 1140 880 perii,

1179 812 1387 882 culpam
1416 810 1580 865 scelus
1613 810 1715 865 effe
1743 812 1987 883 negabiS,

442 885 495 940 Si
522 886 653 939 tanti
687 884 842 938 series
867 885 924 937 sit
951 883 1046 936 tibi
1075 896 1201 937 nota
1230 884 1367 938 mali.

368 958 482 1014 Aut
513 959 702 1021 timor,
739 969 828 1011 aut
861 973 1009 1010 error
1039 956 1227 1019 nobiS‚
1265 959 1405 1029 prius
1439 957 1610 1011 obfuit
1637 974 1803 1012 error.

221 1035 293 1102 <40

440 1031 529 1084 Ah
555 1031 659 1085 fine
685 1047 770 1084 me
800 1030 892 1083 fati
923 1046 1031 1084 non
1059 1028 1350 1083 meminifle
1376 1031 1508 1084 mei!

365 1101 520 1157 Neve
546 1102 881 1158 retr-aclando
920 1102 1162 1157 nondum
1188 1104 1441 1157 coeuntia
1466 1119 1710 1174 rumpam

443 1175 714 1241 Vulnera3
753 1177 842 1230 vix
871 1175 966 1229 illis
997 1175 1240 1245 proderit
1269 1175 1374 1246 ipsa
1399 1175 1564 1247 quies,

368 1248 520 1318 Ergo
548 1262 608 1303 ut
627 1248 743 1320 jure
771 1248 953 1303 damus
975 1266 1204 1320 poenam
1253 1248 1321 1302 fic
1350 1248 1515 1302 abfuit
1541 1264 1714 1320 omne

450 1322 685 1376 Peccato
714 1322 912 1376 facinus
940 1321 1325 1394 consiliumque
1353 1339 1492 1375 meo.

226 1415 292 1467 45
369 1394 538 1467 quue
566 1395 714 1450 Deus
741 1395 922 1449 sentit:
966 1411 1062 1465 pro
1086 1412 1195 1465 quo
1220 1413 1318 1449 nec
1343 1395 1523 1449 lumen
1551 1393 1825 1448 ademtum
1854 1394 1958 1459 est,

447 1470 567 1528 Nec,
587 1468 715 1522 mihi
743 1466 998 1521 den-aestas
1027 1465 1257 1537 poffidet
1284 1468 1414 1535 alter
1440 1484 1585 1538 opes.
1622 1481 1625 1484 ·

371 1540 607 1594 Forfitan
634 1541 767 1594 hanc
792 1540 952 1610 ipsam
986 1541 1161 1608 (vivat
1195 1541 1398 1608 modo>
1439 1539 1585 1594 finiet
1612 1538 1770 1601 olim,

442 1612 722 1684 Tempore
750 1629 871 1666 cum
899 1611 1058 1666 fuerit
1083 1613 1253 1668 lenior
1291 1613 1397 1677 ira,
1437 1612 1633 1683 fugam,

49 1863 52 1866 Α
83 1823 141 1858 te,
171 1813 286 1856 nostro.
306 1820 429 1853 tecum
451 1814 462 1858 ζ
492 1813 556 1857 ciui
575 1812 694 1850 noster
717 1824 766 1850 es.
825 1812 895 1851 Sed
917 1812 1062 1851 numeri
1081 1813 1118 1851 in

82 1866 157 1902 hoc
178 1866 278 1903 versu
298 1865 471 1904 duriores.
506 1865 588 1902 Nec
608 1864 766 1900 multum
787 1863 878 1901 haec
898 1864 942 1901 ad
962 1876 1040 1901 rem
1069 1864 1122 1901 fa-

85 1917 209 1953 ciunt:
240 1928 350 1966 quare
372 1916 563 1959 tollantur,
593 1914 689 1950 licet.
718 1914 865 1952 Hfims.
919 1915 1022 1952 Nihil
1042 1914 1122 1951 duri

82 1965 143 2003 hic
163 1967 295 2010 videm
326 1967 363 2004 ὅ(
385 1966 411 2004 fi
433 1967 525 2005 bene
558 1964 750 2012 distinguas
773 1994 784 2011 ,
820 1964 936 2005 sensus
957 1966 1023 2003 erit
1047 1964 1123 2013 pla-

81 2017 267 2055 nissimus:

138 2074 209 2104 Nec
231 2080 343 2111 nova,
371 2067 461 2119 quod
479 2077 590 2104 tecum
612 2065 727 2115 loquor
745 2065 788 2112 est
806 2066 938 2115 injuria
954 2082 964 2102 .·
986 2064 1093 2112 nostro

190 2119 373 2162 Incolumis
393 2132 469 2155 cum
493 2131 557 2165 quo
567 2118 663 2166 saepe
684 2117 814 2153 locutus
831 2130 939 2154 eram.

85 2179 163 2206 non
187 2169 235 2205 est
254 2181 351 2206 nova
380 2181 479 2206 nunc
508 2169 638 2216 injuria
664 2168 765 2215 quod
793 2176 829 2204 te
854 2167 1035 2216 appellem
1064 2166 1128 2215 qui

85 2218 188 2267 saepe
217 2219 413 2256 incolumis
436 2228 557 2255 tecum
582 2246 593 2261 ,
631 2217 750 2254 noster
770 2228 855 2254 cum
888 2215 997 2261 effes,
1024 2217 1129 2254 locu·

85 2276 142 2306 tus
167 2280 278 2306 eram.
305 2269 410 2315 noster
438 2269 485 2305 est
517 2268 623 2305 nobis
653 2268 778 2304 favens
800 2295 809 2311 ,
846 2276 886 2305 ut
919 2267 985 2303 Dei
1004 2266 1127 2311 noſtri,

85 2319 177 2363 mei,
204 2319 257 2356 tui
276 2321 346 2357 &c.
371 2319 493 2368 passim
524 2320 560 2356 in
583 2318 727 2355 Ovidio
759 2317 942 2357 dicuntur.
980 2332 996 2354 o
1023 2317 1128 2365 noster

84 2369 248 2408 Chremes
278 2370 477 2408 Terentius
505 2369 621 2406 Andr.
644 2382 679 2405 v.
710 2381 753 2406 11.
778 2381 810 2415 ς.
864 2368 968 2414 noster
997 2368 1040 2413 est
1073 2368 1127 2405 A·

85 2420 205 2468 delph.
223 2434 255 2458 v.
277 2432 368 2457 vm.
390 2419 450 2456 28.
478 2421 514 2457 &
536 2419 671 2466 saepius
690 2419 784 2456 alibi.
814 2419 914 2457 Naso
934 2419 1042 2467 Epist.
1064 2431 1129 2456 111.

86 2469 146 2508 80.
178 2478 266 2507 Haec
288 2483 419 2520 quoque
432 2469 639 2516 nostrafitit.
667 2469 798 2508 ssunm.

140 2533 197 2568 ις.
228 2527 279 2556 Ne
296 2519 359 2566 fim
382 2520 446 2556 tibi
464 2519 591 2555 crimen
613 2519 783 2569 amicus.]
814 2521 939 2557 Amice
959 2520 1123 2569 plerique

86 2579 239 2609 veteres.
270 2571 392 2619 Lege,
421 2569 485 2606 tibi
505 2571 632 2606 crimen
653 2570 774 2608 amico.
803 2571 946 2608 Heius.

138 2633 198 2666 27.
228 2628 324 2657 Nam
344 2632 425 2658 tuus
448 2620 527 2670 est.]
559 2626 721 2671 Namque
739 2632 820 2658 tuus
833 2622 955 2671 primis
965 2629 1124 2670 quatuor

87 2672 189 2716 libri,
219 2683 307 2709 mox
322 2700 332 2716 ,
352 2671 480 2720 saltem
503 2671 562 2706 hoc
573 2670 642 2707 noli
663 2671 782 2720 scripti
801 2674 836 2710 δί
858 2672 944 2710 editi
968 2672 1124 2719 plurimi.

89 2722 150 2760 hoc
171 2722 256 2759 nolit
275 2724 385 2760 etiam
409 2723 493 2768 Jun.
521 2721 656 2770 Regius
687 2723 724 2760 &
755 2722 922 2760 Bernens.
941 2732 979 2759 ut
999 2722 1044 2759 ad
1065 2735 1125 2770 pa-

89 2782 182 2811 trem
215 2774 410 2817 referatur,
439 2773 525 2822 qui,
554 2771 579 2809 fi
605 2773 769 2818 viveret,
796 2774 912 2811 nollet
933 2772 1129 2811 diffimula-

90 2835 141 2862 re.
168 2824 299 2862 Euam,

141 2887 202 2923 29.
231 2882 326 2913 Potes
349 2874 431 2912 haec
459 2872 683 2923 meminisse]
718 2879 788 2911 Hoc
815 2874 954 2923 primae
979 2873 1063 2912 edit.
1092 2875 1130 2913 δε

90 2923 169 2964 libri
189 2926 320 2973 scripti.
347 2927 485 2963 Hiems.

94 3025 118 3064 b
146 2987 218 3062 3i.l
234 2975 422 3062 Vebrfibus]
462 2975 640 3013 Plurimus
658 2975 807 3014 Lovan.
825 2974 996 3014 Heinsius
1015 2975 1129 3014 male-

121 3035 178 3070 at,
221 3027 266 3074 usi
293 3041 342 3065 us.

148 3088 205 3126 32.
233 3077 382 3128 Altae]
415 3083 566 3128 Magnae
586 3077 734 3126 plurimi
750 3076 868 3126 scripti
888 3077 927 3115 δε
945 3077 1131 3116 editi.ma-

29 3139 32 3142 ⁴
97 3126 144 3166 le.
167 3128 240 3167 vid.
259 3128 303 3166 ad
324 3142 376 3169 lv.
397 3129 486 3167 Fast.
509 3141 593 3177 305.

152 3189 209 3226 34.
236 3184 323 3216 Sunt
353 3179 478 3229 dam]
519 3180 594 3216 Sint
628 3179 735 3217 Leid.
751 3180 888 3229 Regius
909 3180 946 3218 &
967 3180 1042 3218 duo
1063 3180 1133 3217 alii.

98 3227 158 3324 {pfl
175 3229 284 3328 {mgis
301 3231 413 3270 etiam
432 3231 602 3281 Francius
623 3231 782 3284 volebat,
810 3230 917 3271 male.
939 3232 1023 3272 vide
1043 3242 1134 3271 mox

145 3306 152 3316 ·
199 3289 238 3328 93

2067 1684 2235 1742 Nunc:

1230 1824 1290 1863 37.
1317 1811 1427 1849 Scelus
1442 1812 1498 1861 effe
1519 1808 1684 1861 negabis]
1714 1808 1871 1853 Maiimg
1900 1809 2044 1858 negaris.
2074 1809 2225 1849 Hiems:

1229 1875 1289 1912 39.
1321 1869 1401 1900 Aut
1420 1863 1546 1907 timor,
1574 1872 1637 1898 aut
1660 1860 1790 1911 erratu]
1844 1861 1993 1909 Ubique
2027 1861 2124 1903 fere,
2155 1861 2230 1898 cula

1176 1923 1257 1964 pam
1279 1940 1291 1960 ,
1329 1926 1474 1951 errorem
1500 1941 1509 1957 ‚
1547 1912 1740 1960 stultitiam
1773 1919 1884 1949 vocat
1922 1911 2060 1948 crimen
2093 1911 2222 1949 suum:

1179 1976 1292 2014 quare
1324 1966 1420 2002 forte
1452 1972 1642 2011 corruptus
1673 1963 1719 2000 est
1750 1962 1875 2005 locus,
1911 1962 1948 2000 ὃς
1981 1973 2065 2000 cum
2096 1962 2230 2000 Putea-

1181 2027 1255 2053 neo
1279 2015 1407 2053 codice
1435 2015 1632 2063 legendum
1658 2041 1669 2057 ,
1706 2016 1785 2049 Aut
1808 2011 1890 2050 liber
1911 2040 1921 2056 ‚
1966 2023 2029 2049 aut
2051 2026 2152 2050 error.
2187 2019 2227 2050 ut

1182 2065 1357 2114 intelligat
1374 2075 1485 2101 artem
1499 2064 1711 2100 amatorium
1725 2079 1735 2096 .·
1756 2075 1839 2100 nam
1863 2063 1954 2100 libro
1978 2075 2122 2109 11.207.
2149 2062 2227 2101 duo

1184 2118 1335 2154 crimina
1356 2113 1544 2163 perdidisse
1566 2114 1600 2152 se
1619 2114 1669 2151 ait
1691 2126 1828 2150 carmen
1849 2123 1892 2153 <9⁴
1911 2127 2069 2151 errorem.
2098 2114 2148 2151 ita
2168 2114 2229 2151 hic

1185 2167 1268 2203 liber
1285 2168 1331 2204 est
1355 2177 1514 2203 carmen.
1542 2164 1589 2202 sin
1613 2165 1717 2201 timor
1745 2163 1977 2202 retinendum
2011 2164 2059 2201 est
2075 2191 2085 2207 ,
2104 2172 2144 2201 ut
2164 2164 2230 2202 de·

1184 2217 1284 2255 fendi
1307 2217 1420 2266 potest
1439 2228 1484 2253 ex
1504 2215 1565 2254 lib.
1585 2227 1630 2252 11.
1651 2227 1695 2252 ex
1717 2214 1824 2252 Pont.
1847 2227 1892 2253 11.
1921 2226 1974 2261 ¹7·
2003 2214 2229 2252 credendum

1186 2269 1231 2305 eil
1253 2269 1355 2306 illum
1384 2295 1395 2312 ‚
1431 2278 1516 2304 cum
1549 2266 1685 2314 aliquid
1718 2276 1781 2312 per
1810 2277 1973 2303 errorem
1996 2265 2150 2309 viderit,
2176 2266 2227 2302 ita

1185 2318 1288 2357 fuisse
1307 2319 1503 2356 attonitum
1518 2345 1528 2362 ‚
1558 2325 1596 2354 ut
1617 2328 1694 2355 non
1714 2317 1875 2364 potuerit
1897 2316 1929 2353 se
1949 2316 2141 2363 expedire,
2165 2314 2227 2352 vel

1183 2369 1283 2408 ausus
1308 2369 1415 2407 fuerit
1435 2379 1597 2406 errorem
1626 2367 1727 2404 illum
1758 2367 1926 2404 excusare
1947 2382 1957 2409 ;
1995 2368 2033 2402 &
2060 2365 2092 2402 se
2115 2366 2228 2401 inno-

1184 2429 1328 2458 centem
1350 2419 1513 2467 probare.
1539 2419 1574 2455 in
1597 2415 1813 2466 quibusdam
1838 2417 1941 2455 editis
1955 2415 2025 2460 est,
2043 2424 2107 2451 aut
2125 2427 2225 2453 amor

1180 2482 1243 2507 ant
1266 2484 1368 2508 error.
1397 2470 1526 2507 Euam.

1234 2534 1291 2569 39.
1321 2520 1420 2557 Prius
1438 2519 1546 2566 obfuit
1568 2517 1690 2566 error]
1720 2517 1805 2554 Plus
1824 2516 2002 2554 nonnulli.
2024 2515 2227 2555 maledixi

1179 2571 1286 2610 Pont.
1306 2571 1366 2609 lib.
1389 2583 1433 2608 11.
1455 2569 1689 2618 Eleg.111.vs.
1712 2581 1748 2613 ().
1781 2568 1924 2604 Hiems.
1951 2568 2069 2609 Mox,
2098 2565 2226 2614 atfine

1180 2623 1288 2661 Leid.
1301 2622 1337 2659 8<
1351 2621 1454 2659 multi
1469 2621 1527 2658 alii
1543 2648 1552 2663 ,
1566 2632 1648 2657 cum
1663 2617 1877 2668 quibusdam
1900 2617 2100 2666 editis.plus
2112 2618 2228 2654 etiam

1181 2673 1348 2712 Bernens.
1370 2673 1406 2710 &
1421 2699 1431 2715 ,
1463 2678 1519 2707 Ha
1539 2669 1613 2720 fine
1634 2684 1686 2706 me
1713 2669 1803 2717 saa‘ti
1821 2681 1888 2705 non
1908 2681 2036 2705 memor
2056 2667 2113 2716 effi
2140 2667 2228 2707 mei.

1183 2735 1245 2762 aut
1264 2723 1339 2770 fine
1358 2724 1533 2772 quinque.
1554 2720 1614 2769 fid
1628 2720 1700 2770 sine
1720 2720 1807 2757 duo.

1237 2786 1296 2820 41.
1322 2774 1489 2810 Coeztntia
1518 2782 1633 2820 rumpe
1663 2768 1854 2818 vulnera]
1887 2774 2056 2818 Rumpam
2078 2769 2233 2808 Vaticass

1186 2837 1253 2865 nus
1275 2825 1458 2873 optimus,
1486 2823 1648 2871 optimus
1678 2820 1891 2862 Mediceus,
1921 2821 1958 2857 ὅτ
1983 2829 2054 2857 tres
2075 2819 2147 2857 alii.
2174 2820 2228 2857 se-

1186 2888 1293 2925 quor.
1320 2875 1391 2923 ipse
1413 2875 1510 2911 enim
1533 2873 1669 2920 rumpit
1692 2872 1839 2908 vulnera
1862 2869 2113 2915 retractando,
2133 2882 2231 2919 qu0-‚

1186 2939 1267 2966 rum
1291 2925 1523 2962 mentionem
1549 2923 1676 2971 injicit.
1706 2922 1849 2959 Hiems.

1235 2990 1292 3019 42·
1324 2976 1394 3024 Ipsa
1417 2973 1546 3024 quies.]
1597 2972 1672 3008 tila
1693 2981 1776 3010 tres.
1811 2971 1874 3008 illa
1901 2971 2002 3017 duo,
2030 2971 2084 3009 illi
2108 2971 2234 3022 prede-J

1186 3028 1233 3066 rit
1254 3028 1360 3064 Bern.

1241 3089 1298 3126 43.
1327 3074 1496 3124 Absuit.]
1527 3073 1648 3120 obfuit
1668 3074 1810 3122 Grypb.
1833 3074 1868 3111 &
1891 3072 2067 3110 Vincent.
2084 3074 2121 3110 δε
2139 3073 2231 3121 qua-⁴

1187 3138 1271 3167 tuor
1301 3127 1430 3176 scripti.
1455 3125 1564 3174 defuit
1595 3124 1761 3163 ssernens.
1788 3126 1825 3161 &
1854 3123 1941 3162 duo.
1969 3134 2087 3161 mmm
2114 3123 2230 3171 abfuit

1190 3179 1361 3217 Vatican.

1241 3243 1300 3278 45.
1325 3228 1476 3278 sentin]
1516 3226 1622 3269 Sensit
1644 3227 1719 3265 duo
1748 3225 1842 3264 libri.
1868 3234 1925 3275 per
1947 3238 2046 3275 quem
2069 3237 2134 3260 non
2153 3223 2232 3258 Va:

1190 3282 1298 3333 tican.
1324 3279 1427 3331 quod
1455 3280 1631 3330 probabat
1657 3277 1827 3317 Heinsius
1850 3304 1861 3323 ,
1897 3276 1922 3315 1i
1946 3288 2002 3313 nec
2025 3275 2231 3359 legeretur&
