2495 3675
566 181 1503 242 FAST'ORUM
1613 189 1919 251 Llnzl.

2213 208 2289 275 372

429 297 612 356 Verba
645 302 775 356 fides
802 300 1060 370 sequitur:
1100 314 1274 351 noxae
1304 297 1399 352 tibi
1428 299 1641 356 deditus
1666 302 1827 358 hostis

287 375 390 436 360

498 373 774 445 Spargitur
795 370 978 423 adfuso
1004 385 1233 433 cornua,
1269 369 1509 434 Bacche,
1548 390 1713 430 mero,

428 443 697 515 Culpa-sui
718 442 928 497 nocuit:
969 442 1153 495 nocuit
1179 459 1399 514 quoque
1424 445 1574 517 culpa
1599 448 1841 517 capellae.

498 516 644 587 Quid
673 515 792 576 bos,
830 513 959 586 quid
986 513 1221 584 placidae
1245 517 1630 572 commeruistis
1652 522 1809 573 oves?

420 587 598 642 Flebat
623 587 886 640 Aristaeus
902 628 913 646 ,
953 585 1101 657 quod
1127 602 1248 658 apes
1271 605 1394 641 cum
1420 588 1574 662 stirpe
1600 607 1808 646 necatae

488 657 713 713 Viderat
734 659 978 729 inceptos
1005 657 1289 713 destituiffe
1315 659 1474 715 favos,

272 735 372 801 365
408 729 630 784 Caerula
655 748 817 803 quem
842 731 1088 802 genetrix
1109 749 1265 802 aegre
1292 731 1449 787 solata
1473 733 1745 791 dolentem
1766 783 1778 801 ,

485 803 715 857 Addidit
742 803 870 857 haec
899 801 1050 857 dietis
1077 804 1260 857 ultima
1287 805 1446 859 verba
1472 807 1601 861 suis:

411 874 569 938 Siste,
606 893 765 946 puer,
803 876 1052 931 lacrimas,
1092 876 1317 930 Proteus
1343 891 1431 933 tua
1456 879 1645 933 damna
1671 882 1891 949 levabit3

481 948 718 1020 Quoque
745 949 912 1004 modo
938 965 1177 1021 repareS,
1212 966 1347 1022 quae
1375 952 1607 1023 periere,
1646 954 1809 1010 dabit.

164 1207 240 1247 vite
256 1222 373 1248 nocens
388 1210 465 1259 rosa}
481 1211 594 1256 stabat
612 1214 798 1253 moriturus
809 1218 858 1255 ad
876 1229 957 1254 aras

213 1261 358 1307 Hircus,
385 1263 512 1299 Bacche
525 1294 533 1306 ,
556 1264 624 1301 tuis
640 1266 789 1304 vifiima
802 1277 907 1317 grata
922 1265 1040 1315 sacris.

109 1320 225 1365 ovid.
242 1323 303 1361 lib.
324 1336 370 1363 11.
401 1325 446 1363 de
467 1326 573 1365 Pont.
593 1327 683 1376 eleg.
706 1342 755 1367 xx.

157 1388 231 1421 Nec
247 1385 346 1424 dabit
363 1387 493 1436 intonso
503 1387 665 1437 jugulum
682 1400 778 1440 caper
794 1391 900 1440 hostia
919 1391 1060 1429 Baccho.

105 1448 274 1487 cicun.
320 1450 531 1500 Expreffum
560 1452 634 1489 hoc
662 1452 838 1491 distichon
876 1465 923 1492 ex
955 1456 1137 1497 versiculis

101 1498 242 1547 Eueni:

154 1561 229 1601 Κῖἇν
249 1574 294 1607 με
313 1558 438 1608 <ptime
459 1562 518 1599 ἐπὶ
536 1562 661 1610 ῥίζαν,
683 1561 771 1607 ὅμως
792 1563 848 1602 ἔτι
870 1564 1134 1615 καρποφορήσω,

195 1603 324 1649 ‘'anov
340 1615 544 1650 ἐπισπεῖσαιὶ
562 1627 612 1652 σοι
633 1609 745 1661 τράγε
764 1616 921 1665 θυομένῳ.
948 1618 1071 1658 ΝΕΑΡ.

151 1685 236 1724 3ς7.
264 1683 392 1715 Tamen
413 1677 532 1728 hinc.]
564 1680 629 1716 Hic
653 1681 868 1718 Petavianus
888 1682 926 1718 &
955 1681 1015 1720 alii
1041 1694 1131 1731 qua-

96 1732 194 1764 tuor.
234 1728 357 1777 Lege,
384 1729 486 1773 huic,
505 1740 589 1767 curn
614 1743 691 1768 uno
712 1731 927 1768 Farnefiano
947 1759 957 1775 ‚
991 1732 1029 1770 id
1056 1733 1126 1776 est,

98 1776 176 1814 viti.
192 1777 332 1817 Heius.
377 1779 446 1816 Sed
463 1779 562 1817 idem
590 1781 706 1819 sensus
734 1783 770 1818 ὅ(
795 1782 995 1829 elegantior
1014 1786 1126 1822 etiam

93 1825 248 1876 exsurgit
266 1841 310 1867 ex
327 1828 428 1867 hinc:
457 1831 573 1880 digito
591 1833 690 1870 enim
712 1832 933 1870 demonstrat
950 1833 1050 1882 quafi
1070 1836 1127 1873 vi-

91 1882 192 1921 tem,
219 1890 264 1916 ex
283 1892 359 1929 quo
381 1881 508 1919 vinum
538 1884 754 1930 proveniet,
781 1883 884 1932 quod
910 1883 1022 1933 spargi
1043 1885 1125 1933 pos-

92 1924 136 1963 fit
165 1927 202 1965 in
234 1941 368 1968 cornua
397 1933 485 1982 ejus,
529 1932 704 1971 adverbiis
733 1945 822 1971 vero
843 1934 911 1972 istis
940 1935 1124 1984 eleganter

87 1977 282 2017 utebantur
314 1993 380 2029 pro
408 1984 700 2031 pronominibus.
733 1984 823 2022 Ter.
854 1984 960 2022 Adel.
992 1998 1056 2024 111.
1090 1998 1123 2036 3.

85 2027 182 2064 Hinc
192 2029 304 2077 fiibo,
326 2043 392 2079 pro
416 2045 460 2070 ex
478 2035 574 2072 hoc:
603 2036 651 2073 ita
671 2034 781 2079 unde,
818 2035 920 2078 inde,
948 2036 1018 2073 &c.
1048 2038 1120 2075 vid.

85 2075 188 2116 Serv.
210 2080 254 2118 ad
275 2081 377 2130 Virg.
399 2096 426 2120 1.
454 2085 596 2122 Aen.6.
619 2087 657 2122 &
679 2097 767 2123 vm.
789 2085 883 2123 Aen.
907 2098 964 2132 71.
984 2087 1120 2127 Munh.

85 2126 132 2166 ad
153 2129 279 2178 Hygin
305 2131 536 2172 Fab.xrr.adi
560 2136 598 2173 δε
615 2135 675 2172 lib.
697 2149 750 2173 vr.
772 2137 865 2174 Met.
884 2137 968 2181 650·
987 2137 1118 2177 Buam.
1153 2171 1157 2176 .

133 2179 218 2229 358.
245 2183 348 2229 Quod
357 2183 474 2233 spargi
493 2185 655 2235 cornua]
695 2187 779 2224 Mos
800 2188 898 2224 enirn
914 2189 1116 2235 veteribus,

79 2229 135 2267 uti
160 2230 260 2279 supra
280 2243 387 2281 caput
407 2235 543 2274 hostiae
565 2236 814 2275 immolandae
844 2239 973 2276 vinum
991 2240 1117 2279 infun·

76 2277 222 2320 deretur
249 2283 286 2320 δε
304 2285 413 2322 mola.
442 2287 618 2325 Νεᾼροι.

78 2335 685 2432 oggafflgggfflefgfflg?
703 2339 1114 2441 ariaratiae&

79 2437 237 2474 quatuor
253 2433 312 2470 alii
333 2436 451 2473 Vatic.
472 2439 510 2474 ὃ(
533 2440 611 2476 Urs.
641 2446 729 2477 Mox
748 2452 791 2479 ey
812 2440 888 2477 tibi.
908 2451 1065 2481 erratum
1082 2444 1108 2483 *a

76 2475 226 2517 librariis
254 2493 320 2527 pro
347 2496 455 2521 noxae
474 2486 548 2522 tibi.
585 2487 756 2524 Ciomu.
791 2490 950 2536 Optime
977 2503 1105 2538 vetus,

73 2538 186 2564 noxae
214 2529 279 2566 tibi
315 2530 449 2568 deditus
477 2533 586 2580 hostis.
623 2536 717 2571 cam
749 2537 803 2571 lex
823 2539 921 2583 jubet
942 2565 952 2580 ‚
987 2542 1108 2587 inquit

69 2574 194 2616 Festus
206 2606 217 2623 ,
234 2592 342 2616 noxae
359 2581 477 2619 dedere
490 2611 498 2624 .
522 2592 581 2631 pro
599 2592 729 2633 peccato
748 2584 826 2621 dedi
837 2585 944 2632 jubet.
972 2587 1012 2625 ln
1025 2592 1106 2638 qui-

70 2625 138 2664 bus
165 2642 245 2665 mox
281 2631 319 2666 ὅ(
339 2631 404 2668 tibi
437 2633 560 2680 aperte
589 2634 637 2671 est
672 2634 832 2682 sphalma
866 2641 1103 2687 typographi-

67 2687 168 2715 cum.
197 2680 372 2718 Naanor.
414 2682 513 2720 Vide
534 2684 577 2721 ad
608 2683 761 2733 Quintst.
782 2684 960 2724 Declexx.
981 2701 1013 2734 ς.
1040 2690 1100 2728 ubi

67 2726 258 2767 debitus&
279 2731 415 2769 deditus
435 2733 614 2773 confundi
625 2733 796 2773 vidimus.
815 2735 890 2774 vid.
912 2736 950 2774 &
971 2738 1100 2779 Heins.

66 2777 113 2816 ad
133 2779 241 2828 Epist.
258 2793 329 2818 vu.
353 2794 432 2832 103.

61 2833 66 2846 '
115 2830 198 2877 360.
224 2832 356 2881 spargit
386 2845 430 2873 <9⁵
455 2834 590 2884 effufh.]
654 2836 743 2874 Non
766 2837 898 2885 capio:
934 2837 1020 2888 lego
1055 2841 1095 2880 &

63 2876 242 2929 distitiguo
263 2893 308 2919 ex
329 2882 461 2922 eodem
485 2887 674 2924 itatotum
698 2888 862 2933 δῖςιχονε
971 2937 976 2942 ¹

112 2944 219 2982 Verba
233 2945 316 2993 fides
322 2948 481 2998 sequitur
494 2966 504 2986 .·
532 2964 641 2988 noxae
658 2951 723 2989 tibi
742 2952 878 2990 deditus
897 2953 996 3000 hostis

158 2997 333 3046 Spargitur
348 2999 454 3049 affuso
475 3014 621 3047 cornua,
649 3003 797 3048 Bacche,
825 3017 926 3044 mero.

55 3045 230 3086 Neapor..

106 3109 189 3156 360.
215 3114 378 3157 Cornua,
399 3113 566 3164 Baccha]
597 3115 812 3156 Heinfiusin
834 3120 953 3167 priore
978 3128 1084 3158 nota-

56 3165 134 3194 rum
162 3158 323 3198 editione
352 3163 397 3202 ad
428 3165 538 3212 Epist.
561 3178 647 3202 xxxx.
679 3179 757 3216 113.
793 3170 878 3207 citat
906 3179 1081 3220 tanquam

54 3205 186 3253 legeret
209 3220 357 3258 tempora
375 3241 389 3257 ,
413 3215 516 3263 quod
539 3224 663 3253 tamen
688 3217 723 3254 in
746 3219 846 3257 nullo
870 3221 999 3259 codice
1022 3233 1085 3258 ex-

52 3254 126 3292 stat.
159 3258 253 3305 effuso
279 3263 385 3301 multi
415 3264 570 3303 codices.
597 3280 619 3303 a
636 3268 715 3316 sufh
743 3270 954 3308 Puteaneus.
989 3283 1083 3320 quae

51 3304 180 3346 eadem
199 3307 398 3352 differentia
420 3326 509 3355 xm.
533 3316 602 3366 Ep.
626 3330 706 3367 114·
736 3319 846 3371 insufir
877 3322 1023 3372 Regius.

2132 1088 2247 1146 Dea

1255 1217 1338 1267 361.
1367 1218 1492 1256 Noc-uit
1510 1232 1640 1270 quoque
1659 1221 1756 1268 culpa
1775 1223 1954 1273 capellae]
1985 1225 2089 1263 Haec
2108 1226 2157 1263 ob
2178 1239 2242 1265 ro·

1199 1266 1274 1305 sam
1296 1268 1417 1306 oleam
1449 1270 1581 1309 Palladi
1610 1272 1813 1311 sacrificata.
1866 1276 2041 1312 Neapoi..
2095 1278 2167 1315 Hic
2184 1278 2242 1315 lo-

1194 1328 1266 1416 1cqusi
1279 1317 1437 1389 pstendit
1452 1320 1551 1359 reste
1571 1323 1667 1371 apud
1701 1325 1897 1372 Virgilium
1920 1337 1965 1363 11.
1995 1327 2134 1376 Georg.
2154 1328 2240 1377 380.

1244 1442 1326 1473 Non
1345 1437 1456 1476 aliam
1475 1439 1515 1477 ob
1534 1441 1668 1491 culpam
1685 1441 1815 1480 Baccho
1835 1449 1944 1495 Caper
1961 1445 2118 1484 omnibus
2136 1448 2209 1486 aris

1244 1489 1426 1529 Caeditur.

1190 1550 1243 1588 Ob
1270 1554 1418 1602 cauffam
1447 1556 1533 1594 citat
1558 1558 1682 1596 Lutat.
1714 1557 1758 1597 ad
1790 1559 1878 1598 Stat.
1905 1573 1950 1599 ’.π-
1992 1561 2115 1600 Theb.
2142 1575 2230 1613 259.

1187 1603 1274 1640 vide
1297 1604 1346 1641 ibi
1369 1606 1569 1643 Lindenbr.
1587 1608 1719 1646 BURM.

1236 1667 1319 1717 363.
1347 1668 1466 1706 Flebat
1487 1672 1706 1723 Aristaeus.]
1733 1673 1794 1712 De
1813 1676 1886 1713 hoc
1908 1676 2072 1716 Aristaeo
2096 1678 2144 1717 fic
2160 1680 2228 1728 Ju-

1184 1716 1292 1756 stinus
1311 1719 1370 1757 lib.
1390 1733 1478 1757 xxxx.
1507 1723 1706 1772 Aristaeus,
1721 1724 1892 1772 Apollinis
1911 1741 1952 1763 ex
1969 1734 2119 1775 Cyrene,
2133 1744 2225 1780 quae

1182 1768 1331 1807 eximiae
1343 1770 1616 1819 pulchritudinis
1632 1773 1705 1819 fuit
1726 1776 1821 1823 virgo
1837 1804 1845 1818 ‚
1868 1775 1966 1822 filius
1980 1807 1987 1821 ,
2005 1779 2161 1826 primam
2181 1790 2227 1820 ω·

1180 1826 1285 1867 apum
1298 1849 1308 1864 ,
1338 1833 1382 1860 ω’
1402 1821 1513 1859 mellis
1530 1826 1628 1866 usum
1642 1852 1652 1867 ‚
1680 1837 1723 1863 (φ
1750 1826 1868 1870 luciis,
1897 1838 1940 1866 (9⁶
1959 1829 2087 1877 coaguli
2107 1829 2228 1869 'homi-2¹

1180 1868 1281 1908 nibus
1300 1871 1462 1910 tradidit.
1488 1873 1747 1925 Solstitialisque
1773 1887 1866 1913 ortus
1889 1877 2036 1924 fiderum
2061 1880 2221 1928 primam

1178 1918 1330 1960 invenit.
1357 1923 1507 1962 Tribuit
1523 1925 1645 1962 eidem
1666 1927 1822 1964 Aristaeo
1836 1928 2224 1971 olivaeinvemionem-

1177 1970 1312 2011 G'tero
1342 1973 1403 2012 lib.
1425 1986 1489 2014 111.
1517 1976 1576 2012 De
1604 1976 1688 2013 Nat.
1712 1977 1895 2016 Deorum.
1923 1980 2093 2018 CroFAN.
2142 1981 2226 2021 Hic*

1172 2021 1310 2068 primus
1333 2026 1489 2072 repperit
1507 2026 1782 2065 confeetionem
1806 2030 1931 2067 mellis.
1967 2031 2220 2080 Aristophanis

1174 2071 1404 2112 Scholiastes:
1435 2076 1660 2120 Ἀριςαιῖοςδὲ
1674 2080 1693 2115 ’ὃ
1715 2073 1948 2122 Ἀπόλλωνος
1967 2082 2027 2116 καὶ
2052 2082 2213 2127 Κυρήνης

1175 2125 1312 2167 πρῶτον
1332 2129 1395 2166 τὴν
1413 2124 1584 2171 ἐργασέκν
1596 2130 1659 2163 τοῦ
1673 2130 1823 2174 σιλφίου
1836 2130 1976 2177 ἐξεῦρεν
1990 2159 1999 2173 ,
2019 2128 2134 2177 iim-sp
2147 2136 2212 2170 καὶ

1176 2175 1239 2209 ’τοῦ
1258 2177 1407 2219 μέλιτος
1427 2177 1585 2226 Reliqua
1599 2179 1721 2217 Nostri
1740 2182 1866 2219 confer
1886 2193 1969 2218 cum
1983 2183 2140 2222 Masone
2153 2197 2218 2223 xv.

1172 2223 1398 2275 Georgicon.
1424 2228 1601 2266 N'aapot.

1225 2278 1309 2323 363.
1335 2281 1426 2326 Apes
1443 2291 1522 2316 cum
1536 2279 1678 2330 stirpe.]
1709 2281 1805 2319 Prole
1826 2282 1995 2322 Francos.
2016 2284 2116 2333 quod
2137 2285 2213 2324 ele⁴

1169 2328 1312 2372 gantius
1334 2328 1373 2365 &
1401 2330 1522 2367 verius
1549 2339 1671 2378 puto,
1711 2333 1811 2381 cujus
1833 2334 1985 2372 alterum
2018 2336 2065 2372 est
2082 2335 2209 2385 glossa.

1168 2375 1217 2413 ita
1238 2376 1293 2419 Jbs.
1308 2389 1391 2425 449.
1411 2379 1599 2417 volucram‘
1609 2381 1724 2430 proles.
1763 2384 1891 2421 BURM.

1186 2475 1196 2514 l
1221 2428 1303 2475 364.
1329 2428 1557 2481 Destituiffa]
1580 2431 1765 2482 Deseruiffe
1786 2432 2068 2483 Excerpt.Voss‘.
2089 2434 2126 2471 ὅ(
2144 2433 2206 2473 sex

1164 2487 1183 2513 a
1200 2489 1236 2514 υ.

1215 2527 1285 2572 36ς
1313 2528 1467 2563 caerula
1494 2541 1594 2576 quem
1621 2532 1818 2581 genetrix.]
1855 2533 1999 2577 Κυρήνη.
2023 2533 2206 2574 ΝΕΑΡοιὲ

1161 2573 1377 2622 Nympham
1399 2587 1621 2625 aequoream
1645 2580 1747 2618 fuiffe
1772 2593 1816 2619 ex
1837 2583 1910 2621 hoc
1935 2584 2099 2630 epitheto
2119 2585 2200 2622 col-

1157 2621 1338 2670 ligeretur.
1365 2637 1449 2663 cum
1469 2636 1594 2665 tamen
1622 2629 1731 2667 Penei
1751 2630 1908 2670 fluminis
1929 2632 2039 2670 filiam
2061 2633 2198 2674 faciant

1158 2671 1388 2723 Mythologi.
1406 2675 1483 2713 vid.
1511 2677 1612 2715 Serv.
1643 2679 1688 2717 ad
1717 2679 1820 2730 Virg.
1850 2694 1903 2720 xv,
1941 2683 2078 2732 Georg.
2109 2695 2199 2733 321.

1155 2720 1327 2762 Pindarus
1355 2737 1444 2764 vero
1473 2727 1580 2776 Pyth.
1606 2740 1657 2766 1x.
1686 2732 1910 2770 venatricem
1941 2734 2058 2778 facit,
2103 2746 2192 2775 cum

1152 2782 1250 2824 rapta
1273 2775 1343 2813 fuit
1361 2776 1405 2814 ab
1424 2777 1611 2826 Apolline.
1646 2780 1840 2830 Apollonii
1867 2795 1956 2820 vero
1979 2783 2191 2826 Scholiastes

1149 2821 1210 2860 lib.
1242 2837 1289 2862 11.
1326 2825 1381 2868 iss.
1418 2839 1501 2876 500.
1548 2829 1685 2878 Hypsei
1725 2831 1836 2870 filiam
1875 2834 2048 2882 Cyrenen
2089 2836 2189 2877 facit.

1149 2872 1320 2922 Hypseus
1332 2887 1420 2914 vero
1432 2878 1542 2916 Penei
1556 2878 1645 2918 filius
1658 2909 1667 2924 ‚
1681 2882 1788 2919 &ille
1803 2885 1958 2922 Oceani.
1969 2885 2052 2922 vide
2064 2885 2187 2925 Schol.

1147 2922 1290 2962 Pindar.
1311 2937 1362 2964 xx.
1389 2928 1494 2976 Pytli.
1518 2941 1577 2977 23.
1606 2931 1801 2970 Diod.Sic.
1822 2946 1876 2971 xv.
1904 2935 1942 2971 &
1960 2935 2058 2972 alios.
2089 2937 2189 2975 unde

1147 2985 1166 3010 a
1186 2986 1325 3022 proavo
1346 2976 1409 3014 suo
1433 2977 1549 3026 poffet
1565 2983 1716 3018 Caerula
1735 2982 1804 3021 dici
1820 3012 1831 3027 ‚
1859 2985 1922 3021 nisi
1937 2986 2073 3021 caerula
2087 2987 2188 3024 dica-

1146 3031 1226 3066 tur.
1254 3027 1338 3075 quia
1365 3029 1510 3076 gurgitis
1530 3031 1604 3066 ima
1620 3041 1735 3069 tenens
1755 3045 1775 3070 a
1796 3034 1953 3083 Virgilio
1974 3036 2074 3074 elifio
2094 3037 2182 3076 loco

1143 3074 1284 3114 dicitur.
1295 3078 1376 3115 avia
1387 3079 1417 3127 ej
1426 3091 1462 3118 us
1475 3080 1562 3118 Nais
1578 3109 1587 3125 ,
1599 3082 1705 3120 Penei
1718 3095 1811 3122 uxor
1826 3113 1834 3126 .
1848 3097 1892 3122 ex
1913 3098 1984 3134 qua
2001 3087 2180 3135 Hypseus.

1141 3124 1299 3165 diversus
1316 3128 1360 3165 ab
1386 3129 1461 3167 hoc
1489 3131 1657 3180 Hypseus
1687 3133 1796 3172 AEaci
1825 3137 1932 3174 frater
1958 3136 2086 3176 Statio.
2107 3148 2184 3178 vir.

1143 3175 1266 3214 Theb.
1291 3189 1374 3227 310.
1389 3180 1460 3217 vid.
1474 3181 1595 3219 Schol.
1617 3183 1746 3222 Euam.

1194 3227 1278 3275 368.
1307 3231 1451 3280 §Quoque
1473 3232 1609 3282 modo.]
1659 3237 1803 3284 {Quoque
1829 3238 1968 3274 modum
1996 3249 2086 3275 unus
2106 3237 2176 3272 Pu·

1139 3284 1301 3316 teaneus.
1330 3292 1404 3316 non
1437 3282 1671 3330 ineleganter.
1695 3286 1765 3326 vid.
1789 3287 1833 3326 ad
1850 3289 1909 3327 lib.
1930 3301 1958 3327 x.
1986 3289 2065 3324 Art.
2086 3287 2176 3323 Am·

1143 3341 1201 3377 50.
1223 3330 1261 3368 &
1279 3331 1346 3387 inf1
1365 3331 1426 3369 lib.
1445 3344 1498 3371 vx.
1519 3334 1598 3379 176.

1316 3379 1347 3419 L
1376 3393 1399 3433 3
1991 3386 2073 3434 369.
2103 3390 2183 3423 l'er0
