2495 3675
362 175 924 241 EPISTOLARUM
959 175 1068 234 EX
1105 171 1389 234 ΡΟΝΤΟ.
1428 172 1549 232 Lus.
1588 176 1668 234 ΙΙΙ.
1708 179 1888 241 Eetsr.
1924 183 1960 241 Ι.

2162 179 2267 258 807

404 278 591 350 thue
610 276 798 350 juvent
822 272 937 337 alii,
974 285 1034 327 tu
1058 271 1220 326 debes
1246 272 1461 326 vincere
1488 272 1687 324 amicos
1705 309 1722 336 ‚

483 352 669 413 Uxor;
713 350 767 402 &
792 347 858 401 ad
887 359 1062 416 partes
1089 346 1258 416 prima
1284 345 1468 399 venire
1493 357 1622 399 tuas,

405 424 611 497 Magna
637 422 731 477 tibi
756 418 998 490 imposita
1023 416 1097 470 est
1124 416 1311 471 nostris
1339 417 1559 488 persona
1586 415 1796 471 libellis:

474 496 733 567 Conjugis
760 493 1066 561 exemplum
1093 489 1286 544 diceris
1313 489 1415 543 ell'e
1443 489 1630 545 bonae.

259 593 325 645 45
404 570 567 627 Hanc
592 584 722 623 cave
747 566 1056 636 degenereS.
1096 575 1155 616 ut
1180 562 1278 616 sint
1302 564 1587 633 praeconia
1611 561 1785 618 nostra

476 643 624 699 Vera
646 638 801 700 vide;
844 635 1037 690 Famae
1065 652 1176 706 quo
1207 635 1401 688 tuearis
1426 652 1574 706 opus,

401 715 480 771 Ut
507 715 634 769 nihil
661 712 765 782 ipse
794 726 1018 782 querar3
1061 707 1225 761 tacito
1253 725 1339 761 me
1366 706 1524 761 Fama
1548 722 1834 782 queretur,

476 789 630 861 Quae
658 785 820 839 debet
860 781 1018 836 fuerit
1043 787 1096 834 ni
1127 780 1221 834 tibi
1248 798 1375 834 cura
1404 782 1528 834 mei.

400 860 658 932 Exposuit
686 873 805 911 mea
833 871 920 907 me
949 853 1151 924 populo
1178 851 1414 907 Fortuna
1443 853 1768 916 videndum;

474 934 545 987 Et
573 933 686 1002 plus
712 926 967 987 notitiae,
1010 942 1170 997 quam
1203 924 1303 979 fuit
1332 939 1487 989 ante,
1527 926 1696 981 dedit.

400 1005 598 1061 Notior
625 1001 699 1056 est
720 999 883 1054 factus
911 998 1190 1070 Capaneus
1217 999 1244 1051 a
1272 999 1504 1053 fulminis
1530 998 1663 1054 iciu:

475 1078 651 1132 Notus
676 1074 844 1128 humo
868 1071 1046 1125 merlis
1080 1071 1431 1140 Amphiaraus
1456 1074 1620 1143 equis.

402 1151 455 1207 Si
483 1151 656 1205 minus
680 1145 922 1207 errasset,
961 1158 1119 1198 notus
1147 1143 1321 1197 minus
1343 1143 1469 1197 effet
1497 1144 1709 1209 Ulixes3

469 1223 672 1295 Magna
697 1217 1024 1275 Philoctetae
1050 1217 1269 1273 vulnere
1294 1217 1432 1271 fama
1457 1218 1549 1272 suo
1574 1217 1663 1273 est.

2204 1345 2259 1401 Si

118 1492 207 1532 dum
233 1490 387 1540 suspicor
408 1488 428 1527 ὲ
449 1486 600 1537 vestigio
619 1484 877 1532 manuscripti,
893 1481 981 1521 Huic
1001 1495 1086 1520 cave
1105 1482 1162 1519 de·
1217 1495 1276 1520 rus
1302 1491 1420 1520 autem
1450 1482 1664 1532 degenerasse.
1709 1482 1807 1522 idem
1838 1483 1873 1521 in
1907 1481 2102 1521 Gordianis
2125 1494 2133 1519 :
2175 1481 2260 1519 vita

112 1558 259 1594 generes.
285 1542 321 1580 id
341 1542 388 1580 est
403 1570 415 1588 ‚
442 1542 486 1580 ab
506 1541 590 1579 hoc.
616 1537 782 1586 Propert.
800 1535 863 1573 lib.
884 1546 940 1574 xv.
964 1546 995 1572 1.
1022 1534 1159 1574 eodem
1207 1534 1278 1582 sua
1300 1534 1366 1570 hac
1383 1545 1501 1570 tamen
1515 1535 1760 1578 firmitudinem
1784 1535 1901 1572 animo
1919 1547 2101 1583 nunquam
2122 1532 2260 1580 degene-

115 1607 320 1642 αρχαισμῳ.

168 1659 233 1697 Dii
255 1657 343 1697 mihi
355 1658 443 1706 sunt
464 1655 555 1704 testes
577 1666 644 1692 non
657 1651 862 1701 degenerasse
878 1649 1087 1701 propinquis.

115 1718 283 1758 Famuc.
321 1719 443 1758 Ursini
464 1720 575 1764 liber,
602 1718 708 1756 Maff.
730 1719 769 1756 &
792 1718 917 1756 Vatic.
945 1724 1046 1754 Hanc
1075 1730 1162 1754 cave

116 1770 309 1819 degeneres,
322 1780 361 1807 ut
375 1769 460 1820 fint.
487 1771 628 1820 Sequor
643 1769 795 1808 Fabricii
815 1768 1066 1817 conjeeturam
1085 1797 1095 1812 ‚
1108 1769 1160 1809 le-

117 1822 260 1868 gentis,
290 1822 378 1859 Huic
410 1834 495 1858 cave
523 1822 717 1869 degeneres,
743 1831 810 1868 pro
841 1817 862 1856 a
884 1830 969 1867 qua.
989 1819 1160 1856 CIOFAN.

117 1871 248 1920 Scripti
270 1872 439 1910 meliores
470 1872 677 1910 constanter
701 1898 712 1914 ‚
749 1876 851 1908 Hanc
871 1881 957 1906 cave
976 1869 1160 1919 degeneres.

118 1922 222 1973 quod
243 1935 370 1961 verum
395 1922 456 1961 est.
476 1923 653 1960 Met.v11.
669 1930 754 1971 541.

168 1996 263 2031 Acer
280 2005 385 2041 equus
409 1992 610 2044 quondam,
638 2002 852 2041 magnaeque
882 1988 921 2028 in
943 1988 1087 2039 pulvere
1094 1991 1159 2039 fa-

295 2056 393 2080 mae.-

128 2133 132 2138 .
171 2097 366 2142 Degenerat
385 2094 534 2144 palmas.

118 2157 169 2196 fic
187 2159 225 2195 δε
242 2158 287 2196 ibi
311 2159 497 2197 veterrimi
519 2156 678 2196 codices.
708 2162 749 2194 ut
769 2155 806 2194 &
819 2153 915 2203 apud
926 2153 1158 2204 Propertium

117 2208 180 2247 lib.
201 2220 253 2246 ιν.
275 2221 302 2246 1.
324 2208 384 2249 81.
414 2210 654 2247 membranae
676 2234 688 2253 ,
720 2217 809 2256 quas
836 2217 975 2255 magno
999 2217 1159 2245 numero

119 2259 279 2308 inspexi,
311 2259 518 2298 constanter
534 2287 545 2305 ,

172 2318 224 2356 Di
244 2319 333 2357 mihi
344 2322 429 2370 sunt
449 2321 541 2369 testes
555 2350 565 2366 ,
590 2334 659 2360 non
674 2318 879 2371 degenerasse
895 2319 1109 2371 propinquos.

119 2394 206 2422 nam
239 2394 426 2431 perperam
449 2411 462 2428 ,
494 2385 692 2434 propinquis
719 2396 820 2424 nunc
846 2385 993 2434 legitur.
1029 2385 1162 2425 Statius

118 2435 180 2475 lib.
198 2445 263 2471 111.
283 2433 383 2483 Sylv.
399 2434 445 2471 de
470 2435 631 2473 Hercule
643 2437 880 2474 Surrentino:

173 2505 272 2537 Nam
295 2499 383 2548 capit
396 2526 408 2544 ‚
437 2509 480 2538 w·
499 2508 643 2537 tantum
656 2511 724 2537 non
735 2499 949 2549 degenerabit
959 2500 1133 2541 honorem.

117 2576 344 2615 quamquam
365 2563 535 2602 assentior
547 2566 746 2603 Gronovio
761 2594 772 2611 ‚
803 2565 996 2614 scribenti,
1010 2574 1162 2618 Degener

118 2616 233 2655 ambit
246 2644 256 2661 ,
283 2616 320 2654 in
340 2616 403 2654 illo
421 2615 537 2654 versu.
563 2615 663 2654 idem
684 2616 815 2656 Statius
834 2617 959 2658 Theb.
983 2632 1037 2658 xv.
1052 2620 1135 2668 146.

340 2684 427 2730 suus
447 2682 537 2720 excit
556 2682 595 2720 in
614 2696 717 2720 arma

171 2732 379 2783 Antiquam
403 2732 577 2790 Tiryntha
598 2734 688 2771 deus.
717 2747 786 2771 non
797 2733 950 2782 fortibus
968 2734 1034 2772 illa

176 2784 387 2829 Infoecunda
407 2786 496 2823 viris
510 2812 520 2830 ,
537 2786 750 2835 famamque
768 2785 937 2823 immanis
958 2786 1099 2825 alumni

174 2839 379 2882 Degenerat-

119 2891 171 2934 ita
191 2897 291 2934 enim
315 2895 336 2933 a
364 2896 479 2938 Statio
511 2899 646 2947 opinor
667 2897 853 2938 relietum.
874 2899 1005 2949 Virgil.
1027 2900 1166 2949 Georg.

125 2956 183 2985 11.
210 2959 423 2997 quanquam
445 2949 576 2988 dubie:

172 3017 348 3061 Pomaque
367 3013 571 3061 degenerant
583 3012 701 3062 succos
723 3014 830 3053 oblita
847 3016 984 3065 priores.

118 3071 432 3131 Columellalibro
455 3087 526 3113 vn.
546 3088 624 3125 cap.
651 3091 707 3117 12.
737 3086 869 3124 Venus,
891 3078 925 3128 si
943 3077 1066 3116 teneris
1086 3090 1162 3116 con-

123 3124 280 3169 ceditur,
306 3127 413 3175 carpit
434 3137 478 3166 (J
504 3136 620 3175 corpus
640 3142 683 3169 ω’
710 3131 826 3174 vires,
848 3131 1050 3180 animosque
1068 3129 1162 3177 dego-

122 3184 236 3230 nerat.
290 3180 501 3232 Degenerare
542 3192 665 3216 nomen
696 3181 926 3229 Capitolinus
959 3182 996 3218 in
1029 3181 1159 3228 Opilio

116 3223 302 3262 Macrino.
326 3228 386 3262 ubi
416 3239 604 3276 perperam
635 3231 825 3271 Salmasius
851 3231 1040 3280 Degeniare
1066 3231 1161 3268 Ani-

114 3275 416 3331 madverfionum
437 3289 471 3323 p.
496 3290 580 3324 170.
616 3282 793 3333 Siquidem
818 3283 908 3330 solus
933 3289 1079 3319 Marcus
1099 3295 1160 3319 no·

114 3337 196 3389 enen
216 3325 308 3365 zllud
324 3327 488 3378 sanetum
509 3330 606 3368 vitae
620 3345 738 3381 genere
759 3333 888 3384 auxiffe
909 3333 1074 3380 videtur,
1099 3337 1159 3384 νεῖ

1218 1586 1335 1623 ravit.
1362 1586 1516 1623 Monuit
1544 1586 1619 1633 jam
1647 1585 1691 1624 de
1718 1587 1888 1635 scriptura
1907 1587 2079 1623 codicum
2103 1584 2262 1621 Ovidia-

1217 1647 1352 1674 norum
1387 1636 1640 1685 Zinzerlingus
1677 1637 1854 1675 Promuls.
1892 1637 2017 1675 Critic.
2060 1646 2136 1683 cap.
2166 1646 2258 1672 xm.

1217 1686 1362 1724 Herus.
1392 1688 1445 1724 Ita
1467 1689 1503 1724 ὅ(
1521 1688 1616 1735 apud
1639 1689 1818 1736 Quinctil.
1837 1687 1898 1725 lib.
1918 1700 2001 1725 xix.
2028 1698 2083 1724 ιο.
2111 1697 2155 1722 ex
2171 1686 2260 1722 Mss.

1215 1750 1304 1787 quae
1321 1737 1419 1775 velut
1440 1743 1526 1789 sata
1549 1738 1722 1788 quaedam
1751 1738 1876 1776 coelum
1901 1747 2101 1787 terramque
2120 1736 2259 1784 degene-

1215 1799 1312 1826 rant.

1274 1857 1338 1906 46.
1366 1863 1495 1895 Famae
1522 1856 1640 1907 opus.]

1216 1909 1322 1947 versu
1345 1937 1354 1953 ‚
1393 1920 1433 1946 ut
1458 1907 1533 1959 sint
1563 1908 1693 1945 rectius
1726 1907 1855 1945 vetusti
1888 1907 2054 1951 codices,
2082 1917 2193 1955 quam
2216 1916 2260 1946 <9¹

1694 1856 1827 1893 Malim
1851 1884 1860 1901 ,
1903 1868 2000 1894 onus.
2028 1853 2263 1904 praecedenti

1207 1958 1296 2007 fini.
1326 1960 1471 1997 Herus.
1501 1964 1546 1995 Et
1561 1957 1630 2005 stnt
1652 1959 1722 1995 alii.
1748 1957 1820 2005 seq.
1843 1957 1946 1995 versu
1969 1961 2109 1995 notitae
2138 1967 2261 1995 mem·

1214 2009 1345 2047 branae
1367 2022 1451 2047 cum
1479 2009 1613 2047 Bersm.
1633 2008 1746 2058 quod,
1775 2020 1840 2055 pro
1862 2022 1938 2057 quo.
1967 2010 2001 2044 ὃ(
2025 2009 2093 2056 legi
2114 2007 2256 2064 potest,

1214 2069 1255 2096 ut
1266 2059 1342 2108 fint
1354 2059 1534 2108 praeconia
1555 2059 1667 2106 nostra
1691 2064 1775 2094 Vera
1788 2086 1797 2102 ‚
1819 2058 1898 2094 vide
1910 2059 2034 2104 famae
2052 2057 2143 2107 quod
2158 2067 2259 2094 tuea—

1213 2109 1263 2147 ris
1282 2119 1374 2159 opus.
1402 2111 1439 2149 id
1460 2110 1509 2148 est
1537 2119 1748 2159 quanquam
1777 2109 1942 2146 laudibus
1972 2109 2064 2146 meis
2093 2109 2165 2145 vita
2188 2108 2254 2146 tibi

1214 2161 1380 2199 anteana
1403 2162 1441 2199 &
1470 2160 1681 2198 officiorum
1712 2160 1750 2197 in·
1773 2171 1833 2196 me
1852 2168 1959 2196 tenor
1981 2160 2085 2207 plane
2108 2158 2260 2207 respon-

1214 2210 1298 2250 deat
1313 2240 1323 2256 ‚
1359 2223 1438 2250 non
1458 2219 1583 2250 tamen
1603 2211 1725 2249 secura
1742 2207 1812 2247 effe
1834 2209 1943 2247 debes
1956 2237 1966 2254 ‚
1993 2218 2054 2248 aut
2073 2221 2149 2246 rem
2177 2221 2258 2258 par-

1215 2262 1254 2299 vi
1281 2263 1413 2302 laboris
1439 2262 1643 2300 existimare
1663 2288 1674 2306 ,
1712 2268 1851 2298 tantam
1892 2261 2012 2298 famae
2044 2260 2184 2297 molem
2217 2269 2258 2298 ut

1214 2313 1342 2352 sartam
1361 2313 1494 2352 tectam
1518 2313 1693 2362 praestes;
1721 2323 1806 2348 cum
1828 2311 1913 2349 talia
1931 2321 2043 2360 opera
2064 2311 2157 2348 tucri
2179 2322 2257 2348 non

1215 2365 1337 2403 multo
1355 2366 1474 2403 minus
1488 2363 1529 2402 fit
1542 2374 1672 2413 ‚quarn
1688 2361 1889 2400 aedificare.
1917 2364 2090 2400 Aucron
2107 2362 2261 2399 Etr-:cr-

1215 2415 1347 2454 E'rou.
1374 2421 1470 2452 Onus
1482 2414 1605 2458 reete,
1632 2421 1671 2451 ut
1692 2413 1909 2461 Epist.xvxx.
1931 2419 2040 2449 Fama
2061 2425 2192 2462 quoque
2211 2411 2257 2457 est

1214 2467 1319 2506 oneri,
1334 2467 1425 2518 quod
1444 2465 1574 2503 tuearis
1595 2465 1745 2512 Junian.
1769 2464 1806 2501 &
1832 2462 1939 2501 Leid.

1264 2541 1330 2581 47.
1357 2529 1566 2583 §luereturfl
1597 2535 1767 2578 Loquetur
1790 2528 1947 2577 Argent.

1265 2593 1331 2644 48.
1358 2597 1459 2643 Qae
1479 2594 1573 2631 debet
1587 2621 1597 2637 ,
1617 2592 1730 2640 suerit
1751 2591 1787 2630 ni
1809 2592 1874 2631 tibi
1894 2604 1976 2629 cura
1996 2591 2099 2643 mei.]
2130 2590 2194 2630 Tu
2207 2590 2257 2630 fic

1217 2646 1404 2684 construe:
1439 2646 1489 2682 Ut
1519 2656 1590 2694 ego
1615 2652 1757 2681 taceam
1784 2670 1794 2687 ,
1822 2652 1948 2681 tamen
1968 2644 2067 2682 fama
2086 2651 2261 2693 queretur

1217 2699 1256 2735 ὃ(
1273 2698 1451 2746 loquetur
1467 2695 1512 2734 de
1533 2706 1594 2739 te,
1621 2694 1685 2733 nisi
1712 2694 1777 2732 tibi
1799 2705 1882 2732 cura
1904 2705 1968 2738 ea,
1995 2706 2090 2743 quae
2123 2694 2258 2736 debet,

1216 2748 1264 2786 de
1285 2760 1346 2786 me
1369 2747 1488 2785 fuerit.
1517 2756 1556 2786 ut
1578 2757 1728 2784 comma
1742 2773 1752 2789 ,
1781 2747 1882 2793 {Quae
1901 2745 2019 2789 debet,
2040 2744 2084 2782 ad
2103 2744 2262 2794 sequen·

1217 2800 1289 2844 tia,
1316 2810 1392 2837 non
1418 2797 1460 2834 ad
1480 2797 1675 2847 praesentia
1697 2796 1882 2834 referatur.
1910 2795 1970 2833 Est
1989 2797 2088 2833 enim
2103 2794 2261 2840 ὑπέρβα-

1221 2862 1281 2886 'rav
1302 2878 1314 2894 ,
1370 2847 1474 2899 quod
1517 2847 1807 2888 commentatori
1848 2844 2057 2896 imposuiffe
2099 2846 2260 2887 videtur·

1221 2901 1402 2938 M1crLr..

1267 2975 1331 3012 49,
1359 2960 1522 3012 Exposuit
1541 2970 1665 2998 memet
1686 2959 1813 3010 populis
1837 2962 1988 3008 fortuna
2019 2960 2256 3010 videndum]

1217 3016 1364 3054 Plenius
1381 3015 1427 3050 est
1441 3040 1451 3056 ‚
1476 3010 1622 3061 populis:
1654 3024 1738 3049 nam
1764 3013 1801 3048 ὅ(
1821 3013 1918 3050 cives
1937 3012 2018 3050 suos
2037 3013 2205 3060 intelligit
2219 3013 2258 3049 δε

1218 3076 1378 3104 exteros.
1403 3064 1569 3101 Famuc.
1596 3062 1723 3113 Populo
1746 3062 1874 3111 scripti.
1903 3063 2066 3112 Exposuit
2087 3064 2183 3101 mata
2198 3072 2257 3111 po-

1213 3117 1292 3167 pulo
1314 3115 1466 3164 Argent.
1485 3112 1634 3162 quidam
1651 3141 1662 3159 ,
1679 3127 1799 3150 meme.
1832 3113 1953 3152 Scribe
1967 3142 1978 3159 ,

1216 3229 1254 3268 H
1271 3175 1433 3226 Exposuit
1455 3188 1532 3214 mea
1553 3189 1607 3214 me
1622 3175 1740 3227 populo
1756 3177 1906 3224 fortuna
1929 3176 2135 3213 videndum.

1263 3241 1365 3268 ems.

1276 3302 1333 3341 51.
1365 3291 1491 3330 Notior
1512 3291 1553 3337 est
1575 3292 1696 3338 fabius
1715 3296 1902 3338 Capaneus
1921 3290 1961 3326 de
1979 3286 2146 3334 fulminis
2164 3287 2254 3325 iffa:

1217 3348 1334 3382 Notus
1358 3343 1467 3381 humo
1488 3341 1601 3390 merfis
1628 3341 1871 3393 Amphiaraus
1889 3338 2018 3389 equini
2057 3337 2116 3377 De
2137 3338 2256 3385 Capa-

1395 3394 1567 3434 Kkkkk
1595 3404 1619 3432 2
2179 3400 2255 3427 nco
