2495 3675
392 166 954 233 EPISTOLARUM
989 165 1097 224 EX
1135 159 1420 221 PONTO.
1458 159 1580 216 Lm.
1618 160 1712 218 IV.
1752 159 1932 220 Emsr.
1959 162 2055 221 IX.

449 268 716 341 Quaeque
747 262 877 317 mihi
903 261 1010 316 sola
1034 260 1239 331 capitur
1264 273 1405 311 nunc
1431 267 1612 309 mente
1647 258 1915 326 volupta3‚

520 339 684 393 Tunc
709 336 874 391 oculis
901 333 1059 389 etiam
1087 329 1430 402 percipienda
1453 329 1608 383 foret.

448 414 578 469 Non
604 413 675 465 ita
714 407 1014 463 Coelitibus
1055 405 1222 459 visum
1250 403 1351 464 est,
1392 401 1440 454 δι’
1474 401 1686 455 forfitan
1714 403 1918 475 aequis:

301 504 372 558 40

518 486 658 540 Nam
685 481 817 555 quid
846 497 931 535 me
955 495 1161 550 poenae
1197 473 1365 529 caussa
1390 488 1577 543 negata
1599 475 1780 544 juvet?

442 558 639 613 Mente
665 568 873 616 tamen,
910 569 1044 623 quae
1071 550 1175 604 sola
1202 550 1324 602 loco
1354 563 1465 600 non
1490 547 1717 611 exsulat,
1755 559 1898 605 utar:

522 630 888 688 praetextam,
926 623 1087 678 fasces
1110 622 1502 693 adspiciamque
1531 632 1667 673 tuos.

448 703 606 760 Haec
630 701 799 757 modo
826 711 879 753 te
904 697 1107 770 populo
1135 694 1456 750 reddentem
1488 691 1598 758 iura
1625 692 1859 760 videbit3

526 776 598 831 Et
623 775 674 830 se
700 771 914 829 secretis
941 770 1107 842 finget
1137 767 1310 822 adeste
1334 766 1479 821 lociS.

305 870 373 922 45
445 849 607 906 Nunc
634 847 781 919 longi
805 844 1006 900 reditus
1033 842 1204 896 hastae
1233 842 1530 911 supponere
1557 836 1702 892 lustri

523 922 753 981 Cernet‚
790 918 844 970 &
869 913 1052 970 exatota
1077 913 1266 968 ennea
1287 915 1463 967 locare
1490 910 1615 966 fide.

449 995 609 1050 Nunc
636 991 811 1045 facere
836 989 891 1043 in
915 987 1098 1042 medio
1123 986 1412 1040 facundum
1439 984 1598 1039 verba
1625 983 1850 1048 Senam,

520 1064 738 1119 Publica
763 1074 1112 1135 quaerentem
1140 1059 1272 1132 quid
1299 1071 1443 1130 petat
1470 1057 1680 1112 utilitas.

447 1140 638 1201 Nune,
677 1153 776 1208 pro
803 1134 1143 1196 Caesaribus,
1181 1132 1394 1203 Superis
1420 1130 1713 1185 decernere
1737 1141 1942 1202 grates3

309 1231 378 1285 50

526 1210 730 1266 Albave
755 1209 1062 1281 opimorum
1103 1205 1236 1260 colla
1260 1204 1419 1258 ferire
1443 1203 1626 1257 boum.

453 1286 640 1358 Atque
664 1282 866 1336 utinam
886 1320 902 1345 ,
937 1297 1059 1335 cum
1083 1279 1188 1349 jam
1212 1277 1375 1332 fueris
1404 1277 1614 1349 potiora
1640 1286 1911 1348 precatu3‚

528 1358 604 1413 Ut
629 1355 759 1410 mihi
784 1356 1024 1428 placetur
1051 1351 1282 1408 numinis
1306 1351 1412 1415 ira,
1452 1350 1634 1421 roges!

165 1623 264 1662 Mox
285 1633 380 1673 quae
403 1621 449 1661 de
469 1622 646 1661 sacrificio
678 1620 837 1660 Eumaei
858 1618 976 1664 citat,
1005 1627 1051 1656 ex
1079 1616 1215 1656 eodem

166 1675 255 1714 loco
274 1674 416 1724 sumpta
434 1673 649 1716 sunt21<ostle
669 1672 700 1709 δ’
722 1672 965 1717 ἀνασχόμενος
983 1667 1099 1715 σχίζῃ
1119 1668 1219 1713 §pube

171 1725 208 1767 ’ἣν
230 1725 318 1763 λίπε
339 1726 438 1763 κείων
462 1752 473 1770 ,
511 1725 605 1762 ’τόνΣ
628 1725 737 1761 ἔλιπε
767 1723 891 1768 ψυχῆς
915 1721 970 1757 τοὶ
990 1717 1024 1757 δ’
1044 1719 1218 1767 ἕσφκξεὶυ

169 1788 212 1814 τε
226 1779 287 1814 καὶ
310 1771 424 1814 εὗσαν.
436 1776 511 1814 hoc
522 1776 585 1821 est,
599 1774 727 1812 Incidit
738 1785 856 1811 autem
871 1770 959 1820 (five
970 1771 1162 1819 mactavit)
1173 1770 1218 1807 il-

171 1826 480 1875 lumsublatofuste
492 1839 634 1877 quercus
647 1855 658 1872 ,
669 1838 770 1874 quem
789 1823 837 1862 ibi
849 1823 1038 1872 reliquerat
1052 1849 1062 1866 ,
1074 1831 1149 1860 (φτ.
1169 1821 1217 1858 Et

171 1879 310 1918 rursum
325 1892 334 1916 ε
350 1878 392 1915 ‘0
407 1876 440 1915 δ’
451 1876 663 1922 ὠμοθετεῖτο
675 1876 836 1923 συβώτης
858 1872 1038 1910 Παυτόθεν
1057 1872 1217 1918 ἀρχόμε.

173 1943 229 1972 νος
251 1929 392 1976 μελέων
417 1956 428 1974 ,
465 1929 501 1972 ἐς
532 1930 634 1966 πίονα
665 1927 773 1973 δημὸν
797 1955 807 1972 ,
836 1927 900 1962 καὶ
923 1924 973 1960 τῑι
996 1925 1061 1968 μὲν
1081 1921 1118 1958 ἐν
1136 1923 1220 1966 πυρὶ

174 1983 305 2029 βάλλε
318 2008 328 2025 ,
356 1981 523 2022 παλύνας
543 1979 701 2025 &Zama-tog
719 1978 836 2021 ἀκτῇν
849 2004 859 2020 ,
874 1976 947 2013 ὅτε.
967 1975 1043 2010 hoc
1055 1972 1104 2009 est
1117 2000 1126 2016 ,
1156 1979 1222 2008 Su-

170 2031 375 2081 perponebat
392 2040 510 2068 aurem
532 2030 639 2066 cruda
653 2027 841 2078 semicoc'lis
858 2023 932 2074 five
961 2024 1017 2071 (ut
1035 2021 1222 2060 dofflores

178 2082 400 2130 exponunt)
428 2094 470 2118 ex
482 2079 629 2129 fingulis
659 2077 821 2118 membris
836 2072 1082 2126 particulatim
1101 2073 1223 2121 recisas

181 2145 324 2177 carnes,
352 2142 424 2172 σε.
463 2132 661 2169 Caeterum
686 2129 712 2167 fi
741 2129 821 2178 quis
846 2123 1067 2164 sacrificandi
1086 2125 1195 2162 ritum
1213 2151 1223 2167 ,

180 2194 259 2231 quo
283 2191 424 2221 veteres
447 2182 582 2220 Graeci
607 2181 660 2220 usi
690 2182 860 2222 fuerunt,
887 2175 1071 2225 requirat,
1099 2186 1144 2212 ex
1168 2175 1226 2211 O·
1268 2198 1271 2201 -

181 2231 326 2283 dysseae
348 2234 459 2270 tertio
481 2260 492 2276 ‚
522 2233 560 2269 &
590 2243 704 2278 quem
729 2229 847 2267 modo
868 2228 1086 2270 citavimus,
1128 2225 1232 2274 deci-⁴

183 2294 250 2322 mo
261 2291 414 2333 quattor
443 2284 534 2320 item
557 2292 600 2319 ex
615 2280 750 2319 Iliados
771 2281 894 2328 primo
917 2278 956 2315 &
980 2275 1140 2314 secundo
1163 2287 1229 2324 pe-

181 2340 248 2372 tat.
292 2334 369 2370 Ubi
393 2334 430 2370 δι
453 2333 569 2377 haec,
594 2343 689 2380 quae
710 2330 774 2368 hic
798 2329 818 2366 a
845 2328 989 2366 Merula
1010 2339 1054 2364 cx
1076 2327 1228 2375 Diony·

184 2384 239 2423 sio
257 2383 458 2431 allegantur
471 2410 481 2427 ‚
509 2383 547 2420 &
567 2382 636 2424 alia
646 2380 837 2430 complura
850 2378 1016 2430 ejusdem
1037 2379 1231 2428 reilegun-

184 2443 258 2474 tur.
286 2435 466 2471 Mrem.

241 2496 304 2536 32.
328 2483 454 2533 AEde.]
483 2481 569 2520 Urbe
583 2483 624 2521 P.
646 2483 745 2521 Dan.

241 2563 303 2600 33.
332 2550 438 2588 Plena
452 2577 464 2594 ‚
485 2562 592 2601 quam
611 2548 746 2599 lanea]
778 2549 903 2597 §Luam
919 2545 1021 2595 plena
1039 2544 1229 2584 Ms.locu-

188 2602 303 2652 pletes
327 2612 479 2638 acervos
515 2601 603 2639 turis
630 2600 723 2638 focis
761 2599 1007 2648 ingerebant,
1055 2598 1094 2635 &
1124 2597 1230 2634 lance

189 2654 298 2703 plena
328 2651 472 2689 dabant.
498 2652 685 2689 tenuiores
710 2662 801 2688 vero
826 2661 936 2698 grana
963 2650 1139 2686 duntaxat
1167 2647 1232 2684 ali-

190 2712 285 2753 quot
308 2731 318 2746 ,
357 2702 415 2739 vel
443 2702 601 2750 glebulas
623 2702 661 2739 &
692 2703 805 2739 rnicas
827 2701 978 2738 summis
1006 2699 1125 2747 digitis
1146 2697 1229 2747 inji-

192 2755 347 2793 ciebant.
373 2752 573 2791 Bassum.
598 2751 688 2790 Vid.
709 2751 860 2790 Herald.
881 2751 927 2789 ad
948 2750 1090 2788 Arnob.
1109 2748 1168 2787 lib.
1182 2760 1231 2788 11.

194 2817 274 2855 pag.
298 2817 379 2852 ης.
974 2800 986 2808 “

249 2879 306 2916 34.
333 2872 397 2904 Ter
418 2865 579 2918 quatem]
627 2867 736 2905 Haec
765 2863 875 2902 verba
895 2861 1041 2901 Merula
1061 2861 1105 2899 ad
1126 2861 1236 2910 dedis·

192 2917 264 2967 sem
289 2928 371 2954 tura
393 2919 514 2955 refert.
535 2919 709 2968 Micyllus
727 2915 772 2954 ad
791 2916 912 2952 laetus.
927 2912 1097 2952 Heinsius
1111 2912 1235 2950 distin-

197 2979 311 3016 guens
324 2968 399 3014 post
412 2979 534 3018 quater
547 2970 690 3007 videtur
702 2967 867 3005 Merulae
879 2965 1065 3003 accedere.
1078 2964 1135 3001 sed
1147 2975 1231 3001 cum

197 3021 373 3056 ternarius
406 3032 580 3058 numerus
603 3019 639 3057 in
675 3019 777 3057 sacris
800 3017 984 3055 sollemnis
1014 3013 1129 3058 effet,
1166 3026 1235 3052 nec

196 3068 300 3108 illum
316 3081 511 3107 numerum
527 3071 705 3108 excedere
717 3069 846 3116 religio
861 3067 1008 3116 juberet
1022 3094 1031 3110 ,
1060 3077 1131 3114 ego
1146 3077 1230 3103 curn

197 3121 308 3157 laetus
325 3119 467 3167 jung0;
497 3120 636 3159 dictum
666 3133 756 3158 vero
777 3128 815 3156 ut
842 3119 878 3156 in
903 3116 1088 3160 formula,
1115 3126 1233 3164 terque

198 3180 386 3222 quaterque
414 3170 530 3209 beatus
559 3172 653 3218 apud
682 3173 786 3220 Virg.
808 3182 833 3208 1.
856 3168 946 3207 [En.
975 3180 1037 3218 94.
1080 3168 1117 3205 &
1137 3179 1232 3218 quae

200 3222 282 3261 talia
303 3220 424 3269 paffirn
448 3230 548 3260 nota.
574 3224 704 3261 ssuum.

251 3283 309 3320 34.
338 3271 472 3318 imperii
490 3270 600 3310 laetus
619 3274 744 3311 honore
761 3270 845 3318 tuit]
874 3270 1034 3308 Honore
1050 3269 1226 3308 Consula-

2191 1469 2316 1525 Sur}

1273 1614 1312 1653 &
1334 1613 1395 1653 66.
1423 1612 1561 1652 Seneca
1582 1613 1641 1651 lib.
1668 1624 1715 1651 11.
1745 1611 1983 1651 Controvers.
2010 1609 2317 1660 Su7nn1umimpe-{

1273 1666 1367 1704 rium
1387 1665 1548 1716 Consules
1569 1665 1687 1702 cedent
1709 1664 1786 1704 tibi.
1816 1664 1945 1713 Virgil.
1963 1663 2052 1701 AEn.
2073 1674 2147 1700 vn.

1325 1731 1482 1779 Consulis
1501 1731 1683 1782 imperium
1709 1730 1845 1781 primus
1860 1731 2060 1780 saevasque
2080 1729 2213 1776 secures

1326 1782 1491 1820 Accidet.

1273 1830 1322 1869 sic
1341 1833 1379 1869 &
1401 1792 1587 1880 ,fastigium
1612 1833 1704 1881 juris
1731 1844 1798 1881 pro
1831 1831 2019 1869 Consulari
2051 1830 2240 1877 dignitate.
2271 1827 2320 1866 de

1274 1893 1352 1932 quo
1375 1882 1534 1931 pluribus
1566 1882 1610 1920 ad
1633 1883 1879 1921 Claudianum
1913 1882 1968 1930 egi
2002 1880 2202 1920 Consulatu
2224 1879 2323 1930 Oly-⁴

1274 1933 1393 1970 brii&
1414 1933 1563 1971 Probini
1583 1935 1660 1982 ipso
1682 1934 1802 1972 initio.
1832 1934 1978 1971 Hiems.

1329 1993 1388 2042 36.
1416 1994 1527 2031 Mitia
1540 1995 1599 2043 jus
1619 1994 1755 2039 verbis,
1781 1992 1810 2040 [ἱ
1825 1994 1922 2031 modo
1932 1995 2018 2038 fata
2038 1992 2202 2043 darent.]
2252 1991 2319 2031 Tu

1277 2043 1382 2092 lege,
1407 2045 1482 2090 Jus
1498 2045 1612 2083 urbis.-
1643 2045 1691 2082 fic
1720 2046 1820 2082 enim
1844 2046 1882 2081 &
1905 2044 2040 2081 Aldina
2063 2045 2178 2081 editio
2198 2044 2321 2082 habet.

1278 2095 1339 2132 Est
1359 2103 1485 2133 autern
1506 2096 1622 2134 sensus
1645 2107 1654 2132 ε
1692 2095 1728 2133 Si
1758 2096 1830 2133 fata
1852 2094 1942 2132 mihi
1971 2095 2096 2131 darent
2114 2095 2174 2143 jus
2201 2095 2319 2132 urbis:

1278 2146 1354 2183 hoc
1379 2145 1428 2183 est
1447 2175 1458 2192 ‚
1489 2156 1528 2184 ut
1553 2146 1692 2196 possem
1724 2147 1760 2183 in
1792 2146 1879 2183 urbe
1904 2173 1913 2187 ‚
1950 2144 2023 2182 sive
2056 2146 2202 2182 Rornae
2224 2143 2320 2189 effe,

1280 2196 1445 2245 praesens
1475 2199 1570 2235 inter
1600 2196 1801 2246 praesentes
1829 2197 1967 2233 amicos
1994 2205 2077 2233 tuos
2099 2207 2322 2234 numerarer.

1283 2246 1396 2285 Nunc
1430 2248 1581 2297 quando
1614 2250 1688 2286 hoc
1717 2259 1794 2285 non
1823 2247 1941 2291 licet,
1977 2246 2099 2283 absens
2130 2247 2256 2283 animo
2279 2257 2323 2284 ea

1283 2299 1566 2347 contemplabor
1587 2327 1597 2343 ,
1634 2310 1730 2347 quae
1756 2309 1882 2335 coram
1913 2297 2028 2334 oculis
2058 2308 2135 2335 non
2163 2296 2322 2343 possum.

1285 2349 1421 2396 Neque
1448 2350 1527 2387 satis
1555 2350 1665 2387 latine
1692 2349 1822 2386 dicitur
1847 2377 1857 2392 ‚
1894 2353 1991 2384 Dare
2015 2348 2074 2396 jus
2095 2347 2232 2391 verbis,
2255 2357 2321 2395 pro

1286 2400 1371 2437 dare
1401 2401 1612 2438 facultatem
1644 2398 1851 2449 loquendi:
1890 2407 2062 2448 caretque
2094 2397 2175 2435 talis
2200 2398 2322 2436 oratio

1287 2451 1478 2501 exemplis.
1507 2453 1687 2495 Micrtt.

1336 2513 1395 2551 37.
1425 2502 1584 2550 Capitur.
1601 2501 1616 2552 ]
1646 2507 1762 2549 Capta
1778 2499 1821 2546 est
1840 2500 1913 2537 MS.
1930 2499 2066 2537 Bersm.

1337 2564 1397 2600 39.
1427 2557 1507 2590 Non
1523 2553 1575 2590 ita
1595 2552 1779 2590 Caelitibus
1802 2549 1958 2599 visum]
1990 2550 2078 2587 Non
2098 2550 2146 2587 ita
2164 2577 2172 2593 ‚
2191 2557 2231 2588 ut
2252 2561 2324 2598 ego

1286 2602 1532 2641 desiderabam
1550 2603 1638 2648 ‚diis
1657 2603 1831 2650 apparuit.
1847 2603 2033 2638 Mantua.
2062 2601 2147 2638 Imo
2168 2601 2325 2650 placuit3

1286 2655 1323 2692 id
1344 2656 1443 2692 enim
1464 2654 1578 2691 υἱάσι·
1599 2653 1772 2702 fignificat
1787 2653 1925 2689 Graeca
1950 2651 2325 2701 iinitatione‚quibus

1285 2706 1385 2743 idem
1405 2706 1514 2744 δοκεῖν
1527 2706 1712 2753 significat.
1733 2703 1830 2742 unde
1853 2701 2201 2742 &aomcfvwidem
2224 2701 2328 2750 quod

1286 2756 1437 2795 placita.
1465 2755 1750 2805 Virgilarffln.
1779 2754 1847 2792 Dis
1869 2754 1970 2790 aliter
1989 2754 2118 2801 vificm.
2147 2755 2328 2790 Mrem-r..

1339 2821 1402 2853 4ο.
1429 2808 1594 2858 causta]
1624 2808 1735 2856 Culpa
1758 2806 1913 2844 malebat
1928 2804 2114 2843 Heinsius.
2128 2804 2240 2853 juvat
2253 2804 2327 2842 Ms-

1289 2858 1424 2897 Bersm.
1446 2861 1560 2898 Servii
1584 2861 1622 2896 8<
1648 2858 1756 2896 Leid.

1340 2923 1401 2956 41.
1430 2917 1549 2948 Mente
1571 2909 1694 2959 utam]
1732 2907 1890 2953 Malim,
1918 2917 2034 2945 mente
2053 2907 2144 2955 usus.
2181 2906 2330 2945 Hzms:

1288 2971 1366 2999 utor
1387 2962 1557 2999 Leidens.

1313 3025 1400 3101 ὀ44.
1428 3013 1548 3062 Adeste
1567 3011 1675 3062 tuis.]
1715 3010 1811 3048 Lecis
1838 3022 1883 3047 ex
1904 3008 2014 3048 tribus
2037 3008 2132 3048 libris
2154 3007 2326 3047 Heinsius

1289 3075 1308 3102 e
1339 3065 1417 3104 idit.

1339 3115 1403 3162 46.
1433 3113 1598 3161 Credet]
1653 3119 1778 3150 Cernet
1810 3124 1894 3151 cum
1927 3112 1985 3150 sex
2006 3112 2150 3160 scriptis.
2180 3110 2327 3145 Hiems.

1288 3170 1398 3214 Lenge
1415 3166 1559 3203 P.Dan.
1581 3166 1698 3213 longae
1719 3166 1830 3202 Servii
1847 3163 1964 3207 &sex
1986 3163 2055 3200 alii.
2074 3160 2194 3209 profitere
2209 3158 2325 3194 Hasna

1338 3229 1398 3261 47.
1427 3222 1468 3254 In
1490 3217 1598 3253 medio
1612 3214 1856 3264 facundum]
1898 3220 1939 3250 In
1960 3207 2323 3255 mediumsacandum

1287 3267 1397 3304 verba
1439 3274 1605 3304 Senatum
1633 3268 1779 3315 Junian.
1810 3266 1847 3306 in
1881 3265 1990 3304 medio
2012 3260 2185 3308 facundi-1
2217 3257 2325 3295 verba

196 3332 253 3365 tus
279 3323 344 3362 tui.
376 3321 559 3371 imperium
582 3335 648 3372 pro
669 3323 884 3364 Consulatu.
912 3322 959 3362 fic
981 3322 1072 3362 infra
1090 3320 1145 3366 §ius-
1167 3321 1228 3360 60.
1284 3324 1414 3359 Senatu
1436 3318 1608 3357 Leidens.

1463 3370 1585 3408 Sssss
1614 3379 1634 3409 2
2163 3370 2226 3409 49·
2253 3363 2325 3404 De:
