2495 3675
676 178 742 239 P.
815 176 1239 238 OVIDII
1312 169 1896 231 NASONIS.

501 273 752 329 Protinus
777 285 1002 346 argento
1026 286 1182 324 veros
1207 264 1466 346 imitantia
1489 279 1669 346 muros

584 346 811 402 Barbara
836 363 958 400 cum
989 342 1138 396 vifiis
1163 337 1360 410 oppida
1385 338 1484 391 lata
1508 354 1648 390 Vlris.

514 413 890 491 Fluminaque,
938 415 987 468 ἃ
1016 426 1252 473 monteS‚
1290 410 1344 462 &
1371 409 1425 463 in
1452 408 1564 463 altis
1587 408 1773 480 pascua
1801 408 1972 472 silvis;

371 511 441 562 40

585 494 860 562 Armaque
884 503 1006 540 eum
1033 485 1147 538 telis
1175 484 1230 537 in
1256 481 1393 537 ssrue
1427 482 1593 536 mixta
1617 481 1735 536 suis,

519 565 715 635 Deque
741 558 1094 629 triumphato,
1132 555 1280 628 quod
1308 554 1399 608 Sol
1424 552 1753 618 incenderit,
1793 570 1921 609 auro

595 638 773 689 Aurea
801 630 1035 686 Romani
1061 628 1195 683 tecta
1219 625 1368 682 fuisse
1402 625 1523 680 fori.

521 709 746 776 Totque
770 702 937 764 tulisse
963 703 1127 758 duces
1151 700 1372 772 captivis
1401 697 1581 753 addita
1608 701 1754 754 collis

594 778 854 843 Vincula,
892 793 1029 848 pene
1054 774 1228 830 hostes
1254 785 1388 847 quot
1422 772 1538 829 satis
1564 771 1665 828 effe
1690 772 1808 828 fuit„

235 1009 307 1048 que
327 996 387 1035 sub
406 994 518 1032 finem
548 991 628 1031 libri
650 994 760 1031 tertii.
788 992 936 1031 Herus.
981 989 1202 1040 Juslitiaque
1218 989 1278 1038 sui

228 1051 364 1099 sannas
386 1043 529 1096 placafflt
554 1053 712 1095 parentes
748 1044 788 1082 P.
819 1043 918 1082 Dan.
958 1046 1067 1080 Caras
1106 1042 1276 1090 Excerpt.

237 1098 346 1239 {gs}
364 1145 564 1237 &cuiquest
601 1145 668 1184 Per
685 1156 967 1196 quemcumque
986 1147 1126 1186 locum.
1148 1144 1208 1182 lib.
1223 1155 1276 1181 xv.

281 1204 346 1239 rii.
412 1210 468 1247 eg.
485 1210 531 1236 11.

289 1266 441 1313 Qaque
462 1261 547 1306 ibis,
577 1260 740 1298 manibus
761 1259 888 1298 circum
908 1259 1073 1310 plaudere
1097 1268 1251 1295 tuorum.

239 1316 410 1354 CiofAN.

296 1376 354 1425 36.
381 1381 541 1424 Saxaque
562 1373 705 1423 jaffiatt's
725 1373 885 1423 erubuiffe
907 1371 1024 1422 rofis.]
1071 1371 1114 1411 In
1141 1372 1274 1410 veteri-

238 1428 304 1466 bus
322 1427 417 1464 libris
433 1454 442 1470 ,
457 1425 720 1463 roratis.siclib.
739 1437 793 1462 iv,
813 1424 1180 1471 Metamorphoieos:
1211 1428 1275 1460 Ro-

237 1478 327 1516 ratis
345 1477 509 1522 lustravit
529 1476 642 1527 aquis.
669 1476 839 1514 Cremu.

292 1538 354 1578 37.
385 1534 479 1565 Veros
496 1526 680 1565 imitantia
701 1525 846 1575 muros]
877 1527 988 1573 Verfits
999 1524 1279 1563 Sarravianus&

239 1581 405 1630 plerique
417 1578 488 1616 alii.
516 1577 627 1615 reete.
653 1578 830 1627 Sequenti
848 1575 952 1614 versu
970 1576 1066 1614 idern
1089 1575 1278 1631 S·arrav.&

239 1640 311 1669 tres
328 1630 411 1674 alii,
434 1628 532 1677 pictis
545 1627 644 1665 viris.
655 1628 835 1676 Excerpta
849 1627 963 1664 Vossii
977 1627 1143 1672 ,vinam
1159 1626 1252 1665 Puto
1267 1654 1278 1670 ,

232 1682 347 1731 stetin
377 1693 422 1718 ex
442 1688 595 1728 argento
616 1679 800 1717 videlicet.
827 1678 973 1716 Herus.
1015 1678 1104 1715 Non
1136 1677 1280 1725 placent

237 1734 291 1772 illi
309 1733 416 1780 picti,
443 1731 501 1768 vel
515 1729 589 1774 ficti
610 1730 693 1767 viri.
715 1729 837 1767 nescio
859 1740 904 1766 an
923 1740 1000 1766 non
1021 1725 1194 1776 glossator
1217 1740 1280 1775 ap-

240 1783 400 1833 posuerit
416 1793 552 1818 vocem
574 1780 671 1817 illam
686 1807 695 1822 ‚
719 1780 841 1829 pietts,
869 1780 929 1817 alii
956 1781 1043 1816 voci
1064 1805 1079 1823 ,
1103 1787 1280 1827 tanquam

243 1833 530 1883 explicationem
547 1857 562 1875 ,
579 1831 616 1868 ὅ(
629 1831 725 1868 forte
745 1829 960 1878 legendum,

298 1893 456 1932 Barbara
479 1905 556 1930 cum
579 1891 692 1929 titulis
714 1892 831 1942 oppida
852 1891 926 1929 lata
938 1891 1024 1941 suis.

245 1972 332 2000 nam
355 1959 451 1997 viros
477 1957 599 2006 effingi
630 1957 667 1994 &
691 1957 835 2006 imponi
858 1958 1003 1996 ferculis
1026 1968 1102 1996 non
1125 1960 1282 1997 memini

246 2023 309 2051 me
325 2011 469 2058 legere,
497 2008 556 2046 sed
577 2007 702 2045 titulos
722 2007 871 2046 adscribi
894 2017 1026 2046 notum
1049 2010 1098 2047 est
1112 2037 1122 2054 ‚
1143 2010 1211 2047 hos
1229 2009 1282 2058 pi-

250 2061 328 2100 ctos
351 2059 453 2098 fuvisse
477 2057 647 2108 glossator
667 2057 827 2096 indicare
849 2058 979 2096 voluit.
1008 2058 1096 2096 Viris
1108 2069 1230 2097 autem
1245 2061 1285 2098 &

245 2126 345 2151 meus
359 2139 369 2156 ,
397 2121 477 2147 tuus
491 2109 598 2157 ‚suus
625 2107 762 2157 saepius
775 2111 1074 2156 permutanturin
1095 2110 1223 2147 Ovidii
1244 2110 1286 2147 li-

249 2163 331 2201 bris.
350 2162 436 2211 quia
465 2170 590 2198 tamen
618 2158 691 2207 seq.
724 2158 875 2197 disticho
899 2161 1031 2197 iterum
1052 2161 1115 2206 sua
1133 2161 1192 2198 vel
1211 2161 1288 2209 suis

248 2214 425 2263 repetitur
442 2239 453 2254 ‚
467 2211 615 2248 mallem
632 2208 778 2253 ‚fiviris
794 2209 842 2247 est
853 2209 1085 2248 retinendum
1103 2239 1113 2255 ‚
1141 2211 1285 2249 Voffia-

251 2265 290 2303 ni
320 2262 457 2302 codicis
492 2261 694 2298 lectionem
717 2287 728 2304 ‚
773 2260 900 2297 vinetis
919 2260 1007 2297 viris
1030 2287 1040 2304 ‚
1077 2270 1116 2298 ut
1150 2262 1287 2310 captivi

252 2313 384 2353 vinetis
403 2311 480 2362 post
499 2320 600 2360 terga
629 2310 795 2348 manibus
824 2311 860 2348 in
884 2311 1073 2359 triumpho
1103 2312 1202 2349 ducti
1233 2315 1291 2350 in-

253 2365 467 2414 telligantur
478 2390 487 2404 ,
499 2364 615 2411 iisque
625 2360 746 2399 addita
758 2361 892 2399 fercula
905 2389 913 2404 ,
927 2363 1056 2410 quibu‘s
1068 2364 1222 2400 nomina
1233 2363 1294 2401 vel

254 2415 391 2465 figurae
411 2413 638 2463 oppidorum
671 2420 861 2460 captorum
883 2411 1046 2460 inscripta
1064 2413 1288 2463 legebantur.

253 2480 352 2505 veros
370 2467 482 2504 etiarn
506 2475 621 2500 muros
642 2462 883 2509 praeferrem:
913 2474 998 2501 curn
1020 2464 1107 2512 quia
1125 2476 1201 2502 non
1223 2476 1289 2513 pu-

254 2527 295 2556 to
315 2519 354 2555 in
375 2514 519 2554 ferculis
539 2524 664 2552 muros
677 2513 820 2551 eversos
833 2514 1038 2558 exhibitos,
1065 2523 1162 2553 certe
1181 2527 1290 2553 num-

256 2579 366 2617 quam
388 2567 425 2605 id
449 2566 522 2614 legi
545 2593 554 2610 ,
589 2573 669 2602 tum
698 2565 784 2612 quia
812 2563 966 2602 verbum
996 2564 1158 2611 imitari,
1195 2580 1293 2605 varos

258 2618 436 2667 postulare
458 2616 617 2655 videtur.
639 2622 680 2653 ut
697 2615 758 2653 lib.
775 2627 803 2652 1.
830 2626 875 2652 ex
896 2615 1002 2653 Pont.
1025 2626 1062 2653 2.
1082 2625 1147 2665 45.

312 2682 449 2720 somnia
471 2694 524 2719 me
552 2689 682 2719 terrent
704 2693 800 2717 veros
820 2679 1012 2718 imitantia,
1028 2680 1144 2731 casuse.

264 2751 303 2789 &
324 2763 414 2790 vm.
438 2753 532 2790 Met.
557 2763 641 2801 195.

313 2817 358 2848 Ut
377 2825 480 2849 veras
501 2812 685 2849 imitentur
709 2825 805 2851 aves.

263 2864 349 2901 vide
372 2865 431 2904 lib.
452 2879 503 2904 xx,
519 2868 613 2905 Met.
636 2867 718 2916 588.
748 2869 880 2908 Bunm.

317 2942 379 2978 39.
410 2932 638 2988 Fluminaque
655 2946 698 2974 (7-
712 2935 871 2991 moptes]
902 2936 1004 2986 Lege
1019 2965 1029 2982 ,
1057 2938 1302 2991 Fluminaque,

265 2991 481 3031 montesque,
503 2995 537 3020 in
560 2996 636 3021 uno
659 2995 773 3023 veteri
795 2997 900 3025 antea
928 2998 1003 3025 erat
1018 3017 1028 3033 ,
1057 2990 1301 3041 Fluminaque,

265 3042 308 3071 (9⁶
327 3043 535 3082 moramque.
563 3036 649 3081 Qua
669 3035 717 3073 de
739 3047 776 3073 re
798 3037 881 3074 vide
899 3049 994 3082 quae
1012 3039 1087 3077 dixi
1106 3042 1165 3079 lib.
1179 3054 1205 3080 1.
1218 3043 1303 3080 Me-

264 3082 490 3130 tamorphos.
516 3083 685 3123 Crorm.
724 3091 766 3122 In
788 3086 873 3123 altis
898 3086 994 3133 filvis
1018 3090 1179 3140 plerique
1200 3101 1302 3130 vete-

264 3143 334 3170 res.
361 3133 538 3188 Echerpta
561 3135 753 3183 Scaligeri‚
786 3137 1037 3182 Combianus‚
1069 3141 1107 3177 ὃ(
1127 3150 1198 3180 tres
1217 3143 1305 3190 alii,

264 3182 303 3220 in
326 3182 409 3220 altis
426 3185 549 3232 pascua
562 3182 678 3232 filvis.
705 3187 807 3234 quod
828 3188 957 3237 placet.
985 3188 1049 3226 nisi
1070 3194 1185 3230 mavis
1200 3221 1210 3237 ,

311 3240 547 3294 Fluminaque
568 3243 606 3281 in
627 3257 756 3283 montes
774 3260 816 3287 (9·
836 3249 875 3286 in
895 3250 988 3286 altas
1007 3251 1142 3300 proflua
1153 3253 1281 3304 filvas.

254 3314 340 3343 nam
370 3307 580 3355 junianus,
617 3308 654 3348 in
678 3321 819 3352 montes.
837 3313 1129 3363 Arondelianus,

2196 847 2375 906 Maxi-

1385 987 1619 1037 fluminaque
1639 990 1682 1028 (θ’
1692 989 1808 1036 jbntes
1828 988 1871 1028 (ἐν
1889 985 1972 1026 latis
1987 985 2122 1039 proflua
2135 984 2252 1038 silvis.

1333 1058 1480 1096 Hirrus.
1508 1053 1740 1103 Fluminque,
1768 1064 1965 1105 montesque
1989 1052 2142 1102 quidem
2165 1062 2305 1093 certum
2318 1056 2376 1094 vi<-

1333 1108 1438 1146 detur
1452 1134 1462 1151 ,
1489 1113 1600 1155 atque
1619 1104 1742 1142 ansam
1772 1105 1877 1142 variis
1895 1104 2114 1143 lectionibus
2135 1105 2292 1155 aliquam
2308 1106 2377 1145 de·

1333 1158 1432 1196 disse.
1460 1156 1645 1194 Bersman.
1681 1156 1720 1193 in
1751 1165 1866 1203 marg.
1884 1155 1922 1192 in
1942 1154 2042 1193 laetis
2056 1155 2377 1206 pascuastlvisdnf
2424 1173 2433 1175 >

1332 1217 1477 1258 tegrum
1506 1206 1640 1244 vellem
1654 1234 1666 1252 ,

1385 1271 1624 1322 Fluminaque
1635 1298 1646 1316 ,
1660 1280 1856 1319 montesque
1870 1297 1880 1314 ,
1893 1279 1935 1309 (9¹
1955 1269 2053 1307 laetis
2072 1273 2196 1321 pascua
2206 1271 2321 1322 filvis.

1332 1334 1370 1371 &
1395 1332 1603 1372 immutasse
1616 1333 1833 1372 crediderim
1851 1361 1862 1378 ,
1889 1333 1952 1382 qui
1972 1334 2278 1383 praepositionem
2294 1349 2373 1374 cum

1331 1384 1498 1424 subticeri
1518 1397 1595 1422 non
1610 1385 1794 1422 sentirent.
1822 1384 2013 1422 Acmon.
2027 1385 2376 1425 ELECTOR.ETON.

1332 1436 1490 1485 Etjac‘lis
1506 1434 1639 1486 proflua
1653 1434 1760 1484 filvis
1788 1435 1957 1473 Francos.
1979 1447 2049 1483 ego
2071 1436 2107 1473 in
2128 1437 2238 1474 tribus
2252 1464 2263 1481 ,
2283 1447 2382 1487 quasv

1333 1487 1499 1525 consului
1524 1515 1533 1532 ,
1571 1487 1780 1524 Bersmanni
1809 1485 2032 1524 editionibus
2054 1488 2196 1535 repperi
2221 1486 2257 1524 in
2278 1498 2374 1525 mar-

1334 1537 1420 1586 gine
1434 1566 1444 1582 ,
1472 1538 1511 1575 in
1531 1538 1630 1574 lactis
1645 1538 1770 1586 pascua
1781 1534 1886 1586 silvis
1900 1565 1910 1580 ,
1939 1545 2049 1585 atque
2071 1537 2120 1575 ita
2143 1538 2254 1575 etiam
2277 1539 2374 1576 We-

1336 1588 1498 1626 cheliana
1532 1589 1569 1625 in
1591 1589 1679 1625 artis
1692 1589 1817 1636 pascua
1835 1587 1935 1636 filvis
1957 1598 2057 1625 unus.
2071 1587 2194 1626 similis
2215 1589 2373 1628 vcrolo-

1335 1651 1396 1677 cus
1413 1641 1450 1677 in
1475 1639 1654 1687 Epicedio
1672 1639 1709 1676 in
1723 1638 1828 1676 Drus.
1851 1649 1935 1688 313.
1957 1637 2191 1688 Fluminaque
2210 1650 2254 1679 ω’
2274 1652 2373 1678 mon-

1335 1701 1384 1727 tes
1398 1718 1408 1735 ,
1436 1701 1479 1730 &⁴
1498 1691 1641 1727 nomina
1660 1702 1789 1738 magna
1809 1689 1970 1727 locorum.
1998 1689 2130 1727 Burin.

1386 1752 1449 1790 40.
1479 1747 1521 1778 In
1534 1739 1802 1789 struejuncta]
1843 1746 1883 1776 In
1894 1740 1989 1786 strue
2008 1739 2108 1786 mista
2121 1740 2197 1789 suis
2220 1741 2255 1779 in
2279 1754 2376 1781 non-

1336 1793 1453 1830 nullis,
1483 1793 1672 1830 NAvGffl.
1710 1791 1806 1835 Alii,
1836 1790 1874 1827 in
1882 1790 1978 1838 strue
2005 1791 2117 1837 mtstae.
2144 1791 2247 1829 Talis
2265 1793 2375 1833 strues

1337 1842 1387 1879 est
1407 1844 1445 1880 in
1465 1843 1565 1879 hunc
1582 1842 1682 1879 diem
1707 1842 1744 1878 in
1773 1851 1905 1886 monte
1925 1841 2115 1890 Esquilino
2129 1871 2139 1886 ,
2168 1844 2225 1880 cui
2252 1843 2375 1894 impo-

1338 1892 1401 1930 sita
1435 1894 1478 1930 C.
1518 1893 1628 1930 Marii
1659 1891 1849 1939 trophaea.
1879 1891 1958 1929 talis
1996 1891 2115 1929 effiaa
2147 1894 2305 1932 cernitur
2335 1897 2381 1934 inv

1337 1954 1498 1980 nummo
1518 1944 1683 1992 quodam
1704 1942 1858 1990 Augusti
1870 1943 2041 1980 Caesaris.
2069 1942 2235 1982 Fanaxc.
2263 1946 2377 1984 Uter-

1338 2004 1412 2041 que
1440 1994 1560 2031 Vatic.
1590 1996 1670 2042 sua.
1697 1993 1821 2030 Ursini
1845 2020 1856 2038 ‚
1893 1994 1932 2030 &
1962 1992 2092 2031 Maffei
2113 2021 2123 2039 ,
2163 1996 2280 2033 mixta
2297 1997 2376 2045 sua,

1342 2043 1510 2082 CIOFAN.
1540 2042 1741 2090 Mixtasua
1767 2044 1878 2081 etiam
1899 2043 2224 2084 Francofurtenfis.

1390 2120 1453 2159 41.
1482 2114 1600 2161 Deque
1619 2108 1912 2161 triumphorum]
1950 2111 1992 2149 In
2013 2113 2263 2152 recentissimis
2295 2127 2379 2153 mu·

1342 2167 1413 2198 tata
1436 2160 1547 2198 leetio
1570 2161 1641 2205 est,
1671 2173 1753 2198 curn
1777 2164 1813 2199 in
1834 2162 2007 2200 omnibus
2029 2164 2138 2211 paulo
2159 2165 2376 2213 antiquiori-

1344 2210 1408 2248 bus
1429 2211 1568 2258 legatur
1589 2239 1599 2256 ,
1629 2217 1747 2259 Deque
1776 2212 2014 2261 trophaeorum
2035 2240 2045 2257 ,
2081 2215 2186 2261 quod
2215 2215 2383 2263 agnoscit

1344 2261 1532 2309 interpres.
1559 2261 1721 2299 Faaaic.
1759 2263 1952 2298 Incenderet
1972 2262 2110 2300 Sarrav.
2132 2265 2284 2313 Argent.
2303 2265 2381 2302 alii-

1346 2322 1419 2360 que
1433 2311 1614 2350 nonnulli.
1628 2311 1830 2350 ssasileenfis
1852 2312 1951 2350 rec⁶re
1967 2340 1976 2356 ,
1989 2313 2191 2355 incenderit.
2220 2316 2384 2353 Praeter-

1349 2374 1390 2399 ea
1412 2374 1504 2400 unus
1527 2362 1749 2407 Vaticanus,
1789 2368 1908 2414 Deque
1927 2363 2142 2414 triumphato
2172 2377 2269 2403 auro.
2288 2377 2385 2416 quo-

1349 2412 1466 2450 modo
1489 2414 1525 2450 in
1547 2413 1677 2458 Fastis,
1707 2426 1771 2452 nr.
1792 2422 1884 2461 732.

1396 2480 1519 2524 Deque
1537 2475 1752 2526 triumphato
1772 2477 1902 2523 viscera
1923 2477 2008 2526 tosta
2028 2477 2123 2517 bove.

1349 2540 1496 2578 Hiems.
1527 2546 1753 2590 Tropaeorum
1783 2543 1868 2580 citat
1897 2545 2007 2581 etiam
2040 2544 2190 2583 Casaub.
2221 2545 2274 2585 ad>
2299 2546 2392 2586 Pers.

1355 2591 1426 2630 Sat.
1447 2604 1493 2630 ιι.
1516 2591 1574 2640 ς’ς.
1601 2593 1663 2641 qui
1685 2603 1833 2630 ovatum
1854 2606 1982 2631 aurum
2007 2604 2127 2634 vocat.

1405 2652 1470 2691 43..
1499 2642 1697 2691 Captivos]
1756 2643 1917 2693 Captivis
1948 2647 1985 2682 in
2014 2647 2220 2685 nonnullis:
2245 2648 2390 2688 reatus.

1358 2693 1550 2731 Nauem.
1585 2693 1749 2742 Captivis
1772 2695 1992 2734 Palatinum
2010 2723 2020 2741 ‚
2040 2698 2077 2735 ὃς
2096 2700 2225 2746 probat
2245 2699 2396 2749 Nauge-

1356 2744 1439 2783 rius.
1468 2743 1698 2783 Functus.

1408 2820 1471 2859 44.
1500 2817 1587 2848 Pene
1606 2811 1708 2860 hostes
1728 2822 1810 2862 quot
1819 2812 1910 2861 satis
1926 2813 1983 2862 effe
1993 2813 2110 2863 fuit.]
2138 2815 2228 2852 Hoc
2245 2814 2315 2859 est,
2337 2821 2396 2851 tot

1360 2871 1518 2899 numero
1534 2890 1544 2906 ,
1573 2871 1669 2912 quot
1689 2864 1726 2900 in
1746 2873 1830 2901 toto
1852 2863 1976 2912 aliquo
1998 2866 2160 2903 exercitu
2172 2864 2330 2903 hostium
2342 2863 2394 2901 sa-

1360 2912 1404 2948 tis
1428 2911 1534 2958 esset,
1564 2912 1694 2951 fuisse:
1727 2912 1801 2950 sive
1821 2914 1885 2963 qui
1909 2914 2047 2962 justum
2068 2916 2270 2954 exercitum
2290 2925 2395 2952 com-

1357 2961 1457 3009 plere
1481 2974 1522 2999 ac
1546 2964 1665 3001 facere
1688 2962 1899 3012 potuissent.
1927 2966 2103 3003 Mrcuz.

1408 3022 1470 3060 45.
1500 3014 1676 3063 Plomma]
1706 3017 1896 3052 Hominum
1917 3016 1956 3054 P.
1977 3015 2072 3053 Dan.
2100 3015 2139 3052 &
2158 3026 2211 3064 pr.
2223 3014 2292 3054 Ed.

1410 3072 1475 3120 46.
1501 3079 1647 3110 Summa
1667 3084 1836 3124 caputque
1846 3075 1958 3125 fuit.]
1987 3081 2131 3113 Summa
2152 3085 2317 3127 caputque
2331 3083 2398 3115 Ba·

1361 3133 1417 3167 to,
1446 3122 1584 3161 Sarrav.
1598 3126 1635 3162 &
1660 3126 1828 3175 Scaligeri
1843 3125 1974 3163 codex.
1991 3127 2318 3177 oprimeintellrge
2332 3129 2401 3166 Ba-

1361 3183 1490 3210 tonem
1524 3176 1802 3213 Pannoniorum
1824 3203 1834 3219 ‚
1872 3176 1929 3212 vel
1950 3183 1989 3212 ut
2016 3176 2105 3220 alii,
2142 3177 2398 3217 Dalmatarum

1363 3224 1495 3260 ducem
1512 3251 1523 3267 ,
1552 3226 1654 3272 cujus
1682 3225 1761 3262 Dio
1778 3252 1793 3267 ,.
1815 3225 2022 3262 Paterculus
2046 3254 2058 3270 ,
2092 3227 2288 3266 Suetonius
2304 3257 2313 3272 ‚
2339 3230 2400 3267 alii

1367 3274 1632 3312 meminerunt.
1677 3275 1814 3311 Veram
1843 3274 2043 3313 lectionem
2069 3278 2148 3325 jam
2182 3279 2270 3316 vidit
2291 3280 2401 3316 Scali-

1369 3334 1443 3373 ger.
1470 3326 1533 3373 qui
1553 3325 1701 3363 adeatur
1711 3325 1756 3363 ad
1777 3335 1916 3364 annum
1930 3339 2109 3367 mlxxiii.
2138 3327 2401 3368 ChroniciEu-

2256 3379 2387 3419 sebiani
2396 3409 2407 3421 ,
