2495 3675
236 221 303 274 34

735 196 796 252 Ρ.
870 190 1286 252 OVIDII
1357 182 1965 254 NASONIS·

387 331 489 386 325
527 312 653 370 Pars
666 316 827 386 ‘putat
853 310 957 365 hoc
981 308 1170 364 festum
1194 308 1373 382 priscis
1399 310 1626 382 Agnalia
1657 310 1890 378 dietum3

603 385 727 441 Una
753 384 813 438 s1t
837 397 895 437 ut
923 383 1141 455 proprio
1173 383 1323 436 litera
1349 382 1531 437 demta
1558 386 1695 440 loeo,

535 461 654 523 An,
691 458 812 530 quia
834 454 1096 527 praevisos
1121 455 1172 507 in
1199 456 1335 527 aqua
1361 456 1514 509 timet
1539 457 1704 513 hostia
1728 457 1956 524 cultrOS,

605 535 657 585 A
685 529 893 602 pecoris
916 529 1008 580 lux
1031 525 1106 579 est
1130 525 1221 581 ista
1244 540 1429 582 notata
1455 531 1637 583 metu?

532 605 658 660 Pars
682 603 870 662 etiam,
907 598 1021 653 fieri
1048 598 1207 654 solitis
1233 613 1404 654 aetate
1430 602 1670 671 priorum

388 698 501 748 330-

602 674 834 731 Nomina
858 671 926 725 de
951 671 1086 725 ludis
1114 671 1274 743 Graja
1298 672 1467 728 tulisse
1493 674 1653 730 diem.

536 750 609 807 Et
637 763 796 818 pecus
820 745 1064 814 antiquus
1093 745 1304 799 dicebat
1331 747 1543 817 Agonia
1569 748 1770 806 sermo:

604 822 857 890 veraque
878 817 1083 888 judicio
1105 818 1179 872 est
1203 818 1387 872 ultima
1413 818 1580 873 caussa
1604 839 1744 876 meo,

527 893 714 966 thue
737 910 796 945 ea
821 908 963 944 nunc
988 903 1131 944 certa
1157 890 1259 952 est;
1301 892 1372 945 ita
1396 892 1521 946 Rex
1544 894 1748 964 placare
1772 894 2039 952 sacrorum

606 965 839 1021 Numina
864 965 1123 1034 lanigerae
1147 963 1374 1035 conjuge
1399 963 1561 1019 debet
1591 968 1720 1022 oviS.

391 1060 490 1111 335
529 1039 789 1101 Vielima‚
824 1054 958 1107 quae
987 1036 1176 1089 dextra
1200 1037 1397 1091 cecidit
1422 1036 1638 1094 vifirice
1657 1079 1671 1102 ,
1713 1054 1950 1098 vocatur.

609 1110 869 1168 Hostibus
893 1108 1082 1163 amotis
1106 1108 1271 1163 hostia
1295 1127 1492 1166 nomen
1519 1111 1693 1169 habet.

239 1326 325 1367 fian.
347 1326 523 1366 Arundel.
552 1325 591 1363 ὃς
622 1323 760 1374 septem
780 1322 862 1367 alii,
889 1334 996 1371 rogas.
1022 1332 1115 1359 unus
1143 1321 1288 1359 Patavi-

239 1391 307 1417 nus
330 1393 429 1428 roges.
452 1392 509 1416 nec
532 1385 614 1427 agat
632 1404 642 1422 ,
663 1375 723 1414 vel
741 1384 818 1423 aget
839 1374 952 1412 etiam
977 1372 1158 1411 meliores.
1196 1372 1288 1411 Scri-

238 1429 447 1531 begemper,
475 1492 600 1530 agone,
630 1491 718 1526 roges
732 1505 742 1521 ‚
771 1489 830 1514 nec
848 1473 912 1524 nisi
927 1474 1036 1525 jussus
1055 1487 1148 1531 agas.

240 1531 281 1569 δε
302 1533 411 1580 paulo
439 1540 548 1575 ante,
577 1529 633 1579 esso
655 1539 746 1578 potes
767 1528 961 1577 succina-ius
994 1529 1094 1574 causa
1122 1524 1289 1574 minister.

238 1592 316 1619 non
333 1581 448 1631 potest.
471 1580 670 1631 quomodo
691 1590 784 1617 unus
805 1589 922 1615 meus.
949 1577 1144 1625 eleganter.
1181 1577 1287 1624 Apo-

2269 1190 2386 1249 An-

1344 1333 1372 1361 1.
1387 1323 1462 1362 Od.
1474 1335 1533 1369 24.
1552 1325 1739 1375 Quidquid
1758 1327 1918 1378 corrigere
1934 1325 1978 1375 est
1989 1329 2097 1376 nefas.
2118 1327 2154 1367 id
2166 1329 2215 1367 est
2231 1340 2308 1368 non
2320 1341 2389 1379 po-

1343 1375 1409 1413 test
1422 1389 1431 1413 2
1444 1376 1482 1413 ὅ(
1496 1388 1558 1413 111.
1573 1376 1685 1416 Trist.
1697 1391 1769 1416 xxx.
1782 1391 1841 1423 41.
1856 1385 1918 1416 Fas
1929 1393 2060 1430 quoque
2069 1379 2113 1416 ab
2123 1380 2279 1428 oresreti.
2292 1381 2365 1418 ἃς.

1397 1437 1483 1474 330.
1513 1427 1670 1464 Nomina
1698 1427 1740 1466 de
1766 1428 1859 1466 ludis
1890 1431 2062 1470 Graeca]
2091 1431 2180 1469 Huc
2207 1431 2392 1480 pertinent

1342 1476 1402 1514 illa
1423 1476 1534 1515 Festi:
1565 1478 1704 1526 Agonia
1717 1479 1913 1537 sacrificia,
1940 1493 2028 1530 quae
2041 1471 2174 1529 flebant
2193 1482 2230 1519 in
2251 1491 2390 1519 monte:

1343 1527 1425 1564 hinc
1471 1533 1597 1565 Romae
1627 1542 1723 1566 mons
1754 1531 1954 1579 Qoirtnalis
1982 1533 2127 1579 Agonus
2173 1543 2217 1572 <9¹
2248 1532 2388 1570 Collina
2459 1565 2461 1567 .

1337 1587 1440 1628 porta
1460 1578 1656 1628 Agonenfis.
1699 1581 1877 1630 Agonium
1899 1581 1989 1619 locus
2009 1609 2019 1627 ,
2044 1582 2084 1619 in
2104 1594 2168 1633 quo
2187 1582 2262 1619 lu'di
2287 1582 2388 1620 initio

236 1631 383 1681 strophe
403 1632 451 1670 est
472 1632 517 1669 ad
537 1642 685 1679 popam.
732 1629 787 1667 Ita
814 1629 958 1677 optime
987 1628 1114 1664 omnia
1134 1627 1204 1664 sese
1224 1628 1289 1666 ha·
1334 1629 1429 1676 fao‘t‘i
1440 1630 1527 1675 sunt
1550 1659 1559 1673 ‚
1599 1630 1637 1667 ob
1657 1630 1716 1669 hoc
1735 1632 1868 1669 diffum
1889 1660 1900 1674 ‚
1939 1632 2022 1681 quia
2034 1634 2147 1679 fuerit
2157 1630 2231 1682 fine
2250 1627 2390 1681 angulo.

235 1681 387 1721 bebunt.
426 1683 628 1731 Sequentes
655 1679 773 1718 versus
798 1691 844 1716 eo
870 1707 881 1724 ,
918 1689 995 1727 quo
1026 1678 1288 1727 exprimendos

238 1735 397 1777 curavi,
435 1734 565 1770 ordine
593 1732 671 1769 libri
703 1739 845 1768 veteres
872 1728 1087 1778 agnoscunt.
1141 1729 1287 1767 I-Ix-zms.

237 1787 295 1820 Ne
316 1782 381 1832 nisi
392 1784 500 1833 jussus
519 1792 602 1830 agat
630 1781 799 1819 Francof.
820 1779 999 1818 Arundel.
1031 1791 1125 1817 unus
1146 1781 1287 1818 Moreti

237 1833 278 1871 δί
299 1833 375 1871 duo
394 1835 476 1877 al11;
501 1836 611 1871 etiam
634 1844 710 1870 non
726 1831 820 1869 male
836 1859 846 1876 ,
866 1831 891 1869 fi
913 1843 994 1878 agas
1016 1830 1172 1875 legatur.
1200 1831 1286 1869 ideo

237 1884 340 1922 enim
372 1895 475 1933 rogas
504 1897 608 1932 agone
628 1892 643 1921 ἓ
680 1894 727 1920 ne
758 1893 840 1930 agas
863 1910 890 1937 ‚·
908 1881 975 1919 nili
999 1879 1123 1930 jufl'us.
1186 1882 1284 1920 Nam

233 1934 397 1985 jubentis
429 1943 504 1972 erat
535 1946 633 1978 vox,
662 1933 722 1970 hoc
740 1946 818 1982 age,
846 1944 916 1982 qua
940 1932 1099 1969 formula
1124 1932 1175 1970 usi
1198 1945 1289 1971 con-

235 1986 347 2034 jurati
368 1986 404 2022 in
425 1985 597 2034 piaculari
610 1984 760 2022 viffima
782 1983 945 2032 Caligula
956 1982 1165 2021 maol-ando.
1189 1984 1288 2022 Suet.

240 2046 319 2084 cap.
342 2036 399 2083 58.
442 2036 501 2073 ubi
537 2035 621 2073 vide
656 2042 984 2072 commentatores.
1013 2034 1147 2082 semper
1172 2046 1287 2080 vero,

238 2085 343 2133 quod
357 2087 554 2134 Neapolim
578 2086 761 2124 solicitum
783 2085 917 2129 habet,
940 2084 985 2121 ad
1001 2085 1075 2121 hoc
1093 2087 1288 2133 praecipue

238 2136 377 2174 sacrum
401 2136 655 2181 referendum,
685 2137 722 2174 in
744 2147 821 2185 quo
843 2135 985 2185 semper
1001 2136 1075 2172 hoc
1097 2135 1287 2175 observare

237 2185 349 2225 debet
370 2188 494 2237 Popa,
522 2199 568 2225 ne
586 2195 693 2237 agat,
721 2185 923 2235 nilijuffus.
950 2185 1083 2223 ssmzu.

293 2261 378 2299 323.
404 2251 468 2287 Sed
497 2260 649 2299 agantur
670 2277 680 2294 ‚
716 2249 760 2286 ab
791 2249 910 2298 aaa]
951 2250 1041 2287 Inde
1062 2250 1200 2288 Festus:
1230 2254 1288 2286 A·

239 2301 381 2348 genium
403 2301 472 2338 dies
490 2300 726 2351 appellabatur
740 2328 749 2343 ‚
778 2314 842 2350 quo
864 2306 935 2337 Rex
955 2300 1098 2348 hostiam
1127 2301 1290 2338 immola-

241 2351 324 2388 bat.-
354 2351 498 2399 hostiam
516 2352 608 2389 enim
621 2351 936 2400 antiquiagoniam
957 2351 1141 2388 vocabant.
1170 2352 1288 2389 idem:

240 2402 397 2450 Agonias
410 2403 531 2451 hostias
546 2402 721 2452 putabant
740 2401 785 2438 ab
807 2401 936 2450 agendo
957 2403 1078 2439 dicias.
1106 2402 1197 2439 unde
1208 2416 1286 2450 ago·-

240 2451 317 2490 lum
330 2453 495 2502 pastorale
512 2453 675 2490 baculum
688 2481 699 2497 ‚
725 2466 789 2502 quo
807 2453 948 2502 pecudes
963 2454 1260 2502 aguntunNfflp.

295 2514 378 2551 325.
406 2505 532 2553 Priscis
561 2504 721 2552 Agnalia
741 2504 915 2551 decium]
954 2502 1119 2551 Dempta
1147 2506 1245 2541 enim
1271 2517 1288 2539 o

242 2562 409 2591 remanet
431 2567 476 2592 ex
505 2556 568 2590 τοῦ
595 2554 776 2601 agonalia,
805 2553 960 2601 agnalia.
1003 2554 1183 2590 Subtilitas
1207 2565 1289 2601 ery-

244 2612 312 2638 mo
333 2606 444 2650 magis
462 2605 549 2640 inest
567 2604 681 2651 quam
701 2605 853 2641 veritas:
882 2615 959 2641 non
983 2614 1073 2652 agua
1089 2630 1099 2648 ,
1127 2603 1187 2641 scd
1201 2605 1289 2642 aries

245 2658 335 2689 tunc
354 2652 484 2690 caesus.
517 2654 631 2690 lom.
660 2655 742 2689 Dici
765 2654 876 2698 Junii.

301 2703 383 2751 326.
411 2703 587 2752 Propria]
616 2703 735 2740 Primo
753 2702 907 2739 Moreti.
942 2714 1080 2751 unaque
1090 2700 1138 2750 fit
1152 2702 1286 2751 proprio

244 2753 356 2801 Junii.

297 2825 380 2862 327.
409 2814 520 2850 Timet
541 2814 655 2861 Hostia
675 2811 841 2862 cultros.]
871 2811 956 2850 Sive
976 2840 987 2857 ‚
1015 2812 1159 2860 inquit,
1188 2810 1289 2848 ducit

246 2865 429 2912 originem
454 2864 528 2900 ἀπὸ
553 2866 615 2900 τοῦ
638 2864 799 2909 :immacu
818 2891 829 2908 ,
865 2862 969 2912 quod
1002 2863 1151 2900 Graecis
1182 2860 1290 2899 usita-

246 2916 419 2953 tissimum
436 2943 445 2958 ‚
475 2927 541 2962 pro
568 2924 662 2951 metu
693 2914 799 2962 angi:
828 2913 926 2951 unde
946 2914 1010 2962 qui
1031 2915 1163 2954 timet,
1193 2913 1289 2958 ἀγω-

247 2969 368 3007 νιεέτκς
387 2966 516 3003 dicitur
533 2965 630 3013 apud
653 2966 866 3012 Diogenem
892 2965 1098 3003 Laertium.
1112 2964 1237 3002 NEAP.

300 3018 383 3066 323.
413 3015 585 3065 Nonum]
613 3021 738 3052 Vocata
759 3016 937 3052 Mazariu.

299 3091 383 3128 329.
413 3085 477 3116 Fas
493 3079 639 3129 etiam]
666 3079 750 3118 Imo
766 3107 776 3123 ,
805 3085 892 3117 Pars
917 3079 1025 3117 etiam
1056 3090 1138 3117 cum
1162 3080 1289 3117 Maza·

246 3131 314 3169 rin.
345 3131 485 3175 Laeti,
519 3139 679 3180 quatuor
708 3129 930 3168 Farnefianis
957 3141 999 3167 ac
1020 3129 1094 3167 aliis
1128 3131 1290 3168 nonnul-

244 3182 298 3219 lis.
328 3181 518 3230 Superiora
550 3181 628 3219 satis
658 3180 694 3219 id
716 3181 913 3220 adstruunt.
955 3181 1069 3218 Paulo
1092 3189 1197 3225 ante,
1225 3181 1290 3219 lax

246 3232 290 3279 est
310 3232 373 3279 ista
393 3233 501 3269 etiam
526 3232 696 3270 meliores
713 3232 805 3270 libri.
831 3233 940 3269 etiam
964 3231 1124 3281 legerem
1139 3259 1148 3274 ‚
1176 3242 1290 3269 aetate

239 3283 370 3331 priori,
400 3293 437 3320 ut
468 3282 582 3326 alibi,
619 3293 714 3318 aetas
730 3283 834 3332 prior.
869 3283 1015 3320 Hms.
1043 3282 1112 3319 Sed
1144 3283 1219 3319 vid.
1242 3282 1289 3321 ad

249 3333 341 3371 Met.
362 3346 423 3372 xv.
446 3345 525 3381 104.
553 3334 687 3372 Douza
705 3335 768 3381 sas
789 3333 952 3382 capiebat
976 3340 1016 3372 ut
1044 3332 1140 3383 apud
1158 3333 1294 3374 Horat.

1343 1681 1492 1719 Graecis
1521 1682 1672 1730 angulus
1701 1683 1813 1729 γωνίαι
1835 1712 1845 1728 ,
1882 1683 1984 1721 locus
2013 1684 2192 1731 angularis
2220 1686 2392 1729 γωνιαῖας.

1343 1731 1442 1770 unde
1462 1733 1596 1781 angulo
1619 1746 1743 1772 carens
1767 1734 1924 1779 ἀγώνιος.
1953 1734 2129 1771 NEApot.
2156 1738 2270 1770 Grata
2291 1734 2391 1781 opti-

1344 1794 1426 1820 mus
1457 1783 1628 1822 Ambros.
1657 1786 1695 1823 &
1728 1797 1820 1823 unus
1853 1784 2058 1823 Patavinus.
2096 1785 2199 1833 Lege
2220 1812 2231 1828 ‚
2266 1784 2390 1823 Graia.

1341 1834 1540 1882 quomodo
1574 1836 1679 1884 saepe
1725 1845 1917 1886 peccatum
1944 1863 1955 1880 ,

1342 1885 1489 1923 Hfims.

1396 1948 1479 1984 331.
1509 1941 1552 1974 Et
1567 1936 1663 1986 prius
1683 1938 1852 1988 antiquus
1870 1937 2003 1976 dicebat
2016 1936 2312 1987 Agoniasermo.]
2335 1936 2390 1975 Ita

1341 1986 1477 2025 habent
1495 2000 1627 2026 omnes
1656 1989 1735 2027 libri
1756 1990 1883 2039 scripti.
1911 1990 2074 2037 ineptam
2105 1988 2209 2034 plane
2230 1988 2289 2025 alii
2310 1987 2392 2025 sub-

1343 2038 1534 2077 stituerunt
1553 2039 1754 2078 lediionem
1771 2069 1780 2085 ,
1809 2040 1993 2089 Agimina.
2021 2039 2088 2076 Tu
2107 2038 2252 2075 Festum
2275 2039 2392 2075 Pom-

1344 2089 1470 2137 pejum
1492 2090 1572 2138 lege
1590 2091 1625 2127 in
1649 2091 1763 2128 verbo
1797 2091 1973 2139 Agonium
1988 2118 1998 2135 ‚
2027 2089 2129 2138 cujus
2147 2089 2223 2126 loci
2245 2097 2388 2137 partem

1344 2139 1493 2178 adducit
1510 2141 1570 2178 hic
1592 2141 1741 2184 Marsus.
1770 2142 1938 2179 Cxoran.
1965 2146 2011 2177 Et
2029 2149 2127 2188 pecus
2150 2139 2387 2183 Urfiniliber,

1342 2192 1505 2239 optimus
1535 2191 1705 2229 Ambros.
1733 2193 1770 2229 δε
1792 2192 1852 2230 sex
1879 2192 1965 2236 alii,
2000 2203 2086 2228 cum
2115 2189 2225 2239 prisca
2254 2190 2389 2227 editio·
2436 2227 2439 2230 ,

1341 2253 1401 2278 ne.
1429 2242 1539 2280 reste.
1575 2242 1674 2280 Vide
1707 2243 1850 2281 Festum
1882 2244 1921 2280 in
1950 2241 2107 2291 Agonias
2134 2242 2173 2278 &
2194 2241 2388 2289 Agonium.

1343 2293 1489 2330 ΗῑιΝς.

2012 1842 2053 1874 ut
2097 1835 2182 1874 alibi
2218 1834 2390 1874 diximus.

1397 2355 1480 2392 331·
1508 2349 1617 2393 [fsque
1638 2356 1676 2380 ea
1696 2357 1764 2380 non
1790 2352 1882 2380 certa
1902 2339 1984 2392 effi]
2022 2343 2130 2379 Haec
2150 2341 2198 2378 est
2219 2348 2387 2379 veterum

1344 2396 1518 2431 omnium
1547 2395 1722 2431 librorum
1750 2394 1875 2431 leelio.
1907 2394 2007 2430 vere.
2044 2393 2143 2429 secus
2176 2393 2210 2429 in
2233 2391 2388 2439 vulgatis

1344 2445 1559 2492 quibusdam
1576 2460 1585 2488 ;
1601 2443 1778 2482 scdmale.
1802 2444 1970 2481 C10FAN.
1994 2442 2128 2492 Longe
2141 2442 2275 2479 diversa
2288 2442 2391 2489 prisci

1343 2495 1422 2532 libri
1442 2495 1552 2532 left-10
1568 2523 1577 2537 ‚
1604 2500 1713 2545 thue
1742 2508 1780 2531 ea
1804 2508 1871 2530 non
1892 2505 1985 2530 certa
2008 2493 2074 2540 est,
2105 2496 2141 2529 ὃς
2158 2491 2278 2539 palam
2304 2503 2390 2541 pro-

1344 2545 1438 2582 bior.
1467 2547 1642 2582 ΝεΑΡοῐ..
1673 2546 1724 2581 lta
1746 2545 1925 2580 Ciofanus
1947 2545 1984 2580 &
2006 2544 2194 2590 Neapolis.
2222 2543 2291 2580 Sed
2316 2544 2390 2580 Ur-

1345 2594 1411 2631 fini
1433 2595 1552 2631 codex
1573 2596 1610 2630 &
1633 2594 1762 2631 decem
1783 2593 1864 2637 alii,
1892 2606 1983 2629 mmo
2003 2603 2094 2630 certa
2115 2593 2169 2641 est.
2195 2591 2297 2642 quod
2311 2604 2391 2631 ver-

1343 2644 1398 2682 sus
1417 2644 1638 2692 praecedens
1661 2643 1866 2681 confirmat.
1895 2643 2042 2681 Hiems.

1397 2714 1482 2750 333.
1514 2707 1695 2737 Sacrorum
1718 2701 1907 2751 numina.]
1936 2708 2088 2739 Deorum
2112 2703 2261 2740 numina
2280 2704 2392 2743 Fran-

1345 2752 1419 2840 εοῃῐἰ
1437 2751 1593 2799 sacerdos
1615 2752 1765 2789 numina
1795 2753 1933 2791 Strozz
1953 2762 1993 2792 ut
2018 2765 2081 2791 rex
2099 2753 2315 2793 sacrificulus
2334 2755 2395 2803 inf

1345 2810 1380 2840 te
1409 2812 1538 2851 igatur.

1399 2876 1482 2914 335.
1509 2865 1659 2903 Violima
1674 2894 1684 2911 ‚
1707 2880 1793 2915 quae
1818 2866 1973 2915 acidia]
2002 2867 2159 2907 Intrudit
2179 2869 2253 2908 huc
2275 2862 2391 2910 multa

1345 2915 1392 2953 de
1414 2916 1591 2954 sacrificiis
1621 2926 1787 2955 veterum
1811 2946 1822 2962 ‚
1862 2917 1945 2956 ansa
1971 2917 2114 2966 sumpta
2135 2931 2180 2957 ex
2202 2921 2267 2965 iis,
2295 2933 2391 2971 quae

1342 2966 1435 3004 dixit
1464 2968 1501 3004 in
1522 2967 1760 3016 Agonalibus.
1788 2969 1954 3007 Vioiimae
1983 2969 2074 3007 vero
2104 2971 2142 3008 δε
2165 2970 2288 3019 hostiae
2307 2980 2390 3021 ety-

1343 3028 1452 3107 mor&
1454 3029 1531 3054 non
1562 3018 1717 3064 arridet,
1745 3019 1784 3057 ὃς
1813 3019 1928 3058 multa
1946 3020 2107 3059 obstant:
2135 3021 2252 3062 sciunt
2280 3022 2393 3072 Criu-⁴

1343 3079 1389 3107 ci.
1458 3079 1594 3106 sapor..

1396 3131 1481 3180 336.
1509 3131 1665 3180 Hostibus
1691 3145 1715 3170 a
1740 3133 1915 3184 domitis.]
1964 3134 2121 3182 Hostibus
2140 3136 2267 3175 amotis
2286 3135 2394 3175 Urfi-

1344 3182 1384 3220 ni
1405 3181 1493 3220 liber
1514 3184 1551 3219 ὅζ
1583 3183 1778 3223 Patavinus
1809 3186 1984 3224 Heuoris
2013 3186 2240 3232 Trevisani3
2283 3189 2389 3237 quod

1346 3231 1489 3271 arridet.
1516 3233 1615 3271 Nam
1640 3234 1666 3272 fi
1687 3236 1871 3284 vulgatam
1882 3236 2066 3285 sequimur
2082 3237 2292 3286 scripturam
2310 3241 2391 3283 ‚ni-

1345 3283 1396 3321 hil
1424 3291 1486 3321 aut
1513 3295 1641 3332 parum
1672 3285 1767 3323 inter
1785 3287 1940 3324 hostiam
1961 3287 2001 3324 &
2023 3287 2216 3326 victimam
2253 3289 2391 3329 intere-

1343 3334 1400 3388 rit3
1425 3334 1572 3387 Nonius
1585 3362 1598 3384 ‚
1624 3335 1756 3389 {ivstire
1772 3336 2388 3427 estcomprimere,coercermdic‘luriz

2338 3403 2361 3429 a
