2495 3675
240 166 338 220 „2
742 129 1294 194 1³‚oV1D11

1367 125 1897 193 NASONIS

530 241 683 301 Hinc
710 241 861 296 videt
890 239 1102 296 AEnean
1129 249 1410 293 oneratum
1437 234 1682 307 pondere
1720 237 1898 303 sacrm

608 315 680 371 Et
706 328 788 369 tot
818 314 992 368 liileae
1016 311 1304 366 nobilitatis
1329 325 1472 363 av05.

395 395 493 463 565
534 388 686 447 Hinc
715 388 863 442 videt
888 385 1087 440 Iliaden
1114 383 1348 438 humeris
1374 381 1528 463 ducis
1557 398 1700 435 arma
1727 380 2018 441 ferentem:

609 463 874 532 Claraque
900 457 1157 528 dispositis
1181 455 1292 509 afta
1317 454 1513 509 subesse
1538 455 1675 510 viris,

538 533 748 607 Speclat
779 535 830 585 &
857 529 1103 600 Augusto
1129 541 1462 598 praetextum
1492 528 1711 582 nomine
1740 529 2030 603 templum,

616 609 687 661 Et
712 605 879 658 visum
896 642 909 664 ,
948 601 1086 655 leC'to
1109 601 1332 655 Caesare
1347 639 1361 664 ‚

542 680 782 737 Voverat
809 676 913 729 hoc
934 675 1139 746 juvenis
1167 687 1296 727 tunc
1312 712 1326 735 ,

401 777 428 828 5
437 776 502 825 70

1399 599 1564 670 majus
1589 619 1738 672 opus.

1364 691 1489 727 cum
1516 675 1599 745 pia
1627 673 1823 729 sustulit
1848 692 2006 732 arma.

614 755 666 807 A
697 749 852 803 tantis
878 748 1130 820 Princeps
1158 745 1494 817 incipiendus
1521 759 1647 800 erat.

546 827 636 883 Ille
667 840 849 878 manus
879 820 1137 883 tendens,
1179 818 1301 872 hinc
1329 818 1477 871 stanti
1506 819 1676 873 milite
1706 819 1875 890 juste,

619 896 770 952 Hinc
798 893 1112 965 conjurati8‚
1151 893 1267 946 talia
1294 889 1432 944 did-a
1460 891 1639 945 dedit:

547 971 602 1026 Si
628 969 755 1024 mihi
782 965 1009 1021 bellandi
1035 979 1184 1038 pater
1210 965 1313 1026 est,
1355 963 1654 1036 Vestaeque
1683 965 1928 1020 sacerdos

625 1041 858 1103 Λιβίου
902 1041 956 1094 &
985 1038 1163 1093 ulcisci
1187 1055 1387 1093 numen
1410 1052 1701 1112 utrumque
1726 1055 1883 1110 paro:

261 1428 301 1464 ὃ(
320 1425 433 1462 altero
455 1430 529 1460 erat
548 1419 697 1467 fastigio.
731 1422 852 1455 ΜΗ».
1229 1466 1236 1472 ⁶

315 1478 401 1523 560.
428 1479 475 1510 Et
494 1471 613 1521 probat
631 1469 778 1506 invic‘los
797 1469 861 1505 z'lla
883 1476 993 1503 tenere
1006 1465 1121 1514 Deam]
1154 1467 1311 1504 Invto'las

262 1527 404 1575 summa
424 1536 535 1562 tenere
561 1524 638 1558 deas
661 1520 780 1557 Ursini
797 1547 806 1564 ‚
829 1530 932 1567 prim.
957 1517 1088 1554 Ambr.
1107 1516 1249 1554 Zulich.
1271 1519 1309 1555 &

265 1587 338 1616 tres
356 1576 433 1620 alti„
450 1578 587 1613 Mazar.
614 1569 715 1608 Voff.
739 1569 918 1608 Arondel.
951 1568 1058 1605 Laeti
1087 1568 1310 1617 plurimique

260 1637 447 1678 praeterea
469 1654 479 1670 ‚
526 1624 675 1661 invielos
702 1623 846 1670 summa
874 1630 985 1657 tenere
1015 1624 1112 1657 Deos,
1158 1619 1310 1669 quidam

263 1680 378 1718 etiam
395 1707 403 1722 ,
418 1677 494 1724 sola
510 1685 631 1712 tenere.
660 1674 752 1711 infra
774 1672 834 1711 hb.
853 1684 898 1709 11.
919 1682 977 1718 74.

317 1749 443 1782 Aurea
457 1741 592 1791 poffedit
603 1740 691 1789 stacio
711 1738 883 1789 capitolia
901 1737 1028 1787 templo

374 1801 514 1838 Mater,
543 1804 605 1837 ω’,
634 1803 673 1829 ut
701 1790 820 1835 debet,
848 1802 926 1826 cum
943 1790 1038 1835 Jove
1043 1789 1189 1837 summa
1210 1800 1313 1830 tenet.

269 1857 419 1896 Heius.
447 1856 604 1892 [nvieras
624 1855 746 1891 cunHa
767 1863 878 1890 tenere
890 1856 982 1889 Deas
996 1851 1164 1892 Bernens.
1179 1853 1314 1905 scripta

270 1918 383 1946 tenere
399 1918 503 1946 unus.
528 1919 630 1943 arma
653 1905 740 1943 duo.

324 1973 407 2020 561.
437 1972 604 2019 Diversae
624 1970 693 2008 tela
704 1969 878 2020 figurae.]
915 1969 1090 2008 Hostium
1108 1969 1243 2019 spolia;
1263 1982 1318 2009 ar-

270 2034 334 2063 ma
356 2022 489 2060 scilicet
508 2022 678 2060 fabricata
702 2034 746 2059 ex
768 2033 874 2060 more
892 2020 1118 2058 devictarum
1137 2023 1319 2070 gentium.

272 2075 417 2112 Haeret
444 2074 560 2111 menti
582 2101 593 2118 ,
629 2073 786 2122 suspicor
806 2100 815 2117 ,
843 2071 930 2110 illud
955 2071 1123 2110 Suetonii
1146 2085 1154 2110 ι
1190 2073 1319 2109 Sanxit

273 2137 346 2172 ergo
367 2125 458 2162 inter
475 2123 550 2160 alia
569 2151 580 2169 ‚
617 2135 658 2161 ut
682 2121 881 2174 provincias
905 2135 981 2160 cum
1012 2122 1150 2171 imperio
1174 2123 1320 2172 petituri

273 2175 356 2213 hinc
375 2175 620 2211 deducerentur
632 2189 643 2218 ;
674 2175 800 2223 quique
821 2174 965 2211 viciores
982 2173 1160 2222 rediffent,
1190 2173 1319 2210 hucin-

268 2225 381 2275 fignia
406 2225 663 2274 triumphorum
692 2227 873 2273 inferrent.
898 2225 1024 2262 NEAP.
1077 2223 1157 2260 Tela
1172 2225 1322 2274 sagittae

275 2279 416 2317 Sarrav.
439 2277 521 2313 vela
533 2276 668 2325 figurae
689 2276 810 2314 Vatic.

331 2330 414 2376 562.
443 2327 563 2364 Milite
589 2327 686 2364 viola
713 2325 810 2376 [aa]
886 2325 965 2364 Nisi
996 2326 1182 2375 capiamus
1219 2340 1323 2363 arma

278 2378 375 2416 vitra
388 2405 397 2421 ‚
426 2390 493 2426 pro
513 2379 620 2415 armis
640 2377 818 2415 viciarum
839 2378 1005 2425 gentium
1019 2405 1030 2422 ‚
1043 2389 1136 2426 quae
1160 2377 1323 2415 solebant

276 2430 425 2477 templis
445 2431 483 2465 &
503 2428 674 2466 domibus
706 2427 852 2476 praefigi
877 2455 888 2472 ‚
923 2428 1044 2465 durius
1067 2427 1209 2465 dicium
1231 2429 1322 2465 mihi

277 2480 436 2518 videtur.
450 2491 535 2516 nam
553 2492 658 2516 arma
679 2481 774 2515 meta
796 2490 971 2515 terrarum
991 2486 1121 2516 notare
1141 2478 1332 2523 deberent,

280 2542 369 2579 quas
388 2531 635 2579 superavimus
657 2530 800 2578 proeliis
819 2531 856 2566 &
880 2529 988 2566 bello.
1010 2537 1049 2567 ut
1063 2529 1194 2578 Vellej.
1217 2530 1334 2566 lib.11.

281 2593 360 2629 cap.
376 2593 432 2629 34.
461 2580 579 2630 Effecit
593 2609 603 2625 ‚
623 2594 662 2616 ne
681 2593 827 2629 quorum
846 2593 949 2616 arma
971 2580 1168 2617 viceramus
1181 2608 1192 2625 ,
1218 2593 1334 2617 eorum

280 2632 412 2679 ingenio
431 2631 657 2669 vinceremus.
685 2632 732 2668 lic
749 2631 888 2667 vincere
905 2630 995 2666 bella
1017 2630 1088 2668 dici
1105 2631 1331 2668 ostendimus

284 2683 329 2718 ad
348 2682 508 2720 eundem
538 2682 727 2729 Vellejum
757 2682 818 2718 lib.
839 2692 866 2717 1.
908 2691 986 2728 cap.
1007 2679 1040 2716 8.
1078 2680 1187 2716 vicros
1216 2681 1329 2718 etiam

285 2743 383 2767 arcus
414 2744 502 2769 mox
528 2743 610 2782 593.
638 2731 735 2770 dicet
758 2758 769 2775 ,
804 2730 863 2768 sed
894 2730 1095 2778 paullulum
1117 2730 1189 2766 alio
1217 2730 1329 2768 sensu.

285 2782 323 2818 in
345 2782 531 2819 Puteaneo
555 2792 629 2820 erat
651 2810 662 2828 ‚
689 2782 813 2829 fac‘la,
843 2780 942 2818 unde
969 2780 1190 2828 conjiciebat
1210 2781 1328 2817 Hein-

285 2830 354 2869 fius
370 2859 379 2874 ,
398 2834 530 2878 fraffta.
557 2846 634 2870 non
654 2833 769 2869 male:
800 2843 885 2869 nam
909 2832 956 2869 ita
986 2830 1149 2868 solebant
1169 2831 1329 2879 praefigi.

286 2882 383 2919 forte
412 2882 491 2929 fixa
527 2882 643 2930 poffet
673 2884 784 2921 etiam
814 2883 897 2932 legi.
943 2887 1123 2932 Regnaque
1153 2891 1329 2919 terrarum

283 2931 453 2977 Voffian.
486 2932 613 2970 Euam.

336 2992 422 3031 5⁶3.
453 2983 542 3018 Hinc
563 2983 659 3019 videt
677 2982 867 3032 AEneam.]
915 2983 1020 3021 Idem
1045 2983 1172 3022 auctor
1201 2983 1329 3033 imagi-

284 3045 374 3072 num
423 3033 576 3069 nomina
621 3044 698 3069 non
734 3035 896 3070 recenset
916 3046 924 3069 :
964 3039 1106 3070 Statuas
1125 3064 1135 3079 ‚
1183 3034 1327 3084 inquit,

286 3085 442 3121 omnium
469 3082 677 3129 triumphali
695 3082 796 3130 effigie
817 3095 853 3118 m
875 3082 1023 3131 utraque
1038 3085 1177 3133 forisui
1195 3086 1327 3133 porticu

286 3134 475 3172 dedicavit.
503 3133 610 3170 Adde
621 3133 673 3169 his
687 3133 839 3181 iniigues
854 3132 989 3179 Apellis
1002 3135 1159 3178 tabulas,
1187 3137 1232 3172 de
1245 3137 1327 3184 qui-

284 3186 369 3223 bus:
401 3185 587 3221 Mirantur
619 3188 743 3220 Romae
770 3182 942 3230 Castorem
974 3194 1015 3222 υ
1045 3184 1217 3221 Pollucem
1248 3199 1326 3222 cum

284 3235 436 3275 Viclorid
455 3246 497 3275 φ·
517 3234 724 3271 Alexandro
747 3240 898 3282 Magn0;
927 3236 1009 3270 item
1020 3234 1108 3271 Bellz‘
1124 3236 1327 3285 imaginem,

272 3286 434 3336 restriffc's
462 3285 511 3323 ad
538 3296 634 3335 terga
659 3283 823 3329 manibus
844 3312 856 3332 ‚
905 3283 1115 3340 Alexandro
1146 3285 1185 3337 in
1222 3299 1328 3337 curru

2491 1091 2493 1110 4

2492 1137 2495 1168 l

2221 1167 2409 1238 Mar3,'
2454 1241 2459 1244 ᾖ
2492 1192 2495 1254 3

2493 1285 2495 1304 .

261 1318 343 1368 ἱεριῖν
363 1314 465 1361 ςέγοις
478 1342 488 1361 ,
518 1309 621 1361 πτεροὶ
647 1313 678 1362 u}
701 1306 797 1348 αἐτὲς
827 1304 989 1355 '‘uaga-m,
1021 1304 1061 1345 ὣς
1079 1303 1172 1353 φησὶν
1185 1298 1252 1341 Ἰων
1271 1300 1309 1340 ὠ
1363 1299 1626 1358 friumphame:
1655 1312 1741 1357 quas
1761 1310 1927 1359 utrasque
1948 1301 2087 1360 rabulas
2109 1305 2214 1344 divus
2235 1309 2412 1357 Augustus

261 1372 501 1420 Ἀγαμέμνονι,
544 1366 631 1403 lude
661 1364 819 1415 Birra-ep&
840 1363 930 1410 νοιὲς,
961 1359 1090 1403 aedes,
1118 1369 1213 1407 quae
1233 1368 1308 1395 uno
1363 1365 1401 1389 m
1413 1354 1487 1400 fort
1505 1354 1559 1399 [uz
1575 1352 1736 1401 pambus
1758 1352 1980 1391 celeberrzmts
1991 1355 2173 1395 dicaverat
2187 1357 2412 1409 fimplt'citate

1366 1403 1560 1442 moderata,
1593 1404 1771 1441 NEAPOL.

1421 1456 1503 1503 563.
1532 1459 1727 1491 Oneratum
1743 1454 1890 1504 pondere
1900 1454 2007 1506 carm]
2036 1462 2136 1496 Sacro
2155 1461 2414 1508 prim.Med1'c.

1367 1507 1406 1544 &
1426 1506 1641 1544 Thuaneus.
1663 1507 1804 1554 placet,
1833 1515 1874 1544 ut
1895 1507 1940 1545 ad
1958 1517 2100 1556 patrem
2120 1509 2225 1550 simul
2243 1513 2281 1551 &
2308 1514 2414 1553 Deos

1365 1566 1514 1606 penates
1535 1557 1706 1605 respiciat.
1728 1557 1824 1595 Met.
1843 1570 1932 1595 xm.
1953 1560 2039 1608 625.

1587 1619 1693 1667 sacra
1708 1647 1719 1664 ,
1734 1631 1777 1660 φ’
1785 1621 1889 1668 sacra
1900 1622 2014 1659 altera
2024 1632 2162 1672 patrem
2173 1653 2184 1669 ‚

1417 1675 1497 1706 Fert
1518 1669 1670 1707 humeris
1689 1671 1885 1709 venerabile
1901 1685 1985 1711 onus
2006 1674 2208 1723 Cythereius
2224 1676 2351 1719 heron

1368 1730 1557 1771 Fastorum
1578 1747 1603 1771 1.
1623 1745 1706 1782 527.

1419 1796 1514 1897 {J
1527 1797 1605 1846 pius
1624 1803 1754 1837 AEneas
1762 1803 1866 1848 sacra
1878 1828 1889 1847 ,
1909 1810 1952 1842 (9·
1961 1801 2067 1850 sacra
2085 1802 2198 1842 altera
2213 1813 2373 1857 patrem,'

1487 1859 1568 1887 eret.

1369 1910 1434 1950 lib.
1451 1924 1504 1950 1v.
1524 1925 1584 1964 37.

1425 1973 1519 2010 Hinc
1532 1974 1633 2022 satus
1650 1981 1782 2015 AEneas
1809 1977 1941 2026 (pietas
1951 1980 2105 2029 speaata
2119 1990 2178 2032 per
2196 1983 2314 2034 ignes)

1476 2030 1581 2063 Sacra
1593 2036 1798 2079 patremque
1818 2029 1992 2077 humeris,
2019 2031 2133 2070 altera
2152 2034 2278 2082 sacra,
2302 2036 2400 2078 tulit.

1375 2085 1480 2123 Dido
1501 2085 1622 2125 AEnea
1633 2116 1645 2133 ,

1610 2166 1667 2190 nec
1681 2167 1768 2202 quae
1784 2154 1898 2198 mihi,
1918 2153 2066 2203 perfide,
2087 2157 2205 2204 jaffas

1427 2200 1619 2250 Presserunt
1634 2204 1791 2241 humeros
1803 2207 1908 2252 sacra
1922 2214 2089 2254 paterque
2109 2216 2196 2242 tuos.

1377 2269 1522 2307 Hms.
1549 2276 1726 2308 Ornatam
1739 2271 1843 2310 Alter
1854 2272 1992 2309 Mazar.
2006 2271 2122 2309 Oner.
2140 2270 2287 2320 pondere
2299 2284 2423 2324 magno

1378 2321 1519 2359 Moreti
1539 2332 1591 2370 pr.

1433 2373 1515 2421 564.
1549 2371 1690 2422 imeae]
1721 2372 1790 2409 Iule
1811 2383 1886 2410 tuos
1906 2369 2052 2411 Mazars
2067 2385 2086 2411 a
2108 2385 2221 2413 manu
2242 2386 2296 2423 pr.

1440 2425 1521 2471 565.
1549 2424 1641 2460 Hinc
1660 2423 1758 2460 videt
1784 2423 1957 2473 Iliadem]
2015 2425 2192 2462 Describit
2219 2426 2334 2475 qualis
2353 2434 2430 2467 erat

1388 2475 1541 2511 Romuli
1558 2475 1669 2511 statua
1683 2502 1694 2517 ‚
1721 2486 1848 2522 gerens
1864 2474 1998 2513 scilicet
2010 2475 2113 2523 super
2124 2477 2299 2514 humeros
2313 2479 2431 2516 Acro-

1388 2527 1441 2562 nis
1468 2525 1579 2573 spolia
1603 2552 1615 2570 ,
1656 2525 1921 2563 Ceninen'fium
1955 2526 2082 2565 Ducis.
2146 2528 2248 2566 Nota
2275 2528 2434 2568 historia.

1390 2577 1566 2614 NEApoL.

1441 2629 1522 2674 566.
1548 2627 1780 2675 A5lasubeffi2
1798 2627 1918 2677 viris.]
1949 2626 2120 2666 Ostendit
2138 2631 2435 2676 quamqueimad

1385 2678 1511 2725 ginem
1533 2677 1636 2713 suum
1659 2677 1817 2724 ἔλεγχον
1841 2677 1999 2716 habuisse
2020 2688 2137 2715 rerum
2163 2679 2434 2725 gellarurn3in·

1387 2727 1498 2762 dicem
1521 2739 1635 2775 quem
1655 2739 1765 2766 vocat
1780 2730 1948 2766 Tibullus
1970 2729 2004 2765 in
2027 2729 2254 2775 Panegyrico
2276 2730 2320 2767 ad
2334 2730 2433 2769 Mes-

1387 2777 1526 2820 salam;
1559 2779 1729 2816 Historici
1762 2781 1978 2828 plerumque
2005 2777 2164 2814 titulum.
2210 2779 2338 2818 Livius
2369 2781 2431 2821 lib.

1388 2840 1478 2865 vlu.
1517 2828 1690 2865 Vitiatam
1726 2831 1926 2866 memoriam
1947 2827 2049 2872 salsis
2079 2828 2275 2876 imaginum
2315 2831 2431 2870 titulis

1387 2892 1483 2923 reor,
1513 2879 1597 2915 dum
1610 2879 1758 2927 familia
1775 2880 1823 2915 ad
1843 2882 1879 2925 se
1906 2891 2058 2927 quaeque
2075 2879 2219 2923 famam
2240 2894 2356 2918 rerum
2372 2895 2430 2932 ge·

1378 2929 1518 2975 starum
1546 2930 1778 2977 honorumque
1808 2927 1959 2975 fallente
1985 2929 2160 2965 mendacio
2191 2930 2355 2970 trahunt.
2388 2933 2428 2972 δί

1385 2979 1449 3030 lib.¹
1461 2991 1494 3015 x.
1523 2981 1632 3024 Cujus
1649 2978 1812 3025 imaginis
1830 2978 1932 3014 titulo
1952 2979 2145 3026 consulatus
2162 2983 2368 3032 censuraque
2382 2992 2428 3024 ο·

1385 3028 1581 3077 triumphus
1609 3041 1716 3078 aequo
1745 3029 1864 3065 animo
1892 3029 2015 3077 legitur
2038 3045 2048 3065 .·
2079 3028 2112 3078 fi
2131 3042 2344 3078 auguratum
2362 3040 2427 3070 aut

1377 3080 1619 3130 pontificatur),
1643 3080 1835 3123 adjeceritis
1857 3107 1867 3123 ,
1909 3093 1977 3116 non
2003 3079 2216 3126 fustmebunt
2243 3082 2426 3131 legentium

1383 3130 1481 3168 oculi.
1508 3130 1685 3167 NEAPQL.
1739 3128 1904 3180 Depofiris
1932 3127 2037 3167 Voss.
2069 3133 2106 3167 &
2137 3140 2207 3170 tres
2235 3132 2307 3171 ahi.
2323 3144 2426 3172 arma

1383 3190 1465 3219 tres.
1487 3183 1584 3224 laHa
1605 3192 1709 3217 unus.

1436 3232 1518 3279 567.
1545 3237 1772 3267 praetextum
1785 3230 1958 3281 nomina]
1990 3230 2032 3268 Id
2053 3231 2101 3269 est
2122 3231 2356 3282 infignitum;
2385 3233 2426 3272 &

1385 3282 1504 3322 bene:
1532 3293 1619 3320 nam
1642 3282 1784 3332 templo
1811 3282 1923 3322 etiam
1953 3291 2178 3323 ornamento
2206 3292 2282 3324 erat
2307 3283 2427 3323 inscri-

2318 3341 2422 3384 ptum
