2495 3675
490 165 1432 232 FASTORUM
1540 172 1826 252 L1B.n.

2123 199 2219 248 107

368 289 503 346 Huc
527 289 618 344 ubi
645 300 936 350 venerunt,
970 302 1071 340 nec
1091 284 1198 354 jam
1222 283 1519 355 procedere
1542 286 1753 357 poffunt

448 363 690 435 Longius
707 386 721 424 ;
763 379 830 416 ex
855 359 956 413 illis
982 373 1115 411 unus
1131 395 1147 420 ,

1184 373 1248 410 an
1273 358 1430 421 alter,
1469 358 1566 412 ait:

231 455 329 507 395
368 437 444 491 At
468 453 628 507 quarn
655 436 771 489 sunt
796 431 1008 485 ssmiles!
1052 442 1105 482 at
1130 446 1293 501 quam
1320 429 1582 487 formosus
1606 421 1880 508 uterque!

447 507 569 562 Plus
595 520 770 560 tamen
797 521 866 557 ex
893 503 989 556 illis
1015 501 1106 555 iste
1133 502 1330 572 vigoris
1357 503 1530 559 habet.

373 581 427 637 Si
450 595 614 651 genus
638 576 873 646 arguitur
900 574 1082 636 vultu3
1124 574 1214 643 (ni
1240 573 1368 628 fallit
1392 577 1603 648 imago)

447 649 639 706 Nescio
662 665 823 721 quem
854 647 1004 701 vobis
1027 646 1261 718 suspicor
1287 646 1390 702 effe
1416 648 1612 704 Deum.

368 727 445 780 At
471 723 507 776 fi
531 721 647 792 quis
674 720 875 774 vestrae
904 720 1051 774 Deus
1076 718 1203 773 esset
1229 719 1449 791 originis
1476 721 1688 789 anfion

228 818 332 869 400

86 1010 208 1059 HuJus
226 1015 348 1046 autem
370 1006 468 1045 Circi
490 1005 596 1044 situm
615 1004 721 1054 ponit
733 1003 837 1053 Virg.
847 1015 883 1042 v.
893 1002 954 1041 lib.
976 1003 1127 1042 AEneid.

86 1061 175 1100 286,
196 1061 249 1097 his
272 1059 410 1096 verbis:

133 1130 204 1164 Hoc
219 1123 295 1172 pius
311 1127 449 1159 Aeneas
469 1119 560 1168 misso
583 1119 793 1164 certamine,
821 1118 936 1156 tendit

134 1173 364 1212 Gramineum
390 1172 427 1210 in
454 1181 613 1221 campum
631 1199 642 1216 ,
677 1184 777 1221 quem
804 1169 943 1206 collibus
971 1169 1123 1219 undique

259 1236 378 1260 curvis

133 1273 325 1324 cingebant
335 1272 472 1321 filvae,
498 1272 677 1322 mediaque
696 1271 734 1309 in
751 1271 846 1309 valle
869 1270 999 1308 theatri

137 1332 258 1364 Circus
279 1335 366 1363 erat.

88 1394 259 1432 Cxorm.

139 1482 226 1522 393.
253 1476 328 1508 Huc
346 1467 406 1506 ubi
424 1475 617 1511 venerunt,
645 1479 751 1515 neque
767 1464 859 1502 enim
871 1464 1045 1515 procedere
1058 1466 1131 1514 pos-

79 1522 169 1572 sunt
191 1519 374 1569 Longius.]
408 1525 477 1556 Nec
493 1519 571 1566 jam
593 1517 764 1568 procedere
785 1512 878 1554 bene
900 1514 1021 1553 Ursini
1040 1516 1130 1554 liber

89 1573 131 1611 ὃ(
151 1584 243 1610 unus
268 1571 472 1608 Patavinus.
499 1579 591 1606 unus
621 1566 760 1605 Fames.
781 1566 842 1612 ubi
866 1579 958 1603 nunc
984 1577 1134 1605 ventum

87 1622 145 1670 est.
174 1623 299 1670 Lege,
328 1627 404 1657 Huc
426 1619 485 1656 ubi
500 1627 706 1667 perventum
727 1616 782 1665 est.
801 1617 862 1655 lib.
878 1630 913 1654 v.
936 1629 995 1665 95.

137 1694 214 1724 Huc
230 1687 288 1725 ubi
301 1695 508 1737 perventum
527 1684 592 1733 est,
620 1682 803 1734 conssstite,
825 1683 979 1734 praescia
1001 1692 1126 1723 mater.

91 1739 238 1777 Hnms.

143 1814 226 1852 394.
251 1808 343 1840 Unus
359 1811 402 1841 (γ’
421 1799 548 1849 alten]
604 1803 670 1837 An
688 1799 778 1837 alter
799 1800 943 1840 Arond.
963 1801 1003 1840 &
1026 1798 1128 1841 Maz.

91 1854 286 1904 eleganter.
308 1851 354 1890 fic
374 1851 435 1890 lib.
457 1865 511 1889 xv.
533 1850 703 1889 meliores
723 1851 802 1890 libri
823 1851 879 1896 jis.
897 1863 932 1900 7.

145 1921 307 1967 Saucius,
332 1933 379 1957 an
392 1919 520 1966 sanus,
549 1917 721 1968 numquid
739 1928 802 1956 tua
809 1916 910 1968 figna
931 1918 1083 1972 reliquie

97 1989 136 2028 ὃ(
162 1988 296 2027 eodem
317 1987 431 2030 libro,
460 1985 544 2033 487.

143 2062 285 2105 Unaque
302 2054 466 2103 pastorem
485 2052 621 2103 vidiffet
643 2064 692 2089 an
709 2064 801 2090 arva
820 2052 983 2092 colentem

197 2112 268 2144 Vox
289 2115 374 2142 erat.

94 2172 229 2210 Plinius
246 2172 308 2210 lib.
326 2185 379 2209 vx.
400 2172 468 2220 Ep.
486 2183 574 2209 xm.
599 2171 738 2209 Acilius
758 2182 877 2210 tamen
900 2173 1064 2220 rusticus,
1091 2184 1135 2214 εν

99 2235 178 2260 cum
197 2237 230 2260 eo
253 2223 380 2271 septem
400 2235 448 2258 an
467 2224 535 2258 oc't‘o
562 2222 600 2258 in
623 2222 732 2270 priore
743 2223 922 2271 sententia
940 2226 1137 2274 persevera-

99 2283 193 2310 runt.
215 2273 368 2311 Tacitus
387 2272 521 2320 Annai.
546 2273 688 2321 primo:
716 2274 800 2320 quia
820 2273 971 2311 Tiberius
990 2277 1069 2323 casu
1089 2289 1138 2311 an

102 2322 262 2360 manibus
284 2323 467 2371 impeditus
494 2323 696 2371 prociderat.
729 2324 822 2361 libro
845 2337 892 2361 11.
921 2325 961 2362 de
987 2325 1022 2373 se
1048 2325 1139 2362 nihil

102 2373 264 2416 addidit,
289 2385 382 2410 metu
398 2373 574 2417 invidiae,
603 2387 653 2410 an
675 2382 774 2411 ratus
800 2374 1038 2421 conscientiam
1050 2376 1140 2423 satis

105 2422 172 2470 effe.
196 2424 331 2460 Seneca
347 2424 407 2460 hb.
421 2436 448 2460 1.
471 2424 633 2461 Suasoria
654 2437 699 2461 11.
735 2431 787 2461 At
803 2434 907 2472 puto,
938 2426 1033 2463 rudis
1053 2426 1138 2463 tecta

107 2482 202 2507 aetas
218 2499 228 2514 ,
253 2484 296 2511 (5⁶
314 2473 453 2508 animus
473 2473 532 2521 qui
545 2475 768 2520 frangeretur
790 2485 884 2510 metu
900 2476 1029 2522 insueto
1043 2504 1053 2518 ‚
1079 2489 1138 2511 ar-

108 2534 234 2570 maque
257 2535 324 2557 non
350 2522 500 2569 passurae
531 2535 656 2557 manus
676 2548 687 2564 ,
722 2522 946 2571 hebetataque
968 2526 1062 2571 senio
1091 2539 1139 2560 an

109 2571 314 2608 vulneribus
351 2581 493 2619 corpora.
549 2570 725 2618 Apuleius
764 2572 972 2620 Apologiae
1011 2575 1138 2611 initio:

109 2627 232 2663 Nam,
257 2632 296 2657 ut
319 2620 522 2666 meministi,
550 2621 620 2657 dies
636 2620 762 2657 abhinc
782 2623 924 2669 quintus
953 2636 1000 2659 an
1020 2623 1142 2672 fixtus

108 2673 164 2714 est.
191 2673 398 2708 Marcianus
425 2670 572 2717 Capella
598 2671 658 2708 lib.
680 2683 768 2709 vm.
795 2676 900 2708 Evan
920 2682 1003 2720 pone
1027 2674 1142 2712 vinus

109 2732 213 2769 atque
227 2722 366 2757 acclinis
388 2720 546 2765 adstabat
561 2749 570 2763 ‚
589 2722 652 2768 seu
676 2735 826 2759 marcore
852 2724 1018 2769 confec‘t'us
1046 2735 1139 2761 aeta·

112 2773 178 2815 tis,
199 2771 274 2820 five
293 2771 404 2807 anxia
425 2771 515 2807 inter
538 2773 654 2808 floreae
673 2772 765 2808 vocis
790 2772 961 2809 miracula
981 2773 1143 2811 intentio-

111 2835 154 2860 ne
176 2821 385 2870 compreffus,
413 2834 460 2857 an
486 2821 576 2857 alias
597 2822 725 2870 poculis
745 2835 891 2871 turgens.
946 2823 1051 2862 Plura
1081 2837 1144 2863 ex·

113 2873 233 2920 empla
250 2885 293 2910 ex
315 2873 451 2909 Tacito
470 2871 638 2919 depromi
657 2871 809 2919 possent.
838 2873 1041 2912 videantur
1053 2888 1147 2925 quae

112 2923 218 2971 hujus
239 2924 379 2971 generis
398 2924 451 2959 vir
468 2923 747 2971 elegantissimus
763 2923 875 2969 Jofias
896 2926 1082 2964 Mercerus
1102 2927 1147 2964 ad

111 2972 242 3011 librum
258 2974 411 3021 primum
428 2973 584 3021 Dictyos
598 2973 777 3011 Cretensis
789 2977 991 3013 annotavit.
1020 2977 1148 3014 Actius

114 3023 227 3061 lone:
258 3029 304 3059 Et
332 3023 508 3070 taurizeno
528 3023 658 3071 semine
676 3035 789 3061 ortam
807 3026 909 3074 fitiffe
926 3040 975 3064 an
996 3027 1149 3065 humano

114 3086 203 3112 eam.
231 3074 404 3112 Ausonin
429 3074 566 3111 Solone
590 3086 645 3122 19.

168 3146 259 3183 Rex,
287 3154 333 3176 an
353 3145 557 3189 Tyrannus,
587 3141 714 3189 Lydiae
734 3142 873 3191 Croesus
888 3142 976 3189 suit.

122 3201 194 3240 sive
215 3205 413 3253 Tyn-anus.
440 3207 543 3246 Idem
564 3209 599 3246 in
623 3209 791 3258 Epitaph.

172 3272 218 3305 Et
233 3269 307 3317 jam
327 3271 464 3322 defieras
479 3284 582 3324 puer,
610 3289 700 3314 anne
712 3276 828 3327 puella
841 3305 852 3325 ,
879 3278 1006 3317 videri.

441 795 497 850 In
520 807 629 847 tam
654 792 930 865 praecipiti
957 805 1202 864 tempore
1230 791 1395 848 ferret
1423 811 1598 866 opem.

2094 873 2136 929 F
2140 892 2221 929 er-

1178 987 1342 1043 >Remed.
1360 1005 1495 1045 Amor.
1516 1005 1600 1054 797.⁸

1231 1067 1399 1106 Daunius
1420 1083 1469 1106 an
1489 1069 1624 1117 Libycis
1647 1070 1761 1121 miffits
1779 1071 1843 1110 tibi
1861 1071 1983 1110 bulbus
2000 1073 2043 1110 ab
2063 1074 2150 1120 oris,

1282 1123 1347 1155 An
1371 1121 1494 1157 veniat
1513 1122 1662 1171 Megaris
1677 1151 1688 1168 ,
1719 1124 1843 1162 noxius
1864 1124 1974 1162 omnis
1994 1125 2071 1162 erit.

1181 1181 1365 1228 Juvenalis
1385 1184 1508 1235 Satyra
1530 1198 1576 1223 11.
1601 1199 1682 1225 121.

1236 1249 1265 1279 Ο
1278 1253 1447 1293 proceres,
1476 1248 1604 1297 censore
1621 1258 1697 1299 opus
1718 1249 1761 1298 est
1779 1263 1828 1289 an
1850 1251 1997 1302 aruspice
2018 1252 2127 1292 vobis.

1187 1307 1332 1346 Gratius
1350 1310 1411 1358 96.

1238 1376 1334 1410 Deus
1353 1373 1433 1419 ille,
1460 1387 1509 1413 an
1527 1376 1688 1426 proxima
1708 1378 1802 1416 divis
1822 1384 1947 1423 Mens,
1970 1378 2055 1425 fuit.

1186 1433 1366 1473 Sallustius
1393 1437 1489 1485 apud
1519 1438 1688 1478 Servium
1721 1440 1936 1479 Fuldensern
1953 1470 1963 1486 ,
1995 1448 2171 1478 Perrexere
2191 1441 2230 1479 in

1185 1485 1392 1534 Hispaniam
1413 1500 1462 1524 an
1484 1489 1698 1529 Sardiniam.
1725 1491 1843 1530 Vetus
1854 1492 2088 1542 Epigramma
2105 1519 2117 1537 ‚
2142 1494 2230 1531 utin

1187 1536 1428 1576 vetustiflimo
1452 1539 1583 1578 codice
1606 1541 1766 1580 scribitur
1781 1571 1792 1588 ,

1239 1608 1311 1639 Nec
1325 1601 1393 1652 sibi
1414 1605 1567 1654 congressi
1585 1607 1644 1644 vir
1665 1619 1756 1646 nocet
1773 1622 1821 1647 an
1848 1609 1986 1649 mulier.

1187 1669 1330 1707 Heius.
1356 1667 1430 1707 vid.
1447 1669 1492 1707 ad
1513 1670 1622 1719 Epist.
1640 1684 1710 1709 xxx.
1739 1685 1817 1721 149.

1237 1743 1322 1782 395.
1350 1733 1414 1771 Ah
1435 1737 1635 1785 quamsunt
1651 1736 1804 1784 similes!
1831 1740 1880 1777 ah
1891 1738 2038 1791 quam]
2062 1743 2116 1777 At
2128 1749 2231 1778 utro—

1184 1795 1258 1832 que
1283 1784 1371 1822 loco
1407 1785 1530 1825 Urfini
1563 1788 1602 1825 &
1631 1788 1770 1828 Petavii
1801 1790 1910 1829 codd.
1933 1792 2040 1829 bene.
2070 1791 2230 1830 Martial.

1184 1846 1240 1872 v1.
1272 1847 1332 1873 10.

1241 1901 1299 1935 At
1317 1911 1425 1948 quam
1444 1911 1511 1936 non
1534 1900 1696 1948 tetricus,
1726 1916 1833 1954 quam
1861 1903 1963 1941 nulli
1981 1902 2129 1941 nubibus
2148 1902 2231 1949 ini,

1291 1951 1413 1997 {Quam
1431 1949 1571 1999 placida
1589 1953 1717 2000 nostras
1735 1954 1859 2004 respuit
1877 1968 1960 1992 aure
1974 1958 2107 2004 preces!

1193 2009 1241 2047 est
1263 2019 1387 2048 autern
1411 2011 1661 2053 admirationis
1682 2015 1742 2053 hic
1758 2044 1767 2060 ,
1795 2015 1879 2054 alibi
1899 2017 1938 2054 ὅτ
1963 2016 2234 2065 indignationis.

1193 2061 1293 2099 Vide
1313 2062 1434 2099 Notas
1455 2062 1499 2100 ad
1520 2063 1626 2113 Epist.
1649 2068 1862 2104 xxx.'initi0.
1901 2067 2042 2104 Herus.
2079 2067 2234 2104 Memo-

1192 2111 1267 2149 riae
1286 2113 1395 2150 nimis
1434 2112 1549 2151 fidens
1575 2116 1630 2152 vir
1659 2116 1804 2165 insignis
1826 2118 2001 2155 Martialis
2020 2117 2147 2156 locum
2169 2117 2231 2156 hic

1187 2163 1290 2201 aliter
1308 2164 1416 2208 citat,
1443 2172 1553 2214 atque
1569 2164 1709 2215 legitur.
1738 2180 1823 2205 narn
1847 2168 1885 2205 in
1908 2168 2013 2206 editis
2035 2168 2103 2206 est:

1240 2231 1362 2278 Qum
1379 2228 1512 2277 placido
1532 2228 1660 2277 nostras
1679 2229 1803 2278 legerat
1823 2244 1876 2268 ore
1888 2240 2010 2280 preces.

1191 2294 1228 2332 in
1254 2295 1340 2331 MSS.
1360 2291 1464 2331 Voff.
1488 2294 1648 2341 repperi,
1673 2293 1830 2342 placidus
1860 2295 1987 2341 nostras
2007 2294 2132 2344 legerat
2152 2309 2233 2333 aure

1187 2355 1309 2394 preces.
1336 2344 1461 2394 respuit
1482 2344 1531 2382 ibi
1552 2344 1679 2381 locum
1700 2345 1832 2383 habere
1855 2348 1994 2395 nequit.
2025 2347 2105 2383 ssun
2115 2360 2154 2383 M.

1208 2459 1214 2465 ⁶
1245 2407 1330 2476 396,
1355 2410 1411 2442 Ex
1431 2405 1501 2451 istis
1523 2405 1579 2451 iste
1598 2406 1893 2494 vigosrizchabesist
1922 2414 1978 2495 IiTJc
1995 2409 2140 2495 ἰίξίἑὶιῖἰε
2158 2411 2233 2448 Zu-

1192 2456 1744 2544 ἓέῗηέὲὲῐξυὲἑζοὶῒεὲἓὲἆεκ
1759 2470 1840 2549 ‚Tsil
1852 2468 1931 2553 illisa
1939 2471 2133 2557 illliefssqug·d
2142 2473 2238 2548 ἓξὲξ·

1194 2555 1362 2646 ἓηάἓιῃ.
1389 2555 1534 2591 Hzms,
1548 2558 1602 2590 Ex
1620 2554 1689 2602 istis
1706 2555 1764 2592 ille
1776 2557 1928 2595 Modius
1940 2559 2105 2597 Norant.
2125 2561 2235 2599 Leet.

1230 2619 1264 2655 P·
1314 2616 1345 2653 3·

1196 2721 1208 2758 1
1250 2673 1334 2759 3912.
1363 2671 1422 2718 Jste
1439 2672 1566 2721 vigoris
1586 2672 1727 2725 haben]
1756 2676 1869 2714 Haud
1884 2676 1993 2716 dubie
2011 2678 2070 2717 hic
2092 2680 2239 2720 Romuss

1213 2732 1554 2821 υεὲῳγξλικῗῗβιῒαίίὶι
1576 2773 1731 2823 imago]
1762 2777 1812 2813 Ni
1822 2778 1926 2824 fallit
1945 2789 2115 2828 quatuor.
2144 2793 2238 2822 unus

1200 2822 1344 2860 Fames.
1363 2837 1442 2860 non.
1470 2824 1596 2872 Lege,
1624 2839 1682 2862 nec
1694 2827 1808 2872 fallit.
1838 2829 1981 2868 Herus.

1258 2873 1352 2928 398.ι
1381 2874 1498 2922 Nescio
1529 2889 1629 2923 quem
1662 2876 1687 2914 ὰ
1714 2878 1849 2928 vobin]
1904 2887 1946 2917 In
1966 2881 2062 2919 vobis
2082 2884 2180 2922 MaZ.
2201 2884 2241 2922 &

1203 2923 1279 2961 duo
1297 2924 1366 2960 alii.
1388 2933 1427 2961 ut
1451 2925 1510 2962 lib.
1531 2937 1585 2963 vx.
1607 2939 1638 2975 5.

1257 2975 1312 3019 Est
1330 2979 1424 3011 Deus
1447 2975 1485 3011 in
1507 2976 1620 3019 nobis,
1649 2978 1803 3026 agitante
1826 2980 2022 3030 calescimus
2040 2983 2113 3023 illo.

1205 3025 1244 3062 &
1264 3025 1337 3062 hoc
1359 3026 1486 3073 probat
1506 3027 1658 3065 Medius
1679 3029 1960 3071 Novant.1,cet.
1977 3035 2036 3082 63.
2065 3036 2244 3083 Excerpta

1204 3075 1375 3113 Politiani
1406 3078 1442 3113 &
1473 3085 1544 3114 tres
1571 3079 1630 3115 alii
1659 3080 1794 3128 probae
1823 3094 1934 3122 notae
1958 3111 1968 3128 ,
2003 3087 2118 3134 Nescio
2143 3099 2242 3134 quem

1206 3125 1312 3163 vobis.
1347 3127 1472 3173 probe.
1508 3129 1642 3167 scincet
1667 3130 1855 3170 auetorem
1883 3160 1893 3177 ,
1944 3136 2044 3183 quod
2085 3136 2241 3183 sequitur

1205 3178 1378 3224 proximo
1401 3177 1517 3216 versu.
1546 3179 1687 3217 Hiems.
1726 3182 1871 3230 Suspicer
1897 3186 2006 3222 etiam
2030 3184 2128 3222 Voff.
2151 3194 2242 3221 unus

1207 3227 1351 3265 Heinsii
1375 3228 1413 3265 ὅ(
1444 3228 1615 3267 Cantabr.
1635 3231 1802 3270 Francius
1832 3234 1943 3272 haesit
1973 3238 2008 3272 ὅ(
2032 3237 2065 3271 in
2097 3235 2168 3271 hoc
2185 3234 2242 3269 lo-

1207 3289 1252 3316 co
1267 3305 1278 3325 ‚
1307 3279 1344 3316 ὅ(
1357 3277 1515 3319 malebat
1526 3307 1537 3327 ,
1563 3281 1668 3331 nescio
1687 3296 1786 3332 quem
1801 3292 1936 3333 patrem
1948 3286 1983 3334 s.
2000 3299 2025 3322 e,
2038 3285 2071 3321 d.

1390 3328 1428 3377 O
1457 3341 1478 3367 2
2099 3344 2183 3379 401.
2210 3332 2246 3372 si
