2495 3675
659 179 721 236 P.
793 173 1206 234 OVIDII
1281 172 1820 233 NASONIS

491 296 728 352 Flamma
753 294 930 350 nitore
958 291 1051 347 suo
1077 290 1401 363 templorum
1428 288 1675 344 verberat
1699 309 1886 348 aurum
1903 339 1915 359 ‚

571 369 642 425 Et
672 368 959 423 tremulum
984 364 1187 418 summa
1213 363 1405 434 spargit
1436 362 1489 417 in
1516 363 1647 418 aede
1671 363 1839 436 jubar.

491 442 742 498 Vestibus
765 438 970 494 intaffis
995 435 1257 505 Tarpeias
1283 436 1390 488 itur
1415 435 1470 488 in
1496 453 1670 492 arces:

573 513 645 570 Et
674 513 899 585 populus
927 508 1060 563 festo
1085 507 1344 561 concolor
1373 508 1480 580 ipse
1506 507 1599 562 suo
1626 511 1714 565 est.

490 588 715 660 Jamque
743 584 870 640 novi
897 584 1152 653 praeeunt
1178 580 1369 643 fasce53
1411 598 1548 635 nova
1577 598 1806 654 purpura
1830 585 2029 659 fulget:

569 662 642 715 Et
667 677 803 714 nova
828 654 1175 725 conspicuum
1202 654 1443 724 pondera
1469 654 1624 708 sentit
1652 657 1799 712 ebur.

498 733 655 790 Colla
684 730 841 784 rudes
868 745 1095 799 operum
1121 726 1375 798 praebent
1406 727 1646 782 ferienda
1666 729 1911 800 juvenci,

572 807 727 877 Quos
760 803 884 856 aluit
909 800 1107 871 campis
1133 799 1293 853 herba
1320 799 1512 855 Falisca
1542 801 1656 855 suiS.

396 883 459 952 85
493 879 770 951 juppiter,
808 892 929 930 arce
956 875 1043 928 sua
1070 885 1247 927 totum
1274 891 1398 928 cum
1426 872 1623 946 spe6tet
1647 875 1699 929 in
1728 873 1949 940 orbem

574 952 662 1007 Nil
687 949 779 1004 nili
810 948 1153 1009 Romanum,
1193 946 1342 1018 quod
1367 961 1608 1010 tueatur,
1647 946 1822 1003 habet.

503 1025 683 1083 Salve,
725 1024 857 1076 laeta
887 1021 1030 1082 dies,
1072 1018 1370 1091 meliorque
1399 1035 1668 1075 revertere
1695 1022 1934 1093 semper,

581 1099 632 1151 A
656 1097 857 1167 populo
887 1111 1064 1147 rerum
1093 1093 1253 1162 digna
1283 1106 1506 1162 potente
1531 1094 1651 1148 coli.

503 1171 686 1243 Quem
712 1182 889 1221 tamen
917 1164 1019 1219 effe
1052 1165 1228 1218 Deum
1258 1178 1311 1218 te
1340 1165 1546 1230 dicam,
1578 1166 1710 1237 Jane
1741 1167 2016 1224 biformis?

569 1243 705 1298 Nam
731 1241 826 1295 tibi
851 1256 943 1311 par
969 1238 1171 1291 nullum
1201 1233 1431 1291 Graecia
1457 1257 1656 1294 numen
1683 1240 1859 1296 habet.

189 209 257 245 10

394 518 461 572 80

390 1265 459 1320 90

2250 1317 2371 1374 Ede

264 1462 322 1508 76.
351 1466 394 1498 Et
412 1459 507 1509 sonet
528 1452 768 1505 accenfisspica
781 1448 1041 1499 Ciliffasoci53]
1071 1449 1260 1488 Antonius
1315 1454 1353 1485 te
1386 1446 1407 1485 {1
1446 1447 1594 1504 Criticis
1627 1450 1821 1500 superioris
1850 1452 1946 1491 aevi,
1993 1454 2174 1494 NEAPOL.
2219 1456 2376 1495 Verberet

215 1513 384 1552 Fanensis
405 1513 478 1549 lioc
497 1511 606 1551 loco,
636 1510 673 1544 ὃς
692 1503 867 1552 Joseplius
889 1502 1045 1549 Scaliger
1058 1501 1094 1539 in
1105 1501 1261 1548 Proper-
1322 1499 1464 1537 Fames.
1487 1501 1524 1537 ὃ(
1546 1500 1717 1539 Vatican:
1732 1503 1770 1540 ὃς
1789 1512 1878 1541 tunc
1897 1503 2085 1554 seq.versu
2095 1506 2199 1555 lege,
2215 1508 2374 1557 spargat.

215 1568 310 1604 tium
333 1565 392 1602 lib.
412 1575 465 1600 iv,
493 1573 556 1610 per
578 1559 708 1608 spicam
741 1553 899 1602 Cilt'ffam
928 1564 1080 1590 crocum
1107 1551 1261 1606 intelligi
1319 1551 1381 1587 ubi
1395 1550 1530 1599 sparget
1550 1551 1690 1590 Fames.
1707 1553 1818 1602 surgit
1828 1555 1994 1605 quinque
2013 1556 2370 1598 libri.tenditVoffii.

214 1615 347 1654 debere
376 1612 476 1651 recle
507 1613 714 1648 admonent
730 1635 738 1649 ‚
767 1614 895 1642 contra
919 1604 1032 1641 Paulli
1051 1601 1162 1640 Marsi
1181 1605 1263 1650 opi-
1321 1601 1467 1638 Heius.

212 1668 381 1705 nionern.
418 1661 627 1701 Confirmat
659 1661 697 1696 &
726 1658 842 1698 hanc,
881 1665 994 1701 quam
1015 1665 1086 1703 ego
1108 1664 1263 1704 quoque
1372 1663 1432 1700 79,
1461 1653 1619 1702 Tarpejas
1641 1653 1715 1692 itur
1735 1654 1774 1692 in
1795 1654 1926 1705 arces.]

215 1717 395 1766 probavi,
424 1714 643 1763 opinionem
673 1707 832 1746 Ovidius
854 1706 926 1754 ipse
944 1705 982 1742 in
1002 1705 1082 1742 Ibin
1096 1732 1108 1750 ,
1135 1704 1197 1742 ubi
1214 1705 1265 1743 ita
1957 1657 2013 1695 Ex
2025 1658 2214 1706 morelpse
2224 1658 2269 1697 ad
2282 1659 2373 1698 sex·

1321 1710 1401 1741 tum
1426 1702 1653 1753 Pompejum
1673 1707 1710 1743 in
1733 1707 2067 1755 gratulationeiniti
2080 1708 2296 1748 Consulatus
2307 1722 2373 1749 an-

217 1769 264 1805 est
289 1781 297 1804 :
649 1800 651 1805 ,

268 1817 518 1866 Qrotveferat
540 1813 654 1850 dicam
676 1819 769 1847 terra
791 1806 907 1855 Cilissa
929 1820 1047 1844 crocos.

217 1869 386 1907 C10FAN.
414 1867 484 1904 Pro
512 1866 580 1902 hac
608 1862 687 1901 satis
716 1860 883 1910 probavit
909 1858 1086 1907 Josephus
1108 1856 1266 1907 Scaliger

216 1924 254 1959 in
277 1916 582 1966 Castigationibus
609 1914 654 1951 ad
678 1910 907 1960 Propertium
922 1937 931 1953 ‚
961 1921 1113 1946 crocum
1134 1909 1266 1947 intelli-

217 1971 401 2020 gendain3
443 1971 480 2006 &
503 1963 672 2015 profeffl)
692 1964 740 2000 ita
764 1961 824 1999 est.
859 1960 954 2009 spica
974 1959 1063 1998 vero
1085 1959 1147 1997 hic
1169 1961 1268 1998 croci

219 2022 372 2061 nucleus
387 2048 397 2064 ,
433 2029 472 2056 ut
503 2018 549 2055 de
578 2016 663 2054 allio
685 2014 794 2050 Cato:
825 2011 932 2060 Ulpici
945 2013 1054 2060 spicas
1074 2021 1165 2055 tres,
1192 2012 1271 2048 allii

213 2073 324 2122 spicas
353 2082 431 2107 tres.
459 2069 617 2114 Στάχυς
637 2065 830 2108 videlicet.
867 2062 932 2100 flos
957 2062 1029 2118 ipse
1052 2063 1175 2106 croci,
1203 2063 1267 2119 qui

220 2133 418 2171 antequam
455 2122 660 2169 aperiatur,
698 2118 767 2157 τὰς
800 2113 940 2169 τρίχας,
962 2113 1112 2151 inclusas
1139 2122 1233 2161 gerit
1256 2141 1266 2158 ,

219 2175 433 2212 acuminato
454 2170 605 2220 fastigio.
635 2168 693 2206 Sic
709 2167 833 2205 dixere
854 2163 912 2201 fila
933 2163 990 2200 illa
1007 2164 1105 2201 lutea
1118 2164 1265 2208 Graeci,

220 2225 296 2262 five
315 2223 519 2270 γλωχῖνας.
549 2219 778 2258 Florentinus
801 2219 838 2256 in
861 2215 1091 2262 Geoponicis
1114 2213 1159 2252 de
1183 2226 1266 2252 cro-

222 2288 267 2312 co
289 2289 297 2312 :
339 2274 606 2317 A’vfiozeysiwc
636 2270 676 2306 δὲ
707 2269 791 2306 &rav
819 2265 989 2309 εὐχροῆσῃ
1009 2265 1052 2301 ἐκ
1075 2267 1183 2310 μέσον
1202 2265 1267 2301 τοῦ

219 2326 335 2367 ἔνέσυς
362 2324 557 2367 ἑλκομένων
590 2323 658 2358 τῶν
680 2320 894 2366 γλωχέυων,
926 2317 987 2352 καῖ
999 2315 1268 2363 ἕιειῴυχομένων

222 2377 348 2422 ἡμέρας
378 2377 493 2420 τρεῖς,
531 2369 752 2416 ἢτέσσαριις.
781 2371 960 2408 ΝεΑροῐ..
997 2368 1058 2405 De
1076 2379 1188 2405 croco
1210 2369 1268 2416 agi

220 2428 294 2472 iam
330 2429 541 2474 interpretes
565 2425 745 2462 viderunt.
764 2421 861 2459 reete
884 2428 1009 2475 autern
1022 2421 1120 2467 fimet
1136 2445 1147 2462 ,
1166 2418 1269 2467 quod

216 2471 358 2525 'optimi
390 2477 488 2514 croci
511 2476 703 2513 indicium.
731 2472 894 2510 Cilicium
916 2469 1048 2507 dicitur
1069 2481 1115 2506 ex
1138 2477 1269 2525 monte

224 2529 387 2576 Coryco.
415 2527 460 2565 de
479 2527 602 2563 Croco
623 2524 759 2562 Plinius
777 2524 837 2560 lib.
861 2533 938 2558 xxx.
955 2522 992 2557 6.
1021 2518 1182 2574 Probafio
1195 2518 1272 2567 fin-

225 2579 314 2621 ceri,
344 2578 376 2624 fi
397 2575 549 2625 imposita
580 2588 688 2613 manu
719 2574 875 2621 crepitet,
914 2569 1183 2626 veiutisragzle.
1210 2581 1273 2616 per

222 2628 353 2676 spicam
374 2627 624 2673 capillamenta
636 2627 673 2660 &
685 2624 742 2660 fila
754 2624 852 2660 croci
862 2621 1128 2674 intelliguntur,
1139 2619 1241 2674 quo-d
1253 2630 1274 2655 a

213 2677 377 2715 'Salmas
397 2676 441 2713 ad
462 2676 665 2722 Solin.pag.
685 2683 767 2719 749.
783 2673 858 2720 jam
873 2669 920 2706 ess·
930 2670 1274 2705 observatumhinc

231 2729 443 2777 frequenter
463 2726 680 2772 ξκνθότμχει
699 2723 818 2766 κρόκον
830 2721 970 2757 dicunt.
997 2715 1143 2754 Gloffae
1155 2716 1274 2753 medi-

231 2789 319 2822 cae,
349 2777 580 2824 ξᾱνεᾱπιχκ,
613 2777 672 2811 τὸν
694 2774 824 2817 κρέκον.
842 2781 911 2808 nec
929 2768 1030 2807 aliter
1051 2766 1272 2815 capiendum

234 2828 325 2867 illud
342 2825 516 2877 Propertii
539 2839 592 2863 iv.
610 2838 662 2862 vi.
688 2836 743 2869 74.
811 2873 816 2877 Π

285 2884 329 2916 Et
353 2879 448 2915 lavet
469 2880 622 2924 accensas
633 2876 725 2924 spica
749 2871 864 2921 Ciltffa
889 2883 1011 2907 comas.
1149 2919 1156 2926 -

235 2929 284 2967 fic
308 2931 399 2978 spica
432 2929 578 2972 Iridim,
604 2939 670 2975 pro
701 2924 815 2962 nardo
839 2951 849 2966 ‚
887 2921 1028 2970 &spica
1051 2920 1179 2963 narde,
1206 2930 1274 2968 pro

235 2981 342 3018 folio.
371 2979 487 3016 Nardi
498 2979 583 3014 levis
596 2977 716 3024 aristae
731 2974 864 3012 Nostro
878 2974 1034 3009 Metam.
1047 2983 1107 3008 xv.
1129 2971 1167 3007 ὃς
1181 2977 1276 3007 Nar-

236 3031 272 3067 di
290 3030 446 3078 pubentis
471 3029 596 3076 aristae
615 3029 652 3065 in
676 3038 785 3064 carm.
809 3023 992 3061 Laciantii
1013 3022 1057 3060 de
1078 3022 1277 3059 Phoenice.

241 3083 387 3118 Htms.
414 3080 502 3116 Vid.
523 3081 560 3116 ὅ(
583 3076 790 3115 Mercurial.
810 3085 864 3110 vx.
887 3073 975 3109 Var.
1004 3072 1109 3109 Leo.
1134 3084 1165 3112 7.
1184 3073 1281 3120 spica

232 3132 367 3177 Falisca
379 3129 694 3174 nonnulli.Calisca
706 3123 983 3164 unusHeiniius
995 3124 1032 3159 ὃ(
1046 3122 1177 3170 Lybissa
1190 3134 1279 3159 con-

228 3182 371 3234 jecerat
390 3178 502 3220 olim.
527 3180 675 3229 personet
698 3179 809 3215 etiam
833 3176 1050 3213 Puteaneus.
1078 3174 1174 3221 Regis
1195 3173 1281 3211 Ber-

234 3233 348 3330 nel-'712⁸
375 3268 590 3331 Ternplorum
611 3279 771 3316 verberat
798 3275 968 3326 aurum.]
1005 3276 1094 3312 Puta
1117 3277 1279 3313 inaurata

234 3335 412 3375 sacrarum
433 3332 583 3374 aedium
602 3331 795 3375 lacunaria:
817 3329 863 3369 de
884 3339 961 3380 quo
981 3328 1072 3367 luxu
1085 3327 1201 3366 facem
1216 3338 1281 3377 pe:

1321 1766 1373 1792 no
1397 1766 1587 1793 DCCLXVI.
1605 1755 1665 1794 lib.
1685 1767 1737 1794 iv.
1761 1756 1807 1795 de
1830 1758 1954 1796 Ponto
1969 1787 1980 1804 ,
2001 1758 2128 1809 Elegia
2144 1771 2198 1797 iv.

1372 1826 1461 1870 Ergo
1480 1821 1552 1867 uhi,
1576 1822 1675 1868 Jane
1692 1822 1811 1873 biceps,
1827 1823 1966 1873 longum
1986 1825 2192 1874 reseraveris
2209 1840 2348 1866 annum
2359 1855 2376 1875 ,

1422 1873 1547 1922 Pulsus
1569 1886 1611 1913 <9¹
1627 1874 1652 1911 ὰ
1661 1876 1761 1923 sacro
1781 1876 1892 1924 mense
1916 1877 2101 1914 December
2119 1878 2198 1916 erit.

1374 1929 1535 1974 Purpura
1556 1926 1755 1975 Pompejum
1766 1926 1904 1975 summi
1924 1927 2056 1964 velabit
2078 1928 2238 1976 honoris,

1428 1982 1484 2013 Ne
1503 1976 1617 2014 titulis
1635 1976 1834 2027 quidquam
1856 1977 1974 2016 debeat
1999 1978 2058 2016 ille
2066 1979 2155 2027 suis.

1377 2032 1525 2065 Cernere
1538 2028 1619 2076 jam
1643 2028 1764 2064 videor
1783 2029 1898 2078 rumpi
1917 2030 2023 2078 paene
2040 2031 2136 2068 atria
2153 2029 2262 2068 turbd
2274 2059 2286 2077 ,

1429 2083 1474 2114 Et
1492 2079 1652 2127 populum
1675 2078 1767 2115 laedi
1785 2079 1960 2128 deficiente
1979 2080 2047 2118 loco
2059 2095 2070 2125 ;

1375 2128 1580 2180 Templaque
1601 2130 1761 2179 Tarpejae
1773 2130 1934 2180 primiem
1954 2130 2021 2168 tibi
2032 2132 2125 2180 sedis
2145 2132 2262 2178 adiri,

1426 2184 1472 2216 Et
1488 2180 1570 2228 fieri
1580 2180 1706 2227 faciles
1723 2181 1763 2218 in
1782 2191 1845 2218 tua
1864 2191 1951 2218 vota
1969 2187 2059 2219 Deos
2072 2198 2084 2219 .-

1374 2230 1475 2267 Colla
1497 2230 1598 2267 boves
1619 2231 1734 2268 niveos
1756 2242 1866 2268 certae
1880 2232 2038 2281 praebere
2051 2233 2189 2281 securi,

1424 2284 1520 2330 Qos
1538 2281 1629 2318 aluit
1645 2283 1773 2331 campis
1789 2282 1895 2319 herba
1913 2283 2048 2331 Falisca
2057 2284 2145 2332 suis.

1322 2348 1474 2396 Repetit
1496 2349 1533 2384 ὅ(
1556 2347 1620 2385 hic
1641 2347 1870 2397 postremum
1891 2357 2043 2386 carmen
2061 2345 2125 2382 vix
2146 2342 2286 2383 mutata
2303 2348 2374 2385 voss

1321 2398 1413 2436 cula.
1442 2399 1619 2436 Nfinror..

1374 2461 1434 2497 79.
1465 2456 1502 2485 In
1522 2449 1654 2498 arces.]
1683 2450 1747 2486 Ad
1763 2462 1855 2487 arces
1875 2449 2037 2498 plurimi.

1379 2500 1439 2538 81.
1468 2506 1574 2537 Nova
1590 2508 1746 2549 purpura
1761 2500 1913 2549 fulget.]
1944 2499 2050 2537 Novi
2068 2498 2298 2547 Magistratus
2318 2498 2376 2536 in-

1322 2550 1464 2597 sigum
1492 2551 1553 2588 sed
1579 2552 1672 2588 haec
1690 2563 1848 2598 purpura
1877 2551 1925 2586 est
1945 2557 2133 2597 praetexta
2155 2548 2374 2587 Consularis:

1327 2599 1427 2638 idem
1447 2600 1493 2637 ad
1516 2600 1741 2638 Graecinum
1766 2599 1989 2637 Consulem:

1380 2671 1606 2701 praetextam
1621 2691 1631 2707 ,
1651 2665 1762 2711 fasces
1783 2664 2016 2713 aspiciamque
2034 2673 2119 2701 tuos.

1329 2714 1441 2750 Hanc
1459 2715 1497 2751 &
1518 2722 1645 2762 togam
1669 2714 1804 2762 pictam
1820 2742 1831 2758 ‚
1861 2714 2069 2752 &trabeam
2086 2741 2096 2758 ‚
2126 2713 2164 2750 δε
2178 2713 2376 2761 palmatam

1329 2764 1464 2800 diffiam
1495 2764 1638 2812 repperi
1664 2776 1673 2799 ε
1711 2763 1860 2802 observa
1881 2764 1927 2803 ad
1945 2764 2153 2802 Ausonium
2176 2766 2214 2802 in
2234 2765 2379 2804 Gratia-

1329 2825 1411 2851 rum
1434 2813 1593 2852 afflone.
1621 2814 1797 2852 Numi.

1382 2864 1441 2902 82.
1467 2864 1730 2915 Conspicuam]
1770 2865 1988 2916 Perspicuum
2018 2874 2187 2913 excerpta
2219 2866 2378 2906 Douzae

1331 2916 1369 2955 δί
1391 2925 1550 2965 quatuor
1568 2915 1726 2954 codices.

1383 2966 1443 3016 83.
1469 2967 1676 3016 Juvenal]
1705 2967 1820 3005 Securi
1837 2965 1944 3005 multi
1964 2965 2094 3015 scripti.
2115 2967 2214 3005 rudes
2235 2969 2332 3006 tauri
2343 2978 2378 3019 p.

1324 3018 1484 3065 fisecuri
1508 3018 1737 3056 Petavianus.

1386 3068 1445 3115 84.
1471 3069 1588 3105 Herba
1603 3067 1776 3119 Falisca.]
1807 3068 1849 3106 In
1862 3067 2069 3111 nonnullis,
2096 3078 2190 3104 terra
2205 3068 2381 3117 Phalisca.

1336 3122 1525 3158 Nauem.
1553 3120 1650 3157 Vide
1670 3133 1732 3159 111.
1764 3121 1898 3158 Amor.
1925 3131 1980 3157 12.
2008 3120 2044 3157 &
2068 3130 2119 3157 iv.
2148 3119 2195 3158 de
2212 3121 2322 3158 Pont.
2345 3134 2382 3168 4.

1338 3172 1420 3210 infr.
1443 3184 1496 3208 iv.
1518 3173 1578 3216 67.

1391 3224 1510 3270 Hospes
1527 3222 1724 3259 Aventinis
1744 3231 1944 3260 armentum
1959 3220 2061 3271 pavit
2079 3220 2118 3258 in
2136 3220 2261 3259 herbis.

1336 3273 1386 3310 sic
1408 3273 1512 3309 Latia
1542 3272 1647 3310 herba
1676 3274 1760 3313 infr.
1775 3273 1830 3319 sss.
1853 3283 1937 3324 539.
1956 3274 1995 3312 ὃ(
2017 3284 2075 3313 vi.
2098 3273 2184 3322 639.
2212 3273 2378 3322 Desertus

1334 3323 1467 3363 herbas.
1494 3323 1624 3365 ssuim.

2213 3372 2278 3423 „85-
2302 3378 2378 3425 See-3
