2495 3675
255 153 353 203 750

711 128 1871 219 P.0V1D11NA50.N1'S

400 257 429 305 5
540 237 794 296 Tandem
817 240 1015 316 aliquid
1043 239 1182 311 pulsa
1206 251 1450 289 curarum
1480 233 1623 288 nube
1647 234 1893 307 serenum

621 313 668 368 V
677 314 783 377 idi;
828 314 1097 369 Fortunae
1123 307 1282 362 verba
1310 306 1549 378 dedique
1576 324 1740 362 meae.

545 386 697 440 Nolit
724 402 780 442 ut
810 389 911 441 ulla
937 384 1060 439 mihi
1089 381 1405 451 contingere
1431 379 1622 451 gaudia
1646 380 1866 447 Caesar,

623 459 777 514 Velle
806 457 978 530 potest
1002 454 1167 509 cuivis
1193 455 1322 507 haec
1353 467 1531 507 tamen
1558 471 1662 508 una
1688 454 1817 509 dari.

540 531 616 586 Di
641 549 886 603 quoque,
924 542 982 582 ut
1010 530 1038 582 a
1065 525 1267 581 cunclis
1293 525 1442 579 hilari
1471 526 1668 595 pietate
1694 529 1987 592 colantur,-

407 622 468 657 10

609 603 902 658 Tristitiam
931 601 1058 674 poni
1085 617 1178 672 per
1203 598 1290 654 sua
1317 596 1444 652 festa
1463 599 1667 668 jubent.

542 677 825 747 Denique,
864 675 1014 749 quod
1042 687 1220 728 certus
1248 673 1397 726 furor
1424 672 1499 726 est
1525 674 1723 729 audere
1751 675 1939 739 fateri,

617 748 741 803 Hac
768 766 872 820 ego
896 748 1122 810 laetitia,
1161 746 1198 800 si
1226 758 1372 800 vetet
1400 745 1534 817 ipse,
1572 746 1729 802 fruar.

543 821 789 893 juppiter
821 822 1034 876 utilibus
1061 821 1272 893 quoties
1290 818 1437 888 juvat
1462 818 1718 876 imbribus
1744 839 1923 893 agrOS,

618 895 797 950 Mixta
823 908 983 949 tenax
1003 894 1169 964 segeti
1204 892 1442 947 crescere
1465 892 1615 964 lappa
1641 895 1786 948 solet.

415 986 473 1034 15

550 969 665 1022 Nos
691 985 910 1040 quoque
935 967 1254 1038 frugiferum
1280 966 1532 1020 sentimus
1558 966 1755 1022 inutilis
1782 967 1942 1024 herba

628 1042 881 1101 Numen;
924 1041 975 1093 &
1002 1040 1168 1094 invita
1191 1039 1344 1111 saepe
1365 1038 1612 1108 juvamur
1640 1056 1759 1110 ope.

552 1114 764 1169 Gaudia
790 1112 1076 1168 Caesareae
1103 1113 1293 1166 mentis
1324 1128 1422 1180 pro
1452 1125 1602 1180 parte
1629 1111 1765 1165 virili

626 1187 761 1240 Sunt
787 1204 931 1240 mea:
975 1187 1165 1259 privati
1190 1186 1263 1239 nil
1286 1184 1444 1237 habet
1467 1183 1551 1237 illa
1577 1183 1787 1239 domus.

554 1260 769 1323 Gratia,
808 1259 995 1322 Fama,
1034 1259 1157 1312 tibi:
1196 1274 1290 1329 per
1315 1273 1476 1328 quam
1500 1255 1725 1328 speciata
1751 1258 2036 1331 triumphi,

411 1352 480 1385 20

263 1542 360 1593 apud
380 1542 558 1583 Tacitum
577 1547 748 1597 leguntur
768 1544 861 1583 libro
882 1544 1016 1594 primo.
1045 1544 1092 1582 Et
1114 1542 1311 1582 docethoc

263 1596 364 1633 idem
385 1596 500 1634 Poeta
524 1609 676 1648 quoque
689 1596 816 1645 Elegia
836 1596 1026 1645 sequenti,
1055 1596 1116 1633 ubi
1137 1595 1238 1632 claris
1257 1603 1311 1631 at-

262 1657 339 1696 que
360 1648 489 1695 apertis
514 1650 631 1687 verbis
655 1649 773 1699 inquit
796 1675 806 1692 ,
833 1647 939 1685 Adde
958 1646 1192 1696 triumphatos
1212 1645 1310 1682 modo

262 1703 419 1735 Paeonas
440 1726 450 1742 ,
498 1699 588 1737 adde
618 1700 741 1750 quieti.
758 1698 906 1736 subdita
937 1708 1125 1735 montanae
1165 1695 1309 1733 brachia

262 1748 496 1787 Dalmatiae.-
525 1751 563 1787 ὅ(
583 1763 678 1800 quae
705 1751 917 1798 sequuntur.
962 1750 1061 1787 Nam
1085 1749 1131 1786 de
1153 1749 1311 1785 Germa-

264 1799 339 1837 nici
360 1800 551 1848 triumpho
566 1830 575 1845 ,
603 1814 716 1852 quern
738 1801 798 1838 ille
818 1800 864 1838 de
885 1800 1080 1837 Germanis
1102 1800 1200 1847 egit,
1227 1809 1310 1835 ver-

264 1849 319 1887 bis
338 1850 401 1895 hic
421 1861 513 1898 opus
534 1863 609 1890 non
634 1852 705 1897 est,
734 1862 819 1889 cum
839 1850 900 1887 ille
919 1858 1051 1899 quarto
1075 1849 1228 1886 demum
1244 1860 1308 1885 an-

265 1912 318 1938 no
341 1900 482 1938 Tiberii
505 1902 604 1940 actus
623 1904 752 1947 fuerit,
781 1910 932 1939 mortuo
947 1902 1027 1949 jam
1055 1904 1118 1947 (ut
1141 1899 1306 1943 videtur)

263 1951 394 1990 Po‘e'ta.
423 1953 650 2002 Quanquam
665 1953 763 1991 idem
785 1952 931 1990 Merula
950 1953 1040 1989 infra
1054 1979 1065 1996 ,
1094 1950 1154 1988 ubi
1177 1950 1222 1987 de
1242 1961 1307 1987 eo-

265 2002 353 2040 dem
366 2003 595 2041 Germanico
605 2005 721 2042 Poeta
733 2003 905 2042 meminit
917 2030 928 2047 ‚
954 2004 1064 2052 eique
1075 2001 1306 2049 triumphum

264 2053 369 2091 illum
391 2053 437 2091 de
463 2054 660 2092 Germanis
683 2054 867 2103 agendum
893 2082 903 2097 ,
941 2053 1043 2090 velut
1066 2051 1305 2090 vaticinando

266 2104 469 2153 praedicit,
495 2106 655 2153 graviter
683 2106 816 2144 iterum
841 2105 972 2143 labitur
989 2132 1000 2149 ,
1030 2104 1267 2151 multumque
1290 2101 1312 2140 a

266 2167 361 2193 vero
384 2155 522 2194 recedit
545 2167 554 2193 t
582 2168 667 2194 cum
690 2168 733 2194 ea
762 2158 894 2194 omnia
916 2184 925 2200 ‚
963 2154 1064 2204 quafi
1087 2154 1132 2192 de
1152 2154 1311 2191 Tiberio

267 2206 460 2252 dicantur,
488 2209 655 2256 exponit.
683 2209 771 2245 Non
795 2208 896 2244 enim
929 2206 1110 2250 Tiberio,
1138 2204 1198 2242 sed
1219 2205 1312 2241 Ger-

270 2258 423 2296 manico
456 2258 564 2296 Drufi
585 2258 686 2302 filio,
713 2258 859 2297 Tiberii
889 2266 1015 2295 autem
1038 2269 1083 2294 ex
1104 2257 1210 2294 fratre
1236 2255 1315 2293 Ne-

267 2310 373 2358 poti,
400 2320 482 2346 eam
516 2309 805 2357 praedictionem
835 2309 922 2346 facit
949 2310 1062 2357 po'e'ta
1081 2335 1091 2352 ,
1129 2319 1242 2355 quem
1261 2315 1316 2344 ta-

270 2372 363 2398 men
385 2361 423 2398 in
446 2360 685 2399 Germaniam
718 2361 762 2398 ab
792 2359 959 2409 Augusto
991 2358 1112 2397 adhuc
1139 2360 1317 2402 vivente,

270 2411 311 2450 in
331 2411 461 2449 locum
486 2411 630 2450 Tiberii
653 2410 798 2450 missum
817 2440 828 2456 ‚
855 2419 917 2448 aut
938 2418 1036 2448 certe
1056 2421 1134 2447 non
1155 2411 1206 2446 ita
1219 2409 1313 2446 mul-

269 2471 312 2501 to
332 2462 412 2511 post
437 2463 662 2501 mittendum
690 2463 821 2500 sciebat
845 2490 856 2507 ,
893 2473 1016 2511 eoque
1043 2460 1096 2498 illi
1117 2460 1312 2497 viritoriam

270 2523 383 2563 atque
402 2514 632 2563 triumphum
654 2513 809 2551 similem
824 2542 835 2559 ‚
863 2512 1066 2551 hocmodo
1081 2511 1315 2556 ,velutomi-

270 2564 397 2602 nando
412 2593 422 2609 ,
450 2565 675 2614 precabatur.
717 2565 788 2603 Sed
807 2565 852 2602 de
874 2564 943 2602 hac
970 2576 1008 2601 re
1039 2564 1133 2601 infra
1153 2562 1314 2610 pluribus

273 2626 437 2663 agemus.
466 2617 643 2655 M1crt1..
677 2617 791 2654 Refer
817 2616 863 2654 ad
893 2615 1124 2663 triumphum
1155 2613 1314 2651 Tiberio

277 2666 323 2702 de
344 2666 524 2705 Delmatis
545 2680 565 2704 a
589 2668 723 2706 Senatu
745 2668 936 2705 decretum
957 2665 1122 2703 A.V.C.
1151 2676 1316 2702 neci-xx.

278 2716 324 2752 C.
346 2717 520 2766 Poppaeo
545 2719 692 2757 Sabino.
721 2720 772 2767 Q.
792 2718 954 2766 Sulpicio
984 2716 1187 2754 Camerino
1217 2713 1321 2752 Coff.

277 2766 353 2804 hoc
375 2768 424 2804 est
446 2771 704 2818 quinquennio
723 2778 810 2807 ante
831 2768 1014 2806 excessum
1035 2767 1128 2805 Divi
1151 2766 1317 2815 Augusti.

278 2816 341 2855 sed
362 2820 567 2867 triumphus
590 2821 638 2858 est
657 2821 786 2859 dilatus
811 2821 850 2858 in
880 2821 1149 2868 opportuniora
1168 2825 1318 2866 tempo-

283 2879 319 2905 ra
335 2895 344 2911 ,
373 2871 511 2907 moesta
535 2880 615 2908 tum
636 2873 784 2910 civitate
810 2872 859 2908 ob
878 2872 1019 2908 cladem
1038 2871 1253 2907 Varianam.
1280 2877 1320 2906 ut

282 2919 436 2956 fortaffis
464 2922 499 2957 in
530 2923 682 2960 alterum
710 2934 849 2960 annum
881 2922 922 2959 fit
950 2922 1106 2970 rejectus
1129 2950 1140 2966 ,
1175 2923 1250 2959 boc
1272 2921 1322 2958 est

283 2969 510 3008 consulatum
525 2974 580 3009 M.
601 2973 745 3012 AEmilii
765 2975 895 3021 Lepidi
910 2975 1031 3019 ,&T.
1053 2973 1325 3011 StatiliiTauri.

283 3019 432 3058 Hems.
446 3018 543 3059 Vide
563 3024 618 3062 Cl.
634 3025 930 3064 Maflon.Vitam
955 3025 1084 3062 Ovidii
1098 3025 1142 3062 ad
1157 3026 1203 3062 A.
1218 3024 1264 3060 V.
1280 3024 1324 3060 C.

287 3082 449 3109 DCCLIV·
480 3074 512 3113 ὃ.
530 3088 562 3121 4.
599 3076 746 3125 Pighius
769 3077 815 3114 ad
843 3077 918 3113 An.
944 3087 1132 3113 ncccxrx.
1157 3075 1204 3113 de
1233 3075 1326 3112 Ger·

287 3123 426 3160 manici
446 3123 660 3173 Triumpho
683 3129 792 3175 capit.

345 3185 375 3211 1.
403 3179 479 3210 Huc
499 3177 666 3226 quoque]
695 3179 801 3215 Haec
820 3178 868 3215 est
889 3185 1056 3214 veterum
1076 3177 1250 3214 librorum
1273 3178 1326 3215 le-

290 3222 365 3261 estio
387 3252 398 3269 ,
433 3237 544 3273 quam
585 3228 746 3275 agnoscit
785 3230 972 3275 interpres.
1031 3228 1074 3264 In
1107 3228 1324 3275 quibusdam

627 1332 832 1399 Incluso
858 1332 1045 1388 mediis
1069 1331 1144 1386 est
1169 1329 1298 1384 mihi
1323 1346 1520 1402 pompa
1543 1328 1721 1386 Getis.

2337 1408 2420 1463 In-

1371 1502 1503 1593 qtzoqm
1523 1544 1666 1592 Gryph.
1686 1542 1753 1580 huc
1777 1543 1866 1582 mihi
1887 1543 2072 1585 Barberin.

1419 1606 1454 1630 2.
1484 1594 1665 1644 Languida
1687 1599 1803 1645 quase
1828 1610 1839 1632 t
1859 1596 1924 1633 vix
1944 1598 2044 1637 venit
2065 1608 2156 1637 aura
2177 1597 2293 1649 Noti]
2323 1598 2408 1639 Lib.
2468 1595 2470 1601 Α

1369 1657 1422 1683 1v.
1442 1645 1546 1695 Eleg.
1567 1659 1602 1684 x.

1419 1701 1475 1733 At
1503 1703 1613 1734 Notus
1626 1726 1636 1742 ‚
1667 1698 1812 1744 adverfh
1832 1699 1963 1748 tepidus
1983 1700 2044 1751 qui
2059 1700 2167 1748 spirat
2187 1701 2230 1738 ab
2247 1714 2314 1739 axe
2326 1730 2338 1747 ,

1370 1800 1402 1838 C
1475 1749 1532 1795 Est
1545 1749 1684 1799 procul,
1711 1761 1755 1790 (9¹
1778 1764 1903 1797 rarus,
1931 1752 2194 1803 languidiorque
2212 1753 2326 1790 venit.

1406 1813 1541 1838 romu.

1415 1863 1450 1897 4.
1478 1853 1571 1897 Jam
1592 1852 1709 1889 minus
1727 1853 1780 1890 hic
1800 1854 1874 1890 odio
1895 1855 1976 1905 est.]
2033 1855 2089 1902 Est
2109 1854 2206 1893 deest
2227 1854 2286 1892 sex
2308 1853 2412 1894 codi-

1366 1902 1478 1941 cibus.
1497 1904 1578 1952 jam
1597 1904 1715 1940 minus
1735 1905 1777 1952 est
1787 1905 1860 1941 odio
1877 1934 1887 1950 ‚
1904 1919 2012 1955 quam
2039 1906 2185 1952 Junian.

1418 1968 1451 2003 ς.
1481 1954 1830 2005 Aliquidserenum.]
1853 1956 2010 2006 Aliquod
2022 1957 2108 1995 Aldi
2122 1956 2267 2006 Micyll.
2279 1956 2416 1995 Bersm.·

1365 2005 1404 2042 &
1425 2005 1550 2044 minor
1570 2006 1713 2056 Gryph.
1733 2007 1853 2044 &alii
1881 2007 2244 2051 Heinsius-malebat,
2272 2007 2412 2058 aliquid

1357 2056 1470 2143 sesJei
1489 2057 1563 2096 vid.
1581 2058 1626 2097 ad
1647 2071 1674 2096 1.
1695 2058 1786 2097 Fast.
1804 2058 1895 2109 484.
1921 2061 1986 2109 qui
2007 2061 2122 2099 etiam
2133 2071 2225 2099 mox
2243 2059 2410 2108 legebat,

1364 2120 1414 2144 vlt
1433 2121 1444 2144 l
1463 2122 1526 2144 800.
1857 2128 1860 2131 ’

1417 2169 1451 2204 7.
1476 2140 1577 2196 {Velit
1597 2170 1638 2197 ut
1657 2160 1762 2205 illas?
1791 2160 1870 2198 Ulla
1893 2173 1978 2200 cum
2000 2162 2111 2202 tribus
2131 2162 2267 2210 scriptis
2281 2160 2408 2208 legen-

1365 2209 1467 2247 dum.
1498 2211 1641 2248 Herus.
1688 2212 1814 2248 Noluit
1840 2212 1905 2248 illa
1933 2213 2018 2260 Jun.
2049 2215 2088 2250 δε
2117 2212 2226 2250 Leid.
2246 2211 2305 2248 sed
2333 2210 2410 2247 ulla

1372 2261 1483 2297 etiam
1509 2261 1673 2300 Barthius
1691 2262 1788 2299 Adv.
1815 2274 1878 2299 xr..
1910 2274 1966 2300 12.
2004 2275 2049 2300 ex
2078 2262 2146 2302 suis
2173 2261 2411 2300 membranis.

1375 2322 1466 2349 mox
1481 2340 1490 2357 ,
1519 2312 1601 2349 haec
1619 2323 1738 2350 tamen
1757 2312 1816 2350 ille
1836 2313 1917 2349 dari
1934 2314 1972 2351 P.
1993 2313 2092 2351 Dan.

1427 2372 1464 2412 9.
1492 2362 1546 2399 Di
1565 2377 1695 2414 quoque
1726 2374 1766 2400 ut
1798 2376 1820 2400 a
1852 2363 2025 2414 cundia]
2071 2364 2207 2402 Barthii
2236 2362 2413 2409 codices}

1371 2411 1426 2502 l{33
1445 2424 1565 2451 tamen
1587 2425 1627 2452 ut
1649 2414 1801 2459 cunetis,
1830 2414 1934 2464 quod
1945 2415 2004 2452 ille
2016 2415 2187 2463 praefert.
2212 2424 2253 2451 ut
2274 2428 2295 2451 a
2316 2414 2411 2452 nobis

1352 2480 1355 2484 ·
1401 2473 1522 2503 utean.

1427 2527 1484 2554 12.
1511 2517 1545 2553 si
1569 2515 1711 2566 vetat.]
1742 2522 1837 2554 Vetet
1856 2516 2029 2555 meliores
2044 2545 2054 2561 ,
2081 2517 2120 2554 &
2140 2516 2250 2562 juvat
2270 2527 2339 2564 pro
2362 2516 2413 2554 ri-

1368 2577 1431 2615 gat
1453 2568 1555 2605 versu
1577 2569 1761 2616 proximo.
1790 2567 1837 2605 de
1857 2579 1935 2617 quo
1959 2567 2100 2605 dierum
2131 2567 2212 2604 Art.
2238 2567 2412 2606 Amator.

1373 2617 1432 2656 lib.
1462 2630 1493 2656 1.
1513 2618 1568 2662 Jbs.
1591 2618 1677 2664 647.
1705 2619 1851 2656 Hiems.
1880 2618 2028 2655 Laetitie
2059 2618 2202 2667 Fragm.
2223 2617 2420 2656 Boxhorn-

1429 2681 1482 2712 [4.
1511 2670 1663 2716 Crescere
1682 2669 1823 2719 lappa.]
1862 2669 2098 2713 Hafnienfis,
2119 2671 2279 2717 surgere,
2306 2668 2410 2718 quod

1373 2722 1618 2768 praeferrem,
1646 2722 1734 2769 quia
1752 2720 1798 2758 de
1835 2720 1957 2768 primo
1987 2728 2070 2757 ortu
2102 2720 2162 2756 hic
2183 2721 2309 2767 agitur.
2336 2718 2414 2765 pas-

1374 2770 1438 2808 sim
1463 2783 1553 2809 vero
1574 2773 1712 2818 crescere
1741 2773 1779 2808 ὃ(
1804 2772 1942 2819 surgere
1971 2769 2250 2808 confunduntur
2271 2781 2289 2806 a
2307 2768 2416 2807 libra·

1374 2822 1445 2860 riis.
1466 2823 1541 2860 vid.
1562 2821 1671 2871 Epist.
1693 2835 1764 2860 vir.
1785 2822 1882 2859 11.&
1903 2834 1928 2859 1.
1941 2826 2294 2860 Amor.11.11.m0x
2308 2821 2415 2866 ,sru-

1376 2873 1538 2918 e‘t'iserum
1556 2873 1632 2910 duo
1652 2873 1743 2910 libri.
1772 2873 1902 2911 Buram.

1436 2925 1488 2961 16.
1517 2931 1616 2972 Saepe
1642 2923 1857 2974 summum]
1913 2929 2091 2961 Fruamur
2117 2923 2206 2961 duo.
2243 2919 2417 2959 Heinsius

1380 2975 1494 3014 etiam
1519 2975 1702 3018 malebat,
1731 2984 1858 3023 nempe.

1438 3045 1496 3082 17.
1525 3038 1709 3081 Caesareae
1729 3033 1894 3083 mentia]
1951 3034 2072 3070 Gentis
2101 3033 2245 3070 videtur
2266 3031 2422 3070 scriben-

1382 3086 1470 3124 dum
1489 3115 1499 3130 ‚
1529 3098 1615 3123 cum
1638 3086 1896 3135 subjungatur,
1921 3085 2059 3133 privati
2078 3083 2130 3119 nil
2152 3082 2253 3119 habet
2274 3083 2340 3119 illa
2361 3083 2423 3120 a'o·

1384 3151 1474 3175 mus.
1503 3138 1673 3185 Caesarea
1694 3151 1798 3185 gens,
1825 3134 2045 3183 quomodo,
2071 3147 2150 3180 gens
2172 3135 2322 3178 Flavia,
2344 3147 2424 3182 gens

1385 3188 1562 3232 Claudia,
1587 3202 1665 3235 gens
1685 3186 1847 3224 Ajmilia.
1876 3185 2017 3221 Herus.
2045 3186 2164 3220 Gentis
2183 3196 2334 3233 quoque
2347 3195 2426 3222 ma-

1384 3239 1480 3276 lebat
1503 3239 1688 3280 Barthius;
1717 3238 1755 3273 in
1779 3234 2000 3272 membranis
2029 3247 2119 3272 vero
2139 3238 2215 3284 ejus
2239 3236 2285 3272 est
2301 3263 2310 3278 ‚
2339 3240 2428 3271 Cae·

291 3283 415 3313 autem
438 3276 590 3326 vulgatis
612 3279 707 3317 male
726 3278 825 3317 aliter
837 3279 978 3327 legitur.
1006 3278 1176 3319 Cretan.
1224 3285 1329 3317 Nunc
1381 3290 1500 3339 sanae
1523 3289 1639 3327 viai„
1661 3299 1743 3336 gens
1777 3285 1816 3324 ὃ(
1843 3298 1937 3323 mens
1964 3284 2069 3335 saepe
2088 3293 2328 3336 permutatae.
2351 3283 2428 3323 vid.

2383 3333 2427 3371 ad
