2495 3675
1243 4 1267 13 a

252 188 355 245 268

411 392 516 445 440

779 186 840 243 P.
895 182 1326 243 *ovinrr
1396 156 1933 241 NAso-Nis

551 299 699 366 Has,
735 300 1077 373 Hyacinthe,
1121 314 1297 356 tenes:
1340 299 1475 362 illas,
1515 298 1832 362 Amatam,
1868 301 2116 356 moraris:

627 375 753 429 Pars
791 376 1000 446 thyma,
1035 373 1404 445 pars'casiarn,
1433 389 1548 444 pars
1574 371 1854 425 meliloton
1877 388 2069 428 amant.

558 447 791 503 Plurima
815 447 946 502 lecta
970 447 1082 500 rosa
1107 445 1211 508 est;
1255 446 1310 499 &
1337 446 1453 500 sunt
1478 444 1582 498 fine
1606 444 1824 498 nomine
1849 442 2026 498 flores.

631 520 741 592 Ipsa
766 536 955 574 crocos
980 531 1167 572 tenues
1207 519 1415 591 liliaque
1440 517 1553 571 alba
1579 517 1724 588 legit.

562 591 838 663 Can-pendi
863 589 1036 644 studio
1062 591 1328 662 paullatim
1352 592 1562 661 longius
1589 590 1722 644 itur:

641 666 712 719 Et
738 663 1012 717 dominam
1037 662 1156 717 casu
1183 663 1320 716 nulla
1347 663 1522 716 secuta
1546 679 1744 716 comes,

418 758 520 808 445
560 736 721 792 Hanc
748 734 926 800 videt,
966 736 1022 789 <Sc
1046 735 1204 789 visam
1232 749 1449 807 patruus
1474 734 1732 788 velociter
1761 735 1982 798 aufertg>

641 810 939 881 Regnaque
966 808 1220 862 caeruleis
1245 807 1409 861 in-sua
1433 818 1610 877 portat
1635 806 1800 877 equiS.

570 881 656 937 Illa
693 881 915 952 quidem
942 880 1228 944 clamabat,
1267 880 1354 950 Io,
1393 877 1651 932 carissima
1675 892 1872 944 mater,

643 951 896 1007 Auferor.
935 952 1039 1023 ipsa
1065 953 1182 1006 suos
1207 951 1606 1023 abscideratque
1630 950 1779 1006 finus,

569 1026 827 1081 Panditur
852 1026 1054 1079 interea
1078 1025 1194 1078 Diti
1223 1025 1331 1079 via:
1365 1023 1581 1095 jamque
1608 1022 1860 1080 diurnum

427 1119 529 1171 450

638 1100 852 1153 Lumen
877 1097 1135 1152 inadsueti
1161 1098 1249 1154 vix
1272 1099 1545 1168 patiuntur
1572 1097 1713 1169 equi.

571 1173 648 1227 At
674 1171 867 1224 chorus
891 1171 1120 1241 aequalis
1137 1209 1152 1232 ‚
1190 1169 1467 1224 cumulatis
1495 1168 1630 1223 flore
1657 1169 1916 1234 canistris2

649 1243 1023 1313 Persephone,
1059 1244 1317 1304 clamant,
1353 1241 1418 1294 ad
1450 1253 1539 1294 tua
1566 1241 1873 1296 donaveni.

576 1316 653 1372 Ut
680 1317 897 1369 clamata
929 1315 1068 1377 silet,
1106 1327 1317 1369 montes
1343 1312 1625 1368 ululatibus
1653 1314 1927 1384 implent32

647 1388 718 1443 Et
745 1387 941 1444 feriunt
970 1387 1198 1443 moestae
1221 1385 1438 1461 peffioea
1461 1384 1603 1441 nuda
1628 1402 1828 1441 manus,

339 1618 424 1659 437.
455 1606 519 1644 Illa
539 1605 617 1656 legit
638 1600 814 1651 calthas.'l
852 1601 1025 1641 Caltham
1044 1603 1193 1642 Gloffae
1217 1615 1334 1652 expo-

288 1670 382 1700 nunt
399 1660 638 1705 βοίφθαιλμσν.
680 1657 731 1692 At
752 1653 886 1690 Plinius
907 1654 1002 1692 hanc
1029 1653 1047 1691 ὲ
1071 1655 1336 1703 buphthalmo,

290 1713 328 1750 &
350 1712 466 1754 bene,
494 1708 734 1747 discriminat:
760 1715 844 1742 nani
863 1704 949 1742 licet
968 1705 1154 1743 fintflores
1176 1705 1251 1744 fere
1274 1718 1338 1743 co-

288 1762 368 1800 lore
391 1761 525 1798 similes
540 1787 549 1803 ,
578 1770 656 1796 non
678 1766 803 1793 tamen
833 1753 959 1792 iidem.
1014 1756 1183 1794 Caltham
1204 1757 1265 1794 ille
1286 1758 1339 1794 fa-

291 1813 341 1849 cit
363 1812 484 1849 violae
519 1810 680 1847 marinae
711 1804 951 1842 concolorem
975 1834 985 1850 ‚
1021 1805 1080 1843 sed
1101 1807 1338 1856 amplioribus

290 1862 400 1900 foliis.
437 1862 500 1897 Seii
523 1859 649 1903 sativis
671 1885 680 1900 ‚
717 1855 862 1903 inquit,
889 1856 1050 1893 maxima
1077 1858 1266 1895 auctoritas
1284 1857 1340 1894 lu-

292 1914 365 1950 teis.
393 1917 524 1948 Genera
547 1911 589 1946 iis
611 1907 827 1956 Tusculana,
856 1917 898 1946 ω’
920 1920 1009 1954 quae
1027 1909 1169 1945 marina
1188 1909 1335 1957 appella.-

292 1973 376 2006 tur,
393 1962 478 2009 folio
504 1961 687 2010 aliquanto
711 1957 855 2000 latiore,
874 1956 938 2005 sed
966 1957 1084 1994 minus
1113 1959 1268 1995 odorato:
1297 1960 1336 1996 in

295 2024 407 2050 totum
430 2026 510 2049 vero
532 2011 608 2061 fine
643 2009 737 2046 odore
773 2007 975 2056 minutoque
998 2008 1084 2055 solio
1107 2009 1336 2054 calathiana,

295 2077 423 2102 munus
441 2062 607 2099 autumni
621 2088 630 2102 .
659 2070 784 2096 ceterae
804 2058 906 2095 veris.
935 2059 1102 2095 Proxima
1119 2060 1149 2096 et'
1166 2059 1282 2096 caltha
1295 2060 1337 2107 est

294 2114 453 2151 concolori
471 2110 724 2161 amplitudine.-
755 2108 869 2144 vincit
889 2122 1031 2145 numero
1038 2110 1208 2154 foliorum
1227 2111 1340 2149 mari-

296 2178 402 2209 nam,
429 2165 580 2213 quinque
603 2174 671 2198 non
689 2159 917 2197 excedentem.
945 2160 1073 2198 ΝΕΑΡ.

345 2246 431 2285 439.
457 2230 695 2280 Amaranto]
729 2229 878 2278 Narciffe
897 2231 1005 2278 prim.
1023 2230 1154 2269 Ambr.
1172 2233 1210 2271 δε
1223 2231 1342 2271 Laeti.

346 2312 431 2346 440.
461 2304 550 2334 Pars
575 2296 699 2344 thyma
722 2323 732 2339 ,
771 2302 852 2342 pars
877 2307 986 2331 rorem
1008 2322 1018 2338 ,
1061 2304 1141 2341 pars
1169 2297 1344 2335 meliloton

298 2348 464 2397 amant.]
495 2355 582 2385 Pars
604 2344 730 2395 castam
749 2345 844 2383 bene
863 2345 1025 2392 optimus
1046 2345 1170 2384 Urfini
1189 2348 1279 2386 liber
1301 2350 1341 2387 ὅτ

299 2401 563 2450 Naugerianus.
591 2408 659 2435 tres
688 2396 745 2433 alii
768 2424 778 2440 ‚
811 2405 960 2445 parsque
986 2396 1087 2444 rosas.
1108 2398 1237 2444 multi,
1260 2409 1343 2447 pars

297 2466 397 2490 rores.
435 2451 603 2488 Strozzae
635 2447 754 2485 codex
777 2474 787 2490 ,
823 2456 901 2495 pars
928 2459 1064 2482 crorem.
1105 2447 1193 2486 alius
1217 2477 1228 2494 ,
1263 2459 1343 2496 pars

297 2502 420 2541 violas.
449 2500 644 2549 conjunxit
665 2499 701 2535 in
723 2497 915 2546 Georgicis
935 2497 1111 2546 thymum
1139 2499 1183 2538 δε·
1210 2499 1341 2539 casiam

297 2564 450 2605 quoque
467 2551 641 2599 Virgilius
653 2576 664 2594 2

350 2638 451 2648 —-
477 2617 540 2667 ipse
559 2616 722 2665 thymum
745 2613 938 2664 casiamque
957 2615 1144 2663 ministr-an

302 2685 339 2723 in
359 2681 538 2720 Bucolicis
558 2678 656 2716 idem
674 2704 684 2721 ,

357 2751 386 2782 T
385 2761 443 2782 um
466 2743 554 2794 cnsili
574 2753 678 2791 atque
697 2738 776 2778 aliis
796 2738 951 2776 intexens
964 2738 1139 2788 suavibus
1158 2738 1282 2780 herbis.

306 2810 347 2847 ln
371 2810 443 2846 Ciri
459 2837 468 2852 2

361 2874 556 2922 Narcffim
575 2874 765 2923 castamque
785 2870 908 2908 herbas
926 2870 1081 2908 incendit
1099 2871 1232 2910 olentes.

307 2936 436 2985 quibus
453 2936 540 2972 locis
561 2936 668 2973 herba
683 2933 768 2982 casta
780 2932 982 2981 designatur
997 2960 1005 2974 ,
1017 2944 1126 2981 quam
1144 2933 1248 2969 multi
1261 2944 1346 2972 cum

311 2984 397 3033 casta
420 2986 573 3021 Arabiae
597 2987 723 3021 frutice
746 2984 990 3020 confundunt.
1019 2995 1104 3019 eum
1129 2995 1287 3021 errorem
1310 2986 1348 3022 &

312 3036 453 3074 Servius
473 3035 515 3072 ad
538 3037 732 3072 >Aaronem
762 3046 837 3070 non
859 3034 968 3070 semel
992 3034 1133 3070 erravit.
1164 3035 1308 3072 Hfims.

360 3116 443 3150 441.
478 3109 562 3140 sum
584 3113 625 3140 cf
646 3101 712 3147 fine
730 3100 866 3135 nomine
880 3099 1017 3149 flores-‚J
1067 3102 1215 3148 Ecsunt
1230 3102 1349 3151 scripti

311 3157 486 3206 potiores.
513 3155 604 3190 l-'uto
627 3150 871 3189 scribendum:

363 3218 525 3256 Plurima
547 3216 631 3252 tetra
651 3217 723 3263 rosa
741 3213 806 3260 est,
835 3212 910 3249 lecti
921 3212 996 3261 stne
1014 3212 1149 3250 nomine
1167 3213 1273 3261 flores.

314 3287 357 3325 τὸ
391 3287 466 3329 lecti
497 3284 677 3322 exciderat
713 3279 931 3330 negligentia
960 3279 1186 3320 librariorum
1210 3309 1221 3328 ‚
1264 3282 1349 3331 quia

313 3338 401 3376 {effla
418 3334 661 3388 praecesserat.
690 3334 831 3373 fimas.

2332 1471 2435 1524 At-¹

1418 1614 1526 1692 ⁶342·
1554 1600 1711 1653 Liliaque
1727 1600 1809 1640 alba
1827 1601 1944 1653 legit.]
1975 1602 2197 1644 Claudianus
2209 1604 2246 1642 in
2257 1604 2379 1655 Raptu
2390 1605 2436 1645 de
2457 1621 2461 1624 ·

1393 1666 1435 1692 ea
1463 1665 1542 1692 em:

1394 1770 1431 1808 N
1446 1737 1546 1746 ——
1573 1722 1618 1755 Et
1638 1726 1701 1755 aut
1720 1716 1832 1755 violas
1852 1728 1917 1756 aut
1936 1718 2088 1756 candida
2107 1719 2185 1758 lilia
2203 1719 2326 1771 carpit.

1437 1780 1573 1807 aanor.

1447 1850 1529 1885 447.
1558 1843 1615 1885 J'o',
1635 1837 1804 1887 cariffima
1823 1840 1965 1891 maten]
1996 1845 2033 1879 1'0'
2047 1870 2056 1886 ‚
2078 1843 2279 1892 comitesque
2284 1851 2443 1892 parentes
2460 1863 2465 1873 =

1395 1889 1537 1929 Moreti
1554 1890 1743 1929 secundus.
1765 1890 1895 1927 clamat
1909 1920 1919 1937 ‚
1942 1894 2023 1941 jam
2035 1894 2115 1943 jam
2137 1907 2165 1933 c.
2193 1894 2331 1932 tertius.
2371 1894 2442 1942 claff

1391 1950 1468 1977 mat
1490 1947 1544 1987 Io,
1574 1946 1608 1978 J'o'
1623 1970 1632 1986 ‚
1653 1956 1680 1979 c.
1704 1955 1751 1979 m.
1780 1942 1986 1982 Voffianus.

1441 1992 1524 2038 448.
1552 1991 1830 2042 Abscideratque
1849 1991 1988 2044 finus.]
2036 1994 2304 2046 Exscideratqtee
2333 1996 2439 2036 multi

1393 2049 1576 2081 veterum.
1605 2043 1737 2091 Virgil.
1763 2043 1824 2081 lib.
1842 2054 1878 2081 v.
1898 2045 1982 2093 685.

1448 2119 1535 2151 Tum
1551 2114 1627 2162 pius
1646 2119 1776 2150 AEneas
1793 2112 1947 2151 humeris
1964 2112 2154 2163 exscindere
2169 2113 2292 2161 vestes,

1447 2164 1663 2214 Auxilioque
1681 2177 1804 2201 vocare
1825 2163 1926 2200 deos„

1396 2229 1445 2266 ita
1477 2228 1729 2268 vetustissimus
1757 2226 1964 2266 Mediceus‚
1998 2226 2186 2276 discindere
2212 2227 2303 2267 dixit
2336 2229 2441 2270 Silius
2467 2257 2470 2260 -

1399 2279 1542 2319 Italicus
1561 2279 1653 2316 libro
1677 2290 1756 2316 xv1.

1446 2353 1630 2387 Auratam
1649 2346 1758 2385 medio
1779 2346 1942 2395 disct'ndit
1957 2349 2086 2397 pel-'lore
2106 2349 2243 2398 vestem.

1399 2413 1438 2451 &
1460 2411 1508 2450 fic
1527 2411 1726 2449 Terentius
1755 2410 1792 2446 in
1815 2408 1990 2457 Adelphis
2008 2439 2018 2454 ,
2048 2411 2172 2458 Vestem
2195 2413 2359 2462 discidit?
2385 2429 2437 2454 re.

1392 2463 1572 2512 sarcietur.
1601 2460 1779 2509 Apulejus
1798 2459 1858 2497 lib.
1878 2471 1923 2498 11.
1952 2462 2046 2499 Met.
2065 2462 2226 2500 calcibus
2249 2464 2439 2513 infitltare3
2467 2498 2469 2501 .

1399 2513 1535 2562 capillos
1555 2511 1762 2559 distrahere,
1789 2510 1892 2559 vestes
1921 2511 2120 2560 discindere.
2157 2515 2268 2553 Maro
2288 2514 2437 2556 AEneid:
2464 2547 2469 2550 .

1398 2576 1485 2603 xrr.

1451 2622 1639 2665 Purpureos
1658 2613 1831 2652 moritura
1853 2627 1964 2652 manu
1984 2613 2148 2662 discindit
2166 2614 2324 2653 amiHus.

1399 2667 1542 2704 Hzst.
1569 2665 1838 2714 Abstuleratque
1863 2666 1971 2713 prim.
1993 2665 2161 2702 Ambros.

1449 2727 1534 2763 449.
1572 2721 1737 2763 Namque
1775 2715 1981 2764 diurnum]
2007 2717 2131 2762 Lege,
2153 2714 2320 2765 jamque,
2352 2728 2438 2758 cum

1399 2778 1476 2804 uno
1497 2777 1597 2803 meo.
1625 2766 1767 2803 Hiems.

1448 2829 1536 2864 450.
1562 2822 1642 2852 Non
1659 2817 1845 2865 patiuntur
1863 2813 1978 2865 εμὲ]
2001 2813 2156 2853 Ἠείἂίυε
2180 2823 2283 2854 vetus
2303 2819 2439 2866 <:0dex‚¹
2465 2852 2467 2854 .

1402 2867 1468 2905 vix
1482 2867 1680 2917 patiuntur.
1707 2867 1883 2904 Numi..

1453 2931 1537 2966 45¹-
1562 2922 1617 2954 At
1637 2917 1755 2954 chorus
1772 2915 1938 2964 aequalis.
1959 2913 1975 2962 ]
2005 2914 2106 2953 Facit
2124 2916 2358 2967 Proserpinae
2374 2926 2438 2967 co-g'
2460 2942 2464 2946 ·

1402 2970 1510 3006 mites
1527 2967 1693 3016 ejusdem
1717 2964 1793 3002 fere
1811 2967 1947 3003 aetatis.
1966 2965 2142 3004 NEAPOL.

1454 3031 1537 3064 451.
1564 3015 1766 3054 (tumulatis
1788 3014 1866 3059 flore
1888 3016 2081 3064 canistris.]
2111 3017 2254 3057 Ursini:
2284 3020 2440 3058 cumulas

1404 3080 1438 3107 to
1452 3068 1539 3119 flore
1555 3066 1741 3112 ministrae.
1778 3068 1884 3103 Unus
1903 3067 2022 3104 Vatic0
2044 3068 2220 3105 cumulato
2238 3069 2318 3113 flore
2336 3071 2440 3109 mini-

1398 3121 1475 3168 stri.
1514 3119 1573 3157 alii
1603 3118 1740 3165 septem
1772 3117 1936 3173 ejusdem
1968 3117 2216 3157 Bibliothecae
2245 3122 2282 3158 &
2319 3122 2442 3168 Statii,
2488 3149 2493 3153 ν

1406 3170 1603 3208 cumulatae
1630 3167 1713 3217 flore
1741 3168 1925 3214 ministrae.
1960 3169 2074 3216 magis
2102 3170 2230 3217 placet.
2269 3172 2466 3210 Cronium

1407 3222 1527 3260 Scribe
1549 3231 1633 3258 cum
1654 3229 1742 3255 meo
1763 3218 1855 3256 libro
1870 3246 1879 3262 ,
1909 3218 2107 3256 cumulatae
2121 3236 2131 3256 .·
2162 3233 2232 3258 nec
2253 3222 2335 3260 sane
2352 3223 2458 3271 sperz,

1405 3272 1544 3311 nendus
1572 3270 1660 3307 alter
1680 3297 1690 3313 ,
1729 3271 1765 3305 in
1795 3281 1872 3317 quo
1895 3297 1906 3314 ,
1928 3270 2135 3309 tcumulatis
2166 3271 2252 3321 flore
2282 3273 2444 3318 canistris»

1404 3325 1580 3367 Nuper..
1642 3318 1843 3359 cumulatis
1873 3320 2027 3370 canistris
2062 3321 2201 3370 ¹primae
2239 3323 2469 3410 editiondcs²⁴

2324 3384 2367 3411 co
2394 3382 2470 3411 ex«
