2495 3675
243 177 345 249 396
655 168 1891 259 ,ROVIDII'NAASONIS

548 268 670 325 Sola
694 272 838 343 prius
864 273 1028 328 furnis
1053 273 1326 327 torrebant
1351 272 1489 326 farra
1514 271 1726 334 coloni;

629 343 702 396 Et
730 345 1003 399 Fornacali
1031 344 1148 399 sunt
1174 345 1261 400 sua
1285 344 1427 399 sacra
1451 344 1619 400 Deae.

417 432 512 483 315
552 414 890 488 Suppofitum
916 417 1082 471 cineri
1105 434 1297 490 panem
1331 417 1484 472 focus
1513 417 1620 489 ipse
1648 416 1896 490 parabat;

637 490 917 562 Strataque
940 504 1051 544 erat
1076 491 1263 562 tepido
1289 492 1468 562 tegula
1494 488 1669 563 quaffa
1694 490 1823 545 solo,

561 561 691 618 Inde
716 562 899 617 focum
924 563 1092 616 servat
1116 562 1305 634 pistor,
1343 563 1727 636 dominamque
1755 564 2033 626 focorum,

637 635 708 687 Et
734 653 872 707 quae
894 635 1167 705 pumiceas
1193 634 1361 691 versat
1386 636 1533 690 asella
1555 638 1737 690 molas,

566 708 932 770 praeteream,
969 707 1266 763 referamne
1290 722 1468 772 tuum,
1504 708 1803 764 rubicunde
1829 709 2051 782 Priape,

428 799 530 844 320
641 780 926 835 Dedecus?
967 780 1041 835 est
1069 782 1223 836 multi
1248 781 1418 835 fabula
1445 782 1598 852 plena
1619 780 1744 851 joci.
2079 805 2082 810 ·

566 852 861 929 Turrigera
888 854 1125 909 frontem
1151 853 1356 926 Cybele
1382 853 1630 908 redimita
1657 855 1860 910 corona

643 926 929 981 Convocat
951 940 1193 981 aeternos
1221 926 1285 980 ad
1313 926 1400 982 sua
1426 926 1552 981 festa
1575 927 1739 982 Deos,

574 999 858 1054 Convocat
886 999 939 1054 &
968 998 1210 1071 Satyros,
1249 1000 1304 1053 &
1327 1038 1343 1063 ,
1381 997 1570 1053 rustica
1597 1001 1838 1065 numina,
1879 999 2170 1073 Nymphas,

648 1071 884 1135 Silenus,
926 1073 1167 1144 quamvis
1192 1089 1355 1126 nemo
1381 1085 1624 1137 vocarat,
1662 1071 1821 1127 adest.

434 1164 532 1214 325
569 1144 686 1200 Nec
713 1144 869 1207 licet,
911 1143 967 1198 δε
995 1145 1216 1217 longum
1243 1144 1318 1199 est
1345 1145 1520 1215 epulas
1548 1163 1757 1201 narrare
1783 1146 2058 1202 Deorum:

643 1217 700 1271 In
741 1218 911 1271 multo
947 1234 1057 1271 nox
1084 1217 1158 1270 est
1183 1218 1495 1288 pervigilata
1518 1234 1687 1271 mero.

580 1288 662 1345 Hi
689 1304 892 1344 temere
920 1289 1163 1344 errabant
1189 1291 1243 1343 in
1270 1306 1468 1360 opacae
1493 1289 1708 1345 vallibus
1734 1289 1881 1347 Idae:

652 1361 777 1417 Pars
795 1362 964 1434 jacet,
1003 1362 1058 1417 &
1083 1362 1230 1418 molli
1254 1362 1493 1435 gramine
1519 1363 1758 1418 membra
1782 1364 1939 1420 levat.

290 1605 400 1686 vera,
426 1627 534 1717 libstx.
558 1636 642 1677 537.
671 1625 807 1675 Nostros
825 1625 995 1677 deflendit
1015 1625 1052 1665 in
1063 1638 1194 1670 annos,
1222 1626 1342 1666 vindi-

292 1691 365 1718 cari
383 1688 470 1728 pote
505 1707 512 1716 .

330 1754 435 1793 -3ro.
460 1749 556 1780 Pura
572 1742 745 1793 patene]
783 1743 920 1781 Purum
948 1755 1065 1781 omne
1092 1751 1218 1791 aptum
1238 1742 1343 1780 sacri·

295 1795 407 1833 ficiis:
438 1794 497 1832 sed
518 1806 625 1838 vere,
655 1806 785 1842 purum
816 1795 880 1832 hic
909 1795 1000 1832 nihil
1026 1795 1123 1833 aliud
1145 1805 1257 1844 quam
1279 1793 1343 1831 de-

296 1845 443 1884 tersum.
470 1844 607 1882 Perfius
628 1844 753 1894 Satyra
772 1857 837 1883 111.

604 1912 738 1944 Puram
760 1917 804 1947 ες·
822 1906 892 1956 fine
906 1906 981 1944 labe
994 1906 1167 1956 salinum.

299 1973 448 2012 Plautus
467 1975 505 2012 in
534 1974 674 2022 Amph.
696 1973 794 2012 Actu
819 1986 873 2013 1v.
892 1973 1008 2012 Scenfi
1027 1987 1092 2013 111.

351 2043 404 2076 Tu
427 2039 571 2088 purgari
595 2039 739 2089 jufferas
765 2041 878 2091 ’να-βε,
905 2050 946 2078 ut
975 2054 1046 2079 rem
1068 2040 1233 2079 divinam
1250 2040 1346 2088 face-

481 2104 546 2128 ''85-

303 2153 343 2192 δε
362 2154 398 2191 in
419 2153 628 2202 Captiveis:

359 2215 446 2259 Vasa
467 2214 532 2251 tibi
547 2223 639 2263 pura
661 2213 858 2265 appararier
879 2215 929 2252 ad
947 2230 1019 2255 rem
1037 2217 1202 2255 divinam
1225 2217 1303 2255 cito.

305 2271 411 2309 Hinc
433 2270 583 2309 verbum
601 2281 750 2321 parare,
779 2285 845 2322 pro
865 2285 1040 2322 purgare,
1068 2274 1194 2322 paffirn
1218 2275 1356 2312 Varro-

307 2322 346 2359 ni
368 2323 407 2359 &
424 2322 560 2360 Catoni
583 2322 766 2361 usitatum.
796 2324 919 2361 Nem.
947 2325 1042 2362 Tres
1053 2324 1223 2362 Vaticani
1239 2353 1249 2369 ,
1276 2338 1353 2361 cur-

308 2385 372 2411 va.
389 2383 436 2410 an
459 2382 588 2411 curta?
613 2373 658 2411 de
678 2386 755 2423 quo
775 2374 838 2413 lib.
858 2387 902 2413 11.
921 2374 1011 2412 Fast.
1029 2374 1083 2419 irs.
1101 2376 1185 2423 645.
1211 2374 1271 2413 sed
1291 2374 1355 2412 be-

308 2433 358 2460 ne
393 2424 580 2472 vulgatam
626 2424 828 2462 lectionem
869 2427 1125 2474 interpretatur
1166 2425 1354 2474 Neapolis.

311 2473 460 2512 Hmus.
499 2480 622 2511 Parva
645 2475 785 2513 Medic.
808 2482 870 2512 Fer
884 2476 987 2526 jussos
1006 2475 1095 2514 duo.

365 2548 407 2586 31
420 2549 449 2575 r.
475 2538 584 2576 Panis
604 2539 767 2585 dependet
785 2541 929 2591 asellis]
960 2542 1003 2581 In
1025 2543 1209 2581 honorem
1222 2542 1356 2581 Vestae

310 2587 386 2624 hoc
406 2597 576 2636 ternpore
598 2590 682 2628 asini
707 2591 886 2631 molitorii
914 2593 1185 2633 coronabantur
1204 2593 1225 2631 a
1247 2594 1357 2643 pillo-

311 2639 420 2675 ribus.
449 2639 548 2677 Inter
570 2639 703 2679 cauffas
726 2643 888 2680 recenset
908 2643 1107 2681 fabulosam
1130 2645 1329 2692 quamdam
1346 2671 1357 2688 ,

311 2698 406 2734 quae
437 2690 533 2737 apud
555 2690 789 2730 Lactantium
814 2704 967 2742 quoque
998 2693 1109 2731 exstat
1135 2695 1191 2731 his
1218 2694 1357 2732 verbis:

315 2741 536 2785 Lampsaceni
552 2741 696 2790 aſsellam
717 2744 840 2791 Priapo
859 2741 957 2791 quasi
976 2742 1014 2779 in
1029 2743 1193 2780 ultionem
1206 2746 1360 2780 maflare

317 2790 587 2833 consueverunt.-
617 2805 694 2828 cum
720 2792 812 2829 enim
841 2792 897 2829 hic
921 2798 1015 2829 Deus
1038 2792 1149 2840 Vestae
1172 2794 1360 2831 dormienti

319 2837 397 2871 vim
417 2838 541 2883 inferre
567 2852 747 2879 conaretur
771 2871 781 2885 ,
818 2841 933 2892 asinus
962 2844 1194 2893 intempestivo
1213 2845 1360 2881 clamore

319 2898 397 2922 eam
413 2889 593 2926 excitavit.
622 2892 713 2928 Hinc
733 2893 835 2929 libido
848 2892 1056 2942 infidiatoris
1079 2895 1220 2933 detecia.
1250 2895 1360 2944 Apud

321 2941 490 2992 Romanos
507 2941 661 2976 eumdem
672 2943 815 2990 asellum
831 2944 1012 2989 Vestalibus
1025 2946 1136 2991 sacris
1153 2946 1188 2982 in
1202 2945 1361 2984 honorem

318 2986 505 3042 pudicitiae
527 2991 744 3036 conservatae
762 2994 910 3041 panibus
932 3007 1106 3033 coronant.
1142 2996 1257 3044 Quod
1280 2999 1363 3034 atti-

320 3036 449 3074 netad
480 3040 636 3092 torm-am
661 3042 785 3087 panis,
815 3055 910 3090 quae
939 3045 1090 3083 asinario
1120 3047 1218 3084 collo
1241 3048 1365 3094 impo-

322 3086 475 3124 nebatur
491 3114 501 3130 ,
522 3099 556 3124 1n
572 3089 725 3126 modum
749 3102 909 3129 coronae
928 3093 1030 3131 fuille
1049 3097 1215 3134 existimo
1228 3113 1239 3142 ;
1253 3097 1367 3135 veluti

324 3137 416 3173 olim
435 3136 610 3175 distribuit
630 3140 768 3187 populo
799 3142 974 3180 Romano
998 3145 1213 3185 Aurelianus
1245 3148 1366 3196 Impe-

323 3195 444 3230 rator,
474 3196 511 3224 ut
539 3188 685 3226 testatur
716 3190 859 3230 Flavius
886 3193 1084 3241 Vopiscus:
1115 3203 1193 3233 Non
1215 3207 1369 3247 praeter·

322 3237 535 3274 mittendum
557 3239 698 3276 videtur
711 3268 721 3284 ‚
748 3254 884 3278 coronas
915 3257 992 3279 eum
1012 3245 1123 3292 fecisse
1144 3248 1183 3284 de
1195 3249 1368 3297 panibus,

324 3288 384 3337 qui
415 3300 507 3326 nuuc
528 3287 678 3340 filrginei
703 3303 875 3330 vocantur
895 3321 906 3340 ‚
941 3306 984 3336 (ρ’
1002 3293 1147 3346 fingulis
1176 3300 1366 3350 quibusque

1398 1626 1532 1676 donaffe
1543 1641 1554 1670 ;
1577 1626 1630 1664 ita
1647 1636 1687 1665 ut
1698 1625 1896 1677 siligineum
1907 1628 2016 1679 ficum
2035 1628 2186 1680 quotidie
2206 1637 2275 1666 toto
2295 1641 2380 1667 aevo
2384 1629 2421 1680 f
2424 1638 2436 1682 ξ
2459 1612 2471 1663 's

1398 1689 1443 1718 ω’
1463 1678 1696 1727 unusquisque
1715 1680 1870 1729 reciperet
1891 1707 1901 1724 ,
1937 1690 1981 1720 <9-
1999 1680 2131 1729 posteris
2146 1680 2220 1728 suis
2247 1680 2420 1718 dimittere
2433 1705 2439 1714 ,-

1399 1730 1484 1768 Hae
1505 1740 1666 1767 coronae
1688 1729 1899 1779 sunt,quae
1920 1731 2435 1775 Valentinianus&Valensi
2465 1726 2473 1766 .”·

1400 1779 1505 1828 Lege
1527 1791 1563 1818 v,
1590 1780 1741 1818 Codicis
1771 1780 2027 1820 Theodofiani
2060 1783 2119 1820 De
2151 1783 2308 1821 annonis
2328 1783 2398 1821 civi

1400 1830 1439 1868 δε
1462 1841 1555 1878 pane
1585 1830 1712 1879 gradili
1748 1840 1885 1870 vocant
1912 1832 2089 1870 buccellas.
2120 1831 2243 1877 ψωμίοι
2267 1833 2342 1871 hoc
2369 1843 2414 1872 ve
2435 1822 2474 1869 {3¹

1401 1882 1489 1919 bum
1514 1882 1655 1919 Graece
1674 1882 1793 1921 reddit
1816 1882 2075 1922 Constantinus
2099 1880 2442 1934 Porphyrogenitu·
2465 1880 2474 1907 ·“

1403 1932 1479 1969 Soli
1502 1931 1611 1970 Siculi
1642 1933 1737 1970 hanc
1767 1945 1903 1972 vocem
1925 1933 2040 1973 hodie
2073 1936 2259 1978 retinent,
2287 1935 2351 1984 qui

1402 1981 1506 2020 terna
1532 1982 1656 2032 lingua
1694 1984 1910 2032 hujusmodi
1937 1997 2048 2033 panes
2079 1985 2206 2024 dicunt
2241 1984 2474 2028 buccellam-1

1406 2032 1598 2072 Castellani
1633 2044 1770 2091 vocant
1813 2035 2004 2086 rosquillas.
2056 2038 2149 2086 Quo
2175 2037 2476 2093 nomine-apuu*

1407 2096 1490 2123 eam
1510 2093 1661 2133 gentem
1684 2085 1896 2136 intelligitur
1916 2087 1955 2124 δε
1978 2087 2130 2126 circulus
2151 2086 2172 2124 ὲ
2190 2097 2314 2134 panno
2336 2098 2373 2124 in
2387 2098 2433 2124 co
2447 2090 2452 2097 “
2477 2108 2480 2109 ⁷

1407 2146 1522 2174 ronae
1542 2135 1699 2174 modum
1721 2145 1861 2184 aptatus
1879 2137 2069 2185 epomidi,
2096 2148 2207 2187 quarn
2228 2135 2367 2185 gestant
2379 2136 2439 2175 col

1407 2186 1590 2234 Iegiorum
1612 2186 1761 2223 alumni.
1791 2187 1922 2224 Redeo
1941 2187 1986 2224 ad
1999 2199 2127 2225 meum
2149 2186 2461 2245 conjectaneumffi
2485 2192 2488 2205 ¹

1407 2235 1511 2285 quod
1531 2247 1620 2273 cave
1648 2245 1754 2283 putes
1773 2235 1793 2273 ὲ
1811 2238 1959 2274 cortinis
1969 2237 2165 2277 Phoebeis.
2195 2238 2345 2275 Mentio
2356 2239 2487 2287 quo-{m

1408 2298 1483 2336 que
1503 2285 1600 2334 apud
1623 2286 1903 2334 Aristophanem
1938 2288 1975 2325 in
2004 2288 2112 2326 Pluto
2139 2287 2283 2326 alterius
2306 2287 2326 2326 ὲ
2351 2286 2472 2337 pani-3³

1408 2337 1474 2375 bus
1493 2347 1653 2374 coronae
1684 2364 1695 2380 ‚
1723 2337 1820 2375 forte
1841 2338 1895 2375 his
1926 2337 2049 2376 multis
2067 2337 2131 2376 filo
2152 2339 2341 2385 perforatis
2362 2349 2460 2383 con-³,

1409 2395 1544 2426 textae.
1563 2386 1611 2425 fic
1629 2386 1709 2425 infit
1727 2387 1908 2436 quaedam
1929 2388 2001 2433 ibi,
2027 2400 2123 2438 quae
2143 2388 2350 2429 inducitur:
2470 2389 2471 2393 ’

1688 2453 1811 2500 Κάγῶ
1827 2454 1863 2500 ’γ’
1883 2452 2049 2497 auxeio-us
2071 2452 2223 2504 βέλομοιι

1465 2506 1665 2557 Εὗαγγέλιοέ
1686 2508 1717 2547 o-'
1737 2509 1773 2546 οἷν
1794 2506 2009 2556 meſsanae&
2027 2510 2172 2563 ὃξμαθᾲἷ

1467 2565 1605 2604 ‘rotave’
1628 2560 1911 2611 dna-melaena.

1413 2618 1592 2657 Nicanor.

2436 2470 2453 2500 ’ί

1467 2694 1550 2731 312.
1577 2680 1717 2719 Florida
1730 2683 1868 2734 serta]
1896 2684 2015 2723 Florea
2033 2693 2116 2724 tres.
2134 2682 2254 2720 mollia
2272 2695 2378 2724 unus.
2389 2486 2478 2813 fij

1413 2732 1494 2769 rida
1515 2734 1619 2779 sarra
1639 2741 1721 2772 tres,
1743 2735 1885 2781 scabras
1912 2749 2024 2773 comas
2048 2742 2219 2783 quatuor.
2252 2735 2360 2775 male.
2386 2737 2422 2777 vi

1414 2795 1478 2821 111.
1496 2783 1578 2821 Art.
1595 2794 1681 2830 290.
1708 2785 1813 2823 Med.
1829 2785 1911 2823 Fac.
1932 2786 1993 2833 58.
2018 2784 2149 2822 BURM.

1467 2849 1551 2887 314.
1579 2843 1668 2874 Sunt
1685 2840 1755 2887 sua
1767 2839 1909 2888 sacra]
1941 2840 2093 2878 Veteres
2112 2841 2354 2893 plerumque,
2372 2846 2415 2894 sie

1407 2888 1504 2938 stata
1520 2889 1619 2935 sacra
1640 2893 1743 2926 Deae.
1772 2889 1895 2926 NEAP.
1948 2889 2092 2929 Primae
2112 2891 2292 2932 editiones
2314 2896 2354 2933 &
2373 2900 2467 2945 quan·

2416 2794 2489 2884 a?

2448 2879 2466 2901 *t

1416 2949 1502 2978 tuor
1524 2939 1666 2994 scripti,
1686 2939 1783 2984 stata
1796 2937 1925 2986 sacra,
1950 2941 2054 2989 quod
2076 2943 2113 2979 ὅ(
2142 2943 2178 2980 in
2199 2944 2268 2982 suis
2287 2942 2466 2996 Neapolis}

1419 2991 1621 3027 invenerat.
1648 2988 1685 3026 ld
1712 2996 1838 3027 tamen
1868 2999 2023 3038 metuo,
2051 3000 2092 3031 ut
2114 2993 2199 3032 ferri
2221 2995 2340 3044 poffit.
2367 2999 2468 3043 certe,

1419 3040 1510 3077 libro
1530 3050 1574 3075 11.
1597 3037 1678 3085 528.

1472 3099 1578 3138 Curio
1603 3098 1764 3148 legitimis
1781 3112 1866 3141 tunc
1886 3104 2092 3143 Fornacalia
2110 3107 2224 3146 verbis

1523 3150 1709 3189 Maximus
1728 3153 1853 3192 indicit
1865 3181 1877 3200 ,
1904 3167 1964 3192 nec
1976 3155 2075 3202 stata
2087 3161 2194 3207 sacra
2206 3159 2311 3208 facit.
2391 3190 2399 3197 κ

1422 3202 1519 3240 forte
1533 3229 1542 3244 ‚

1473 3252 1564 3288 Hinc
1591 3252 1763 3291 Fornicali
1776 3253 1866 3302 sient
1885 3254 1975 3292 data
1989 3258 2093 3303 sacra
2115 3263 2221 3301 Deae.

1426 3303 1572 3343 Hiems.
1599 3309 1669 3342 Sua
1701 3305 1831 3356 templa
1859 3306 2061 3358 Gottorph.

2298 3372 2379 3412 3¹5·
2406 3366 2468 3410 F⁰i
