2495 3675
421 189 981 248 EPISTOLARUM
1017 189 1124 247 EX
1162 191 1443 250 PONTO.
1484 193 1603 247 Lm.
1642 189 1951 250 1V.E1›1sr.
1985 189 2138 250 XVI.

2241 192 2341 264 897

481 291 552 347 Et
578 295 670 367 qui
696 295 998 366 Penelopae
1022 294 1309 349 rescribere
1334 291 1478 365 juffit
1502 292 1726 358 Ulixen,

543 365 826 421 Errantem
852 368 1007 421 saevo
1033 383 1127 437 per
1155 367 1267 422 duo
1294 367 1445 421 lustra
1473 368 1635 421 mari:

467 437 686 511 Quique
711 439 852 493 suam
879 438 1193 502 Troezena,
1232 438 1711 513 imperfef’tumque
1737 438 1946 494 dierum
1998 486 2002 489 .

330 454 392 505 15

543 511 790 565 Deseruit
812 512 972 565 celeri
999 525 1176 564 morte
1201 512 1419 566 Sabinus
1447 527 1595 581 opus,

463 581 772 656 Ingeniique
794 583 868 636 sui
895 583 1065 636 didius
1089 581 1413 655 cognomine
1449 583 1685 655 Largu8‚

468 689 470 691 -
548 654 751 709 Gallica
774 656 866 726 qui
884 655 1188 726 'Phrygium
1211 656 1365 710 duxit
1394 656 1447 709 in
1473 675 1595 710 arva
1621 658 1814 711 senem.

470 727 690 799 Quique
719 728 862 782 canit
889 726 1147 781 domitam
1173 728 1486 782 Camerinus
1513 729 1578 783 ab
1611 729 1852 784 Hercule
1878 727 2133 801 Trojam;

326 820 399 855 20
544 800 760 872 Quique
787 799 875 853 sua
899 816 1099 854 nomen
1127 800 1369 872 Phyllide
1394 800 1603 856 Tuscus
1630 802 1802 857 habet.

475 872 817 943 Velivolique
843 872 997 925 maris
1022 887 1195 933 vates,
1233 874 1315 926 cui
1345 873 1566 927 credere
1593 873 1750 943 poffis

546 945 797 999 Carmina
821 944 1091 999 caeruleos
1112 944 1459 1017 composuisse
1488 946 1658 1001 Deos,

179 1151 280 1190 rec'ce
299 1165 344 1192 ex
361 1153 441 1202 ipfis
469 1155 615 1195 Horatii
642 1156 758 1196 verbis
784 1156 878 1195 inter
906 1156 1107 1208 Pompejos
1129 1169 1215 1198 eum

177 1203 322 1247 refert,
368 1205 508 1244 dictum
543 1209 739 1256 Pompejum
772 1213 914 1246 Varum.
961 1221 1008 1246 uri
1029 1210 1059 1245 ie
1090 1219 1215 1247 autem

179 1253 391 1308 Pompilium
419 1255 521 1294 illum
544 1258 687 1305 petierit
708 1259 842 1296 nescio.
877 1258 942 1296 niti
970 1261 1065 1296 forte
1097 1260 1213 1298 inscri-

178 1310 349 1349 ptionem
377 1306 425 1343 ita
451 1307 487 1344 in
510 1308 597 1345 Mss.
617 1308 750 1345 habere
781 1309 934 1353 viderit,
964 1321 1049 1348 nam
1069 1311 1106 1348 in
1130 1311 1220 1350 Lei-

180 1350 280 1390 denfi
304 1355 433 1394 codice
446 1366 548 1403 erat,
570 1358 804 1408 Pamphilum.
831 1358 963 1398 Bona.

236 1432 292 1458 11.
320 1422 458 1473 Qique
486 1424 545 1461 vel
582 1424 772 1474 imparibus
802 1427 954 1463 numeris
974 1453 985 1470 ,
1024 1433 1218 1472 Montane,

176 1469 236 1506 vel
253 1474 370 1519 aequis
389 1473 554 1524 Safficis]
581 1476 718 1522 Julium
738 1476 966 1514 Montanum
989 1477 1143 1524 appellat
1155 1478 1216 1514 Se-

180 1531 272 1558 neca
295 1522 404 1570 Epist.
429 1536 552 1563 cxxn.
580 1526 759 1564 Recitabat
783 1534 972 1563 Montanus
992 1527 1118 1572 Julius
1142 1541 1217 1564 car-

180 1583 283 1626 men,
311 1573 496 1611 tolerabilis
520 1580 618 1625 poeta
637 1604 649 1622 ,
676 1576 890 1616 &amicitia
911 1576 1037 1615 Tiberii
1055 1588 1156 1616 notus
1176 1590 1220 1619 Θ·

170 1621 313 1670 frigore.
345 1623 405 1662 ubi
426 1626 563 1672 profert
580 1627 648 1665 hos
667 1628 743 1676 ejus
762 1627 903 1666 versus:

231 1687 356 1737 Incipit
373 1690 532 1728 ardentes
554 1691 704 1729 Phoebus
720 1693 900 1740 producere
917 1693 1083 1742 flammas
1095 1721 1105 1738 ,

233 1742 388 1786 Spargere
406 1742 439 1786 se
455 1742 648 1779 rubicunda
672 1743 741 1780 dies
755 1771 765 1786 ‚
788 1745 867 1791 jam
888 1745 993 1791 tristis
1011 1745 1162 1783 hirundo

230 1791 380 1836 Argutis
396 1790 551 1828 reditura
574 1792 657 1830 cibos
677 1794 865 1831 immittere
885 1796 976 1831 nidis

233 1840 356 1889 Incipit
364 1853 380 1886 ·,
404 1852 447 1881 φ’
459 1842 554 1879 molti
565 1845 717 1892 partitos
735 1858 788 1881 ore
806 1845 998 1892 ministrat.

182 1911 295 1940 mox:

233 1972 327 2016 Jam
341 1975 409 2022 sua
423 1974 567 2024 pastores
585 1975 728 2022 stabulis
746 1984 907 2011 armenta
930 1975 1111 2022 locarunt,

232 2022 430 2082 shift-dare
440 2026 558 2075 sopitis
578 2040 645 2064 nox
666 2026 765 2074 nigra
776 2024 919 2075 filentia
937 2027 1036 2063 terris

233 2079 368 2121 Incipit.

179 2134 306 2192 Paullo
328 2140 516 2190 benignius
544 2140 589 2178 de
621 2140 683 2178 illo
705 2140 841 2178 Seneca
863 2149 962 2189 pater
976 2140 1211 2181 Controvers.

180 2197 207 2221 1.
233 2188 326 2226 llbro
358 2203 428 2229 vir,
465 2199 659 2228 Montanus
691 2191 816 2236 Julius
839 2218 849 2235 ,
897 2192 956 2237 qui
984 2192 1084 2227 comis
1107 2193 1209 2238 suit,

181 2238 307 2294 quiqtge
335 2242 479 2290 egregius
507 2246 620 2292 po'e'ta.
668 2242 813 2279 Hiems.
868 2239 965 2279 Vide
999 2241 1129 2280 Crinit.
1160 2243 1205 2280 de

177 2284 302 2326 Poetis
323 2302 387 2329 ιιι.
405 2301 470 2341 49.

205 2397 211 2403 Ι
232 2359 288 2394 14.
315 2354 501 2389 Errantem
512 2352 649 2403 saeva]
678 2359 752 2390 Sero
772 2352 921 2391 Thuan.
942 2353 1042 2392 dubio
1065 2353 1205 2393 Barber.

175 2397 250 2435 vid.
272 2399 345 2448 sup.
366 2401 467 2449 Eleg.
488 2415 522 2439 x.
551 2416 605 2441 10.

232 2460 286 2496 15.
314 2452 452 2501 {Quique
466 2453 571 2500 suam
605 2460 754 2491 Troezen
777 2479 787 2495 ‚
821 2453 1120 2506 imperseb'iumque
1136 2456 1205 2494 die-

178 2499 295 2555 rum]
336 2502 394 2538 De
413 2503 585 2541 hocloco
603 2505 691 2542 nihil
720 2505 808 2541 certi
836 2505 954 2542 habeo
969 2533 978 2549 ‚
1009 2507 1109 2553 quod
1129 2506 1206 2543 sen-

172 2556 285 2594 tiam,
314 2551 379 2589 nisi
400 2553 501 2600 quod
524 2555 646 2593 multis
668 2554 880 2592 nominibus
916 2556 1091 2602 suspectus
1114 2558 1204 2595 mihi

176 2599 235 2636 est.
289 2602 386 2639 Nam
419 2603 492 2640 five
520 2604 638 2652 legas,
666 2605 848 2650 Trisenen,
874 2605 977 2653 quod
997 2609 1033 2644 in
1062 2608 1206 2656 quibus-

174 2649 258 2687 dam
278 2654 423 2699 reperiri
454 2654 597 2692 Merula
619 2664 724 2692 autor
754 2654 823 2699 est,
849 2656 921 2704 ipsa
953 2668 1026 2694 vox
1052 2658 1206 2696 insolens

174 2699 223 2737 est
244 2728 254 2744 ,
283 2702 320 2738 δε
353 2715 474 2750 neque
496 2716 579 2742 cum
602 2706 750 2743 Graecis
770 2734 779 2749 ‚
816 2717 937 2754 neque
959 2719 1041 2744 cum
1068 2708 1206 2746 Latinis

172 2752 388 2791 nominibus
408 2754 484 2791 satis
505 2757 691 2793 convenit.
746 2756 844 2794 Cum
866 2766 988 2804 tamen
1023 2760 1207 2805 probabile

174 2798 239 2855 fit,
268 2813 346 2839 earn
362 2830 372 2847 ,
399 2815 508 2852 quam
531 2809 639 2852 poe'ta
655 2833 665 2851 ,
693 2805 736 2842 de
758 2818 834 2854 quo
856 2807 914 2844 hic
925 2808 1053 2844 dicitu.-
1071 2837 1079 2851 ,
1107 2821 1206 2847 ama-

175 2860 251 2896 vit,
273 2852 448 2907 Latinum
470 2864 531 2892 aut
545 2857 728 2895 Graecum
743 2857 890 2904 aliquod
903 2869 1043 2895 nomen
1064 2860 1202 2897 habuis-

173 2899 219 2937 se.
249 2902 332 2958 Sive
353 2916 441 2942 vero
473 2911 641 2952 Troezen,
671 2916 709 2945 ut
731 2907 777 2944 de
797 2908 1004 2955 poematis,
1031 2920 1091 2946 aut
1112 2911 1203 2949 urbis

172 2961 330 2989 nomine
359 2955 578 3004 intelligatur
599 2985 610 3002 ,
655 2959 765 2995 etiam
799 2959 871 2995 hoc
899 2960 1070 3007 exemplo
1097 2970 1204 2998 cart-r.

174 3001 274 3039 Nam
301 3002 324 3039 fi
348 3005 393 3042 de
421 3017 532 3054 opere
563 3008 841 3057 intelligendum
865 3008 929 3051 fit,
958 3012 1133 3047 ‘troezenis
1153 3012 1205 3049 di·

175 3053 335 3106 cendum
358 3056 474 3093 fuerat
493 3085 502 3100 ‚
531 3057 632 3095 reeio
662 3059 740 3095 casu
765 3086 776 3101 ‚
813 3058 960 3104 perinde
986 3068 1023 3097 ut
1046 3066 1206 3100 Amazo-

177 3111 254 3143 ms,
288 3104 466 3149 vhasacis,
494 3108 645 3156 Theseis,
673 3112 710 3146 ὃς
732 3108 869 3146 similia.
915 3109 976 3146 Sin
1002 3120 1124 3148 autem
1159 3114 1203 3150 de

172 3149 282 3195 loco,
310 3156 529 3195 accusativus
564 3166 735 3196 'lroezena
757 3162 895 3198 futurus
914 3170 1009 3201 erat,
1038 3160 1057 3197 a
1081 3163 1205 3201 Troe-

172 3210 264 3237 zen:
292 3213 368 3259 non
389 3209 535 3245 Troezen
555 3207 574 3246 ’ἐι
598 3210 746 3247 'l'roeze
768 3223 777 3247 ε
806 3212 867 3258 qui
889 3221 1100 3251 nominatus
1120 3225 1204 3252 nus·

166 3261 280 3298 quam
301 3253 430 3308 legitur
450 3255 499 3311 de·
513 3270 558 3295 eo
579 3259 666 3297 loco
681 3287 691 3304 ,
719 3272 829 3309 quem
855 3260 1019 3298 Theseus
1040 3264 1203 3307 aliquan·

162 3302 219 3349 do
249 3310 376 3343 tenuit.
427 3304 574 3346 Deinde
602 3319 727 3350 autem
758 3320 795 3352 ut
825 3310 953 3351 demus
976 3338 988 3360 ‚
1027 3313 1202 3360 Sabinum

2176 1018 2315 1092 Qui-

1272 1162 1424 1207 poe'tam
1461 1159 1650 1198 Fastorum
1680 1170 1773 1208 opus
1812 1160 1851 1199 ὅτ
1890 1157 2126 1198 Troezenida
2167 1158 2311 1207 aliqua,

1273 1211 1347 1248 hoc
1369 1210 1436 1254 est,
1466 1211 1510 1248 de
1531 1211 1633 1248 rebus
1653 1213 1745 1248 circa
1760 1211 1998 1249 Troezenem
2019 1209 2145 1258 gestis,
2174 1210 2309 1256 imper-

1274 1261 1370 1298 fecta
1397 1260 1576 1310 reliquisse
1591 1289 1601 1305 ,
1629 1271 1870 1310 praeventum
1891 1270 2011 1300 morte
2033 1260 2187 1307 scilicet,
2206 1258 2310 1307 quod

1272 1319 1398 1349 tamen
1418 1312 1500 1349 alibi
1519 1312 1641 1349 nescio
1673 1324 1889 1361 an.usquam
1923 1311 2113 1349 manifesto
2132 1309 2310 1347 tradatur:

1273 1363 1362 1410 quid
1384 1361 1510 1399 causae
1535 1362 1725 1407 dicemus,
1759 1375 1821 1400 cur
1841 1364 1957 1400 Poeta
1981 1389 1992 1406 ‚
2020 1372 2104 1399 cum
2128 1360 2172 1397 de
2192 1368 2312 1398 caete-

1273 1413 1341 1456 ris,
1371 1411 1514 1461 fingulis
1531 1421 1673 1450 tantum
1706 1413 1862 1451 versibus
1887 1413 2099 1450 meminerit
2119 1438 2130 1454 ,
2158 1410 2203 1448 de
2225 1410 2306 1459 qui-

1275 1462 1424 1500 busdam
1450 1475 1540 1500 vero
1563 1465 1673 1501 etiarn
1699 1463 1840 1513 lingulis
1868 1462 2116 1501 commatibus
2139 1474 2148 1498 t
2185 1471 2308 1510 neque

1275 1513 1312 1550 in
1333 1514 1546 1562 cuiusquam
1569 1515 1710 1552 alterius
1732 1514 2096 1552 commemoratione
2117 1511 2310 1549 distichum

1275 1561 1430 1612 egressus
1450 1564 1491 1601 lit
1511 1577 1520 1601 ε
1558 1565 1604 1601 de
1632 1566 1703 1604 hoc
1724 1572 1847 1602 totum
1868 1563 2099 1603 tetrastichon
2132 1562 2303 1599 consum-

1274 1613 1406 1661 pserit?
1434 1615 1617 1664 Equidem
1649 1625 1689 1654 ut
1720 1615 1864 1664 liquido
1894 1616 2009 1652 fatear
2031 1641 2041 1657 ‚
2079 1625 2155 1650 non
2189 1612 2306 1650 solum

1272 1665 1455 1712 superiora
1485 1666 1566 1709 illa,
1600 1666 1645 1703 de
1668 1666 1797 1715 quibus
1828 1664 1946 1703 modo
1973 1665 2155 1707 diximus,
2181 1662 2240 1700 sed
2267 1663 2306 1700 ὃς

1270 1716 1386 1763 ipsum
1418 1717 1604 1763 proprium
1648 1717 1683 1753 in
1714 1717 1912 1765 posteriore
1942 1724 2173 1763 pentametro
2210 1712 2308 1762 pofi-

1268 1773 1347 1803 tum
1378 1767 1649 1814 propemodum
1673 1777 1847 1817 tanquam
1878 1766 2140 1814 supposititium
2170 1775 2212 1801 ac
2237 1775 2308 1801 no-

1267 1817 1375 1853 thum
1393 1817 1593 1863 suspectum
1612 1818 1739 1855 habeo.
1769 1820 1894 1865 Quare
1916 1817 2073 1864 optarim
2093 1816 2130 1852 ἀ
2148 1815 2237 1851 alios
2260 1814 2308 1852 de

1273 1866 1409 1903 eodem
1440 1868 1514 1903 hoc
1544 1867 1631 1904 loco
1673 1868 1860 1916 aliquanto
1896 1868 2095 1904 accuratius
2134 1874 2309 1911 cogitare.

1274 1916 1362 1953 Non
1385 1925 1526 1954 temere
1546 1918 1762 1955 mutandum
1788 1918 1924 1966 aliquid
1943 1916 2086 1954 censere
2105 1915 2226 1953 soleo:
2247 1915 2309 1954 sed

1272 1972 1396 2002 tamen
1420 1966 1444 2002 fi
1464 1967 1550 2014 quid
1573 1968 1617 2003 de
1637 1967 1671 2004 se
1690 1968 1926 2015 suspicionem
1948 1967 2104 2014 aliquam
2123 1965 2314 2013 praebeat,

1271 2014 1308 2051 id
1328 2016 1464 2053 rursum
1496 2016 1788 2054 diffimulandutn
1813 2044 1824 2061 ,
1861 2026 1922 2055 aut
1944 2018 2050 2054 tacite
2071 2025 2305 2064 praetereun-

1269 2065 1358 2103 dum
1380 2078 1460 2103 non
1477 2067 1656 2104 existimo.
1710 2067 1801 2105 Sunt
1822 2076 1948 2105 tamen
1970 2066 2106 2104 rursum
2124 2093 2134 2110 ‚
2160 2067 2224 2114 qui
2245 2077 2302 2103 re-

1267 2116 1421 2163 pudiato
1450 2124 1608 2165 utroque
1639 2118 1794 2154 nomine
1819 2145 1829 2162 ,
1877 2130 1943 2166 pro
1974 2121 2107 2162 Trtsene
2130 2143 2140 2159 ,
2174 2117 2301 2164 legunt

1269 2172 1441 2204 Troezena
1465 2194 1475 2210 ,
1510 2167 1717 2205 accusativo
1748 2168 1827 2205 casu
1856 2167 1876 2205 a
1900 2174 2072 2210 Troezen,
2100 2167 2298 2215 hoc-titulo

1263 2216 1336 2253 sive
1366 2218 1523 2254 nomine
1549 2229 1641 2266 opus
1680 2219 1866 2267 quoddam
1900 2217 1919 2255 a
1955 2219 2085 2255 Sabino
2124 2227 2299 2263 coeptum

1263 2266 1365 2304 fuiffe
1394 2267 1600 2305 sentientes.
1633 2269 1809 2307 chur„
1861 2270 2048 2319 Crpzimen
2077 2268 2134 2304 vel
2167 2270 2301 2313 Trisam

1263 2317 1424 2355 Combii.
1453 2323 1606 2355 Trocrem
1626 2320 1685 2356 vel
1718 2320 1836 2356 Troien
1857 2319 2035 2357 Arondel.
2057 2318 2131 2356 duo
2148 2344 2159 2360 ‚
2194 2323 2297 2354 Troa-

1262 2369 1339 2404 dem
1368 2377 1459 2413 tres,
1489 2374 1671 2406 Trezenem
1700 2370 1781 2414 alii,
1811 2376 1975 2413 Tromen,
2004 2369 2173 2410 Troicem,
2199 2369 2295 2404 Troi-

1261 2433 1363 2463 zem,
1390 2420 1565 2466 Timefhn,
1596 2422 1757 2467 Tumesen
1784 2423 1822 2457 a&
1853 2420 1989 2457 finiilia.
2036 2431 2079 2456 an
2111 2419 2298 2466 Tymelen?

1260 2473 1395 2517 opinor
1415 2479 1512 2507 certe
1533 2481 1672 2507 nomen
1704 2471 1843 2517 puellae
1872 2470 1891 2507 a
1921 2471 2054 2506 Sabino
2084 2468 2296 2506 decantatae

1260 2522 1320 2558 hic
1337 2521 1459 2557 latere.
1499 2521 1637 2557 Herus.
1692 2522 1826 2566 Trosam
1848 2523 1952 2568 prim.
1976 2520 2072 2557 Edit.
2092 2524 2234 2555 Traecen
2256 2520 2295 2557 P.

1263 2572 1358 2608 Dan.
1379 2570 1424 2608 de
1453 2571 1505 2607 his
1537 2571 1654 2607 Sabini
1684 2572 1852 2620 operibus
1886 2572 1935 2608 nil
1964 2570 2076 2607 restat.
2132 2570 2292 2607 Crinitus

1264 2633 1352 2660 vero
1385 2633 1468 2658 eum
1504 2621 1695 2657 Claudium
1737 2629 1846 2658 vocat
1874 2622 1933 2659 lib.
1956 2633 2018 2657 111.
2047 2621 2091 2658 de
2110 2620 2213 2656 Poct.
2233 2623 2292 2664 64.

1261 2673 1323 2720 qui
1356 2669 1375 2708 a
1407 2671 1543 2708 Seneca
1575 2673 1737 2708 Rhttore
1775 2672 1878 2719 saepe
1906 2683 2142 2709 menioratar.
2176 2672 2212 2706 ὃ(
2244 2674 2293 2707 ita

1262 2724 1446 2760 Pomanus
1477 2722 1514 2758 &
1549 2723 1619 2759 alii.
1657 2722 1713 2759 sed
1756 2723 1891 2757 Aulam
1925 2721 2089 2758 sabinum
2123 2721 2292 2757 Heinsius

1263 2774 1300 2809 ὅ(
1329 2773 1387 2809 alii
1421 2771 1655 2820 appellarunt.
1708 2772 1798 2810 milii
1836 2773 1922 2810 nihil
1958 2772 2003 2809 de
2048 2784 2095 2809 eo
2143 2772 2293 2809 conitar.

1262 2824 1393 2860 Bunm.

1314 2900 1370 2931 1‘7.
1398 2877 1638 2938 cognomina]
1671 2895 1722 2926 De
1743 2890 1877 2926 nomine
1895 2889 1980 2927 editi
2000 2888 2163 2938 quidam.

1315 2960 1370 2992 17.
1399 2950 1566 2999 Largus]
1632 2951 1690 2987 An
1727 2951 1890 2988 Valerius
1929 2951 2064 2998 Largus
2104 2950 2289 2988 accusator

1263 2997 1357 3035 Galli
1379 2999 1542 3037 Poetae?
1573 3001 1614 3037 de
1634 3013 1710 3049 quo
1731 3001 1831 3037 Dion
1857 3013 1941 3038 tiri.
1970 3013 2049 3049 pag.
2075 3014 2156 3046 512.
2185 3004 2221 3037 ὃς
2244 3013 2286 3036 an

1261 3049 1356 3085 idem
1372 3049 1412 3086 sit
1426 3052 1510 3098 ,qui
1527 3051 1586 3088 sub
1600 3051 1755 3088 Claudio
1771 3051 1904 3088 Consul
1919 3052 1997 3094 tuit,
2012 3059 2049 3089 ut
2062 3051 2156 3088 idem
2173 3052 2287 3087 13:011.

1260 3111 1317 3136 rx.
1338 3111 1416 3147 pag.
1433 3103 1518 3143 671.
1546 3102 1678 3138 nescio.
1700 3102 1897 3139 Antenoris
1917 3103 1974 3140 ille
1986 3113 2040 3140 res
2061 3100 2220 3148 scriptili'c
2232 3099 2286 3136 di·

1258 3150 1350 3187 citur
1369 3162 1387 3187 a
1403 3151 1548 3189 Nolito.
1580 3152 1704 3188 Beati.

1313 3214 1368 3252 18.
1398 3218 1502 3251 Ducit
1524 3219 1561 3253 in
1577 3216 1709 3265 arva]
1742 3218 1859 3254 Duxit
1880 3217 2056 3255 nonnulli.
2095 3215 2236 3251 Heme.

1314 3277 1370 3312 19.
1400 3267 1539 3302 Domito
1560 3270 1766 3304 Camerinus
1789 3268 1832 3303 ah
1857 3271 1990 3304 Hectore
2013 3264 2185 3313 Trojasn.)
2219 3271 2288 3301 Do-

1260 3315 1388 3355 mitam
1410 3317 1526 3354 multi.
1551 3317 1655 3355 Polit.
1676 3319 1714 3357 δε
1734 3328 1802 3359 tres
1815 3319 1894 3364 alii,
1909 3314 2078 3353 domitam
2099 3316 2141 3353 ab
2161 3323 2290 3353 Herclb-

1316 3365 1319 3367 ’
1451 3367 1621 3412 Xxxxx
1650 3379 1671 3418 3
2248 3367 2300 3410 ,la
