2495 3675
751 190 813 246 P.
888 186 1306 248 0V1D11

1380 184 1910 251 NASONIS

411 300 511 371 585
543 301 789 376 Juppiter
814 305 1084 361 indomito
1103 304 1361 375 Juturnae
1384 314 1568 374 captus
1593 319 1776 358 amore

629 376 806 432 Multa
833 379 982 438 tulit,
1026 390 1176 434 tanto
1202 393 1313 431 non
1338 375 1585 446 patienda
1615 375 1755 430 De0.

559 449 645 504 Illa
670 450 838 504 modo
865 452 919 504 in
944 449 1075 502 silvis
1101 448 1241 502 inter
1267 448 1503 519 coryleta
1526 448 1750 503 latebat:

630 522 788 576 Nune
817 524 870 576 in
899 533 1150 591 cognatas
1174 520 1443 575 desiliebat
1467 539 1638 593 aquas,

557 593 841 648 Convocat
868 593 954 646 hie
980 593 1281 665 NymphaS,
1318 594 1539 648 Latium
1559 638 1571 657 ,
1612 606 1984 668 quotcumque
2008 594 2250 650 tenebas:

415 686 521 739 590

632 667 704 719 Et
723 665 850 734 jacit
874 667 928 720 in
953 665 1136 720 medio
1162 667 1281 720 talia
1305 667 1465 720 verba
1492 667 1689 721 choro:

555 737 764 792 Invidet
787 737 892 809 ipsa
914 737 1031 802 fibi,
1061 739 1311 819 vitatque
1327 778 1342 802 ,

1379 739 1530 810 quod
1562 740 1781 810 expedit
1807 740 1878 794 illi
1892 780 1908 804 ,

627 809 814 864 Vestra
838 811 987 865 soror
1013 812 1219 865 summo
1237 829 1461 883 jungere
1486 813 1725 867 membra
1751 812 1890 866 De0.

556 881 833 957 Consulite
859 883 1145 938 ambobus:
1191 901 1312 938 nam
1335 902 1471 956 quae
1497 903 1613 939 mea
1637 902 1826 957 magna
1851 885 2128 959 voluptas,

629 954 841 1010 Utilitas
866 956 1065 1010 vestrae
1094 974 1283 1027 magna
1309 958 1503 1011 sororis
1530 958 1647 1011 erit.

415 1047 513 1101 595
554 1026 606 1084 V
614 1045 672 1081 os
698 1030 768 1083 illi
796 1029 850 1082 in
874 1029 1043 1099 prima
1067 1028 1292 1101 fugienti
1316 1029 1544 1084 obsistite
1572 1033 1751 1102 ripa,⁵

629 1102 715 1155 Ne
741 1103 827 1155 sua
850 1101 1106 1156 fluminea
1131 1119 1356 1172 corpora
1391 1118 1596 1173 mergat
1623 1105 1773 1172 aqua.

559 1174 811 1230 Dixerat:
849 1174 1149 1228 adnuerunt
1176 1191 1364 1228 omnes
1389 1174 1734 1230 Tiberinides
1758 1176 1927 1243 udae,

621 1247 885 1320 Quaeque
911 1248 1096 1302 colunt
1123 1246 1406 1310 thalamOS,
1443 1246 1535 1301 Ilia
1561 1247 1710 1314 diva,
1749 1263 1887 1304 tuos,

260 1461 339 1498 eula
369 1461 473 1499 necto.
525 1459 802 1510 Hujuscemodi
830 1459 1033 1499 defixiones
1066 1459 1160 1498 inter
1188 1471 1307 1496 uaru-

261 1511 414 1556 δέσμους
442 1514 606 1560 magicos
635 1512 882 1555 habebantur,
911 1510 957 1549 de
986 1510 1116 1559 quibus
1137 1509 1307 1548 nonnihil

260 1563 365 1612 supra
392 1563 432 1601 &
451 1565 640 1600 Amorum
658 1562 767 1600 tertio
790 1562 915 1609 Elegia
936 1573 1007 1598 vu.
1031 1573 1091 1608 29.
1118 1562 1261 1599 Hfims.

315 1614 400 1662 583.
431 1613 595 1651 Protinus
619 1613 646 1650 ὰ
665 1610 963 1663 nobisrequires.]
1017 1609 1174 1661 Forfitan
1193 1611 1308 1662 requi·

261 1678 320 1702 ras
341 1664 417 1702 duo
437 1672 590 1702 veteres.
617 1671 657 1701 ut
683 1663 788 1710 saepe
816 1662 912 1700 alibi.
935 1663 982 1700 de
1003 1661 1072 1700 dea
1097 1663 1204 1700 Muta
1234 1665 1308 1700 La-

264 1715 420 1753 &antius
438 1715 531 1752 libro
543 1715 664 1763 primo
676 1713 721 1751 de
734 1712 830 1751 Falsa
843 1712 1040 1762 Religione
1051 1724 1191 1761 cap.20.
1202 1713 1308 1761 Qus,

261 1779 343 1802 cum
361 1765 488 1802 audiat
503 1765 604 1803 deam
625 1770 771 1801 Musam
783 1791 793 1807 ‚
819 1763 928 1812 risum
948 1773 1058 1800 tenere
1069 1773 1172 1813 queat
1185 1772 1200 1800 ,ἓ
1211 1770 1310 1800 Hanc

263 1815 322 1866 effi
340 1815 462 1872 (ficunt
475 1843 485 1861 ,
507 1829 548 1852 ex
566 1828 636 1865 qua
648 1813 723 1864 sint
742 1814 820 1851 nati
842 1820 970 1858 Lares,
998 1814 1158 1862 &ipsam
1182 1819 1314 1851 Laram
1335 1818 1343 1828 ²

265 1876 452 1904 nommant
474 1866 533 1903 vel
564 1865 783 1902 Larundam.
809 1877 898 1914 quae
912 1863 1080 1913 praestare
1103 1863 1225 1902 colenti
1238 1874 1316 1915 pot·

263 1917 308 1966 est
321 1945 332 1961 ‚
358 1930 446 1967 quae
465 1916 558 1967 loqui
579 1929 646 1953 non
661 1916 790 1965 potest?
818 1916 965 1954 fimus.

318 1967 401 2017 585.
430 1967 613 2004 Immodico
631 1967 816 2013 Juturnae
831 1966 947 2004 vibius
971 1965 1122 2016 amore.]
1154 1966 1310 2004 Indomi-

266 2028 306 2056 ιο
325 2027 442 2067 captus
460 2032 575 2055 amore
592 2017 672 2055 libri
701 2017 872 2055 meliores
900 2029 1037 2067 magno
1063 2029 1235 2055 numero.
1262 2019 1310 2056 Et

267 2070 321 2108 ita
344 2068 495 2107 Modius
524 2069 691 2106 Novant.
713 2068 820 2106 Lest.
843 2079 921 2116 cap.
945 2080 1058 2106 anx.
1084 2068 1233 2117 quidam
1256 2078 1310 2106 ta-

271 2131 361 2157 men
378 2148 389 2164 ,
407 2120 560 2156 vinctus.
590 2119 636 2156 de
655 2131 733 2167 quo
762 2119 855 2156 infra
872 2119 933 2156 lib.
952 2131 1007 2156 1v.
1034 2118 1125 2156 Fast.
1151 2118 1205 2161 fis.
1228 2131 1312 2166 224.

266 2170 415 2207 Hnms.
442 2171 503 2207 De
521 2171 795 2219 permutatione
814 2181 954 2208 vocum
975 2168 1180 2207 immodicus
1198 2170 1236 2208 δε
1256 2171 1313 2208 in-

266 2221 421 2259 domitus
441 2220 515 2258 vid.
536 2219 593 2259 ad.
614 2233 678 2258 111.
700 2220 781 2258 Art.
803 2232 880 2268 5¹1·

319 2271 402 2318 587.
432 2277 526 2308 Inter
558 2270 743 2320 coryleta]
791 2270 902 2308 Liber
929 2271 1120 2320 antiquus·‚
1147 2270 1239 2308 inter
1258 2284 1310 2308 co-

263 2321 390 2360 ruleta.
426 2331 466 2359 ut
491 2321 727 2359 membranae
756 2330 898 2360 veteres
928 2322 1202 2360 Maronianae:
1244 2322 1310 2359 Hic

263 2372 357 2412 inter
375 2371 496 2419 densas
517 2371 655 2409 corulos.
682 2372 860 2410 NEAPOL.

264 2473 306 2512 H
320 2423 405 2470 587.
431 2421 624 2472 timebat]
655 2421 802 2460 Latebat
821 2422 953 2462 rectius
973 2421 1076 2461 Voss'.
1098 2424 1140 2462 &⁷
1156 2431 1225 2462 tres
1237 2422 1308 2462 alii.

310 2485 411 2512 Eius.

317 2524 404 2572 589.
438 2523 582 2561 Latium
612 2536 832 2573 quaecunque
871 2524 1073 2573 tenebant.]
1128 2526 1311 2573 Qotcun-

266 2587 330 2661 ἵζε
359 2586 451 2613 unus
472 2575 576 2613 Med.
596 2576 707 2620 alius,
735 2586 953 2626 quotcunque
981 2574 1130 2612 tenebas.
1151 2575 1313 2613 venuste.

314 2637 418 2662 Ele.

324 2687 407 2721 500.
436 2680 483 2712 Et
504 2674 646 2724 Jacie]
700 2679 747 2711 Et
764 2676 858 2722 facit
888 2675 1060 2713 Heinsius
1080 2677 1312 2724 conjecerat,

266 2732 308 2761 ut
328 2725 387 2762 lib.
407 2737 470 2763 111.
490 2727 576 2770 678.
604 2738 656 2763 vx.
677 2725 761 2771 786.
796 2725 855 2762 sed
875 2727 913 2762 δε
944 2737 997 2762 vr.
1017 2725 1103 2770 408.
1137 2726 1186 2762 est
1209 2726 1312 2772 jacit.

226 2788 231 2793 ·
268 2774 328 2811 ubi
361 2784 483 2812 tamen
511 2776 662 2825 quidam
694 2775 840 2813 codices
859 2803 869 2819 ‚
896 2775 992 2821 facit
1012 2803 1022 2818 ‚
1061 2783 1100 2812 ut
1120 2776 1202 2812 alibi
1221 2776 1312 2813 haec

266 2824 375 2862 verba
397 2835 636 2864 commutata.
655 2826 727 2864 vid.
749 2839 783 2862 v.
800 2827 895 2863 Met.
917 2827 998 2874 565.
1027 2824 1156 2863 Euam.

321 2887 403 2922 59¹.
432 2882 571 2912 Summo
593 2876 796 2925 concubuisse
816 2875 923 2925 Dea]
974 2876 1129 2924 Jungere
1155 2875 1311 2913 membra

268 2926 440 2963 meliores
458 2939 592 2976 magno
610 2940 768 2965 numero
789 2940 871 2965 cum
893 2926 1010 2975 prima
1032 2928 1206 2964 editione.
1226 2927 1312 2964 vide

269 2985 375 3013 notas
402 2977 508 3013 Rem.
530 2979 618 3015 Am.
638 2978 692 3020 iss.
713 2990 798 3023 407.
825 2979 1031 3024 Propertius
1051 2986 1175 3015 tamen
1195 2976 1253 3014 lib.
1266 2989 1313 3015 11.

268 3038 338 3063 ΧΠ.
357 3028 410 3063 16.
435 3026 573 3062 Dicitur
596 3040 638 3065 cf
658 3029 770 3063 nudae
790 3028 991 3076 concubuisse
1001 3028 1105 3071 deam
1126 3028 1170 3066 de
1184 3028 1311 3077 Endy-

267 3077 408 3114 mione.
432 3077 467 3112 s<
485 3077 616 3113 Noster
636 3089 689 3114 tv.
711 3077 798 3113 Fast.
819 3088 876 3125 32.

320 3127 481 3163 Eleftran
500 3127 701 3175 concubuiffe
722 3127 826 3173 Jovi.

267 3188 321 3217 vx.
346 3189 429 3226 574·
671 3227 677 3232 ,
710 3227 717 3233 ,

315 3227 565 3276 Caelestemque
584 3226 716 3264 honum
735 3227 937 3277 concubuisse
954 3229 1070 3277 pudet.

255 3279 393 3323 summo
419 3280 512 3325 Jovi
531 3278 649 3316 codex
670 3279 799 3327 Pomp.
823 3281 940 3316 Laeti.
960 3279 1157 3328 quomodo
1180 3281 1311 3330 virgil.

253 3330 293 3368 &
319 3330 390 3369 alii.
417 3330 549 3370 Noster
577 3330 649 3379 ipse
679 3330 780 3379 supra
808 3330 883 3369 hoe
901 3330 1020 3378 libro,
1040 3343 1098 3378 70.
1128 3340 1167 3370 ut
1195 3332 1244 3370 est
1269 3333 1309 3371 in

2245 1319 2412 1378 Forte

1359 1457 1545 1495 nonnullis
1576 1458 1763 1498 codicibus
1784 1488 1794 1505 ,
1824 1465 1932 1509 Inque
1960 1458 2069 1504 Jovis
2087 1458 2223 1508 summi
2251 1457 2410 1504 caeditur

1358 1521 1434 1545 arce
1455 1508 1583 1546 bidens.
1613 1511 1758 1548 Hem&
1787 1509 1995 1558 Procubuiffe
2013 1510 2161 1558 Regius.

1412 1571 1496 1607 593.
1525 1566 1624 1597 Nam
1645 1575 1732 1611 quae
1751 1575 1827 1599 mea
1839 1573 1967 1610 magna
1979 1559 2179 1609 voluptas.]
2211 1566 2307 1597 Nam
2319 1572 2407 1610 quae

1362 1608 1406 1656 est
1428 1610 1600 1649 meliores
1618 1612 1797 1661 plerique.
1844 1612 1980 1650 Placet.
2005 1624 2091 1648 nam
2112 1610 2202 1660 quod
2223 1621 2309 1648 curn
2330 1621 2410 1648 uno

1365 1660 1555 1699 Mediceo.
1569 1664 1770 1711 Gottorph.
1792 1663 1970 1713 quoniam.
1997 1662 2143 1699 Heius.
2181 1661 2306 1698 Prima
2318 1659 2413 1708 sbro-

1365 1710 1413 1747 ris
1429 1711 1492 1748 erit
1515 1714 1694 1762 Excerpta
1707 1714 1876 1751 Douzae.
1905 1713 2085 1750 Arundel.
2105 1711 2207 1749 Voff.
2219 1711 2415 1760 prim.Va·

1366 1761 1427 1798 tic.
1447 1763 1486 1799 &
1506 1763 1565 1801 sex
1583 1765 1654 1802 alii.
1681 1777 1757 1802 non
1780 1764 1899 1807 male,
1927 1763 1994 1801 nisi
2015 1774 2090 1800 vox
2111 1761 2169 1800 illa
2191 1762 2413 1810 sequeretur.

1366 1812 1462 1849 forte
1489 1814 1619 1852 iterum
1642 1816 1748 1862 priva
1772 1827 1846 1852 vox
1884 1813 1905 1850 a
1927 1814 2071 1852 librario
2092 1812 2237 1862 expulsa
2252 1812 2345 1856 fuit,
2371 1818 2414 1850 ut

1365 1861 1470 1912 saepe
1489 1863 1591 1913 supra
1608 1874 1791 1903 notatum.
1828 1865 1959 1902 Bunm.

1418 1926 1503 1962 595.
1532 1921 1574 1952 In
1591 1915 1748 1966 prima.]
1777 1922 1819 1953 In
1838 1916 1935 1954 deest
1957 1915 2097 1953 Strozz.
2351 1963 2354 1965 -

1417 1967 1501 2013 ς96.
1529 1966 1712 2004 flaminea
1745 1976 1879 2017 corpora
1901 1976 2032 2015 mergat
2061 1963 2196 2016 aqua.]
2250 1965 2342 2004 Duo
2367 1964 2416 2004 li:

1363 2014 1414 2052 bri
1437 2044 1447 2060 ‚
1474 2017 1631 2058 mandet,
1661 2019 1776 2062 Puto,
1787 2016 1977 2068 flumineae
1988 2025 2122 2066 corpora
2133 2016 2278 2054 mandet
2288 2028 2416 2066 aquae.

1365 2066 1488 2105 Attius
1509 2068 1713 2106 Philoctete
1733 2068 1830 2117 apud
1857 2068 2083 2106 Ciceronem
2105 2067 2166 2106 lib.
2186 2080 2234 2107 Π.
2260 2066 2413 2107 Tuscul.

1416 2124 1494 2155 Heu
1514 2119 1589 2169 quis
1602 2117 1701 2168 salfis
1718 2118 1873 2168 fluc‘libu’
1894 2118 2040 2156 mandet

1369 2175 1478 2256 HMe
1498 2183 1539 2206 ex
1552 2169 1701 2219 sublimi
1718 2170 1846 2208 vertice
1860 2169 1971 2218 saxi?

1412 2231 1517 2258 mus.

1419 2281 1503 2318 597.
1532 2275 1750 2308 Annuerant
1788 2271 1957 2320 nymphae
1995 2268 2214 2319 Tyberinides
2251 2267 2410 2319 omnes-‘J

1363 2320 1490 2358 Primo
1517 2332 1719 2358 annuerunt
1749 2333 1834 2359 cum
1867 2322 2104 2370 Naugeriano
2133 2322 2173 2358 &
2191 2331 2267 2358 uno
2287 2318 2415 2358 Medi-

1364 2382 1434 2409 ceo
1450 2371 1662 2418 legendum.
1689 2372 1822 2410 deinde
1851 2373 1971 2420 scripti
1989 2371 2154 2421 plerique
2175 2398 2186 2414 ‚
2213 2383 2327 2408 omnes
2344 2374 2415 2418 Ty·
2458 2408 2460 2410 .
2492 2369 2495 2373 ’

1363 2421 1530 2459 berinides
1551 2424 1687 2460 undae.-
1716 2423 1791 2460 duo
1807 2451 1818 2466 ‚
1845 2422 2016 2472 nymphae
2043 2420 2264 2471 Tyberinidos
2284 2419 2413 2458 undae.

1365 2473 1469 2522 Lege
1489 2501 1500 2517 ‚
1544 2486 1658 2510 omnes
1695 2473 1911 2520 Tyberinides
1939 2472 2041 2510 udae.
2087 2472 2232 2511 Similes
2275 2481 2415 2510 errores

1365 2525 1494 2561 notavi
1513 2523 1621 2571 Epist.
1644 2535 1699 2560 VI.
1718 2523 1773 2566 ybs.
1795 2535 1877 2569 107.
1905 2524 2046 2560 Hiems.

1420 2574 1506 2622 598.
1534 2573 1601 2611 Ilia
1620 2573 1749 2624 diva]
1797 2573 2020 2624 Legehllia
2041 2572 2114 2612 dia.
2151 2579 2194 2612 ut
2212 2570 2309 2622 apud
2333 2570 2413 2616 En<

1367 2636 1471 2663 nium
1486 2653 1497 2669 ,

1378 2692 1382 2698 ·
1421 2674 1487 2710 ilia
1509 2674 1569 2711 dia
1589 2682 1686 2724 nepos
1699 2702 1711 2719 ‚
1735 2688 1825 2726 quas
1840 2687 2027 2712 aerumnas
2047 2671 2217 2720 tetalisti?

1368 2723 1472 2762 Idem
1493 2725 1627 2762 Annal.
1649 2737 1678 2763 1.
1697 2726 1791 2773 apud
1814 2726 1980 2763 Servium
2005 2723 2065 2761 lib.
2077 2735 2140 2760 111.
2168 2722 2310 2771 Georg.

1418 2775 1529 2810 Dium
1551 2788 1592 2811 ex
1608 2775 1642 2822 se
1662 2776 1838 2822 Anchisen
1851 2784 2003 2824 generat.

1365 2824 1427 2862 ubi
1446 2827 1549 2861 Pium
1570 2837 1759 2874 perperam
1782 2837 1881 2863 nunc
1899 2822 2413 2868 scribitur,claudicanteve12

1364 2875 1413 2913 su.
1436 2874 1483 2912 fic
1499 2876 1671 2913 Homero
1690 2876 1793 2925 saepe
1810 2877 1879 2918 δῖος
1898 2876 2101 2919 Ἀχιλλεῦς
2115 2902 2124 2919 ,
2137 2875 2176 2912 &
2197 2874 2266 2917 δῖος
2283 2869 2411 2910 Ὀδυσ-

1369 2928 1449 2967 σεῦς
1469 2954 1480 2970 ,
1515 2928 1553 2963 &
1583 2927 1643 2962 δίει
1673 2929 1868 2969 γυναικῶν,
1890 2926 1929 2963 &
1955 2925 2014 2962 διὰ
2044 2924 2159 2963 scaev.
2202 2924 2263 2962 διῖε
2290 2927 2410 2962 Θεανὼ
2442 2964 2451 2971 ,

1369 2975 1468 3013 Iliad.
1489 2979 1524 3013 E.
1552 2976 1609 3011 δῖα
1627 2975 1799 3018 Καλυψώ.
1837 2973 1966 3025 Odyff.
1990 2980 2027 3013 E.
2055 2978 2166 3013 etiam
2185 2975 2232 3013 de
2253 2976 2410 3013 civitati-

1369 3026 1445 3063 bus.
1464 3025 1511 3062 sic
1534 3025 1664 3062 Ἠλῖέκ
1693 3027 1770 3062 δῖαν
1791 3027 1911 3065 habes.
1942 3026 2042 3064 Iliad.
2062 3025 2101 3063 13.
2138 3027 2177 3063 ὅ(
2195 3025 2273 3061 δῖαν
2291 3026 2412 3070 Ἀρίσ-
2459 3033 2462 3038 ·

1368 3076 1433 3122 βῆν
1452 3076 1582 3124 Odyff.
1596 3081 1632 3113 Γ.
1655 3077 1907 3122 Accessum-acm
1917 3076 2016 3120 δῖαν,
2042 3077 2080 3113 &
2099 3075 2240 3113 fimilia.
2265 3075 2326 3112 dia
2339 3081 2413 3112 Ca·

1366 3126 1467 3164 milla
1489 3127 1656 3174 Virgilio.
1685 3128 1789 3165 Plura
1813 3127 1897 3165 vide
1915 3127 1975 3164 lib.
1997 3138 2051 3163 1v.
2073 3126 2168 3163 Met.
2185 3126 2237 3168 sss-
2255 3137 2338 3175 535.
2355 3125 2411 3164 Fl.

1367 3177 1549 3233 Sofipatro
1572 3178 1648 3214 dtus
1676 3178 1796 3234 Ulyffes
1825 3188 1976 3233 quoque
2007 3176 2148 3214 dicitur.
2177 3177 2238 3214 ubi
2267 3177 2312 3214 de
2333 3184 2411 3214 tro·
2487 3196 2490 3199 ⁴

1367 3229 1419 3276 pis
1436 3237 1518 3276 agit.
1548 3229 1745 3276 quomodo
1771 3241 1808 3265 in
1834 3237 1949 3265 veteri
1979 3226 2109 3263 codice
2141 3227 2217 3275 ejus
2235 3227 2307 3275 legi
2325 3238 2410 3264 mo-

1363 3287 1429 3368 lnet
1447 3279 1582 3366 Pierkqis
1603 3277 1818 3317 Valerianus
1845 3278 1890 3316 ad
1916 3277 1977 3316 lib.
1998 3289 2044 3316 11.
2077 3275 2265 3316 AEne‘i‘dos
2285 3277 2412 3326 virgi-⁴

1380 3341 1491 3368 tanae.
1563 3341 1664 3367 ems.

2202 3390 2289 3429 599·
2316 3375 2411 3427 Nais
