2495 3675
425 152 1378 227 ⁴FASTORUM

1489 155 1684 210 L113.

1758 157 1852 216 Vl.
2092 161 2187 231 383

342 255 471 311 Lux
496 256 684 311 eadem
710 256 876 312 Marti
903 255 1031 311 festa
1054 254 1159 320 est;
1198 270 1361 326 quem
1386 255 1639 328 prospicit
1665 271 1814 314 extra

415 329 742 402 Adpositum
764 329 971 385 Te&ae
995 341 1148 400 porta
1172 326 1390 399 Capena
1417 329 1548 383 viae.

334 401 423 456 Te
450 420 697 476 quoque,
736 401 1077 473 TempestaS,
1115 400 1360 455 meritam
1388 399 1607 457 delubra
1631 400 1893 471 fatemur;

409 474 553 530 Cum
580 493 717 549 pene
742 474 816 529 est
841 473 1017 528 Corsis
1042 472 1232 528 obruta
1258 472 1424 528 claffis
1448 476 1612 548 aquis,

195 564 291 617 195
330 545 488 603 Haec
513 548 792 604 hominum
820 559 1168 601 monumenta
1191 558 1392 619 patent.
1419 546 1456 601 fi
1481 547 1732 621 quaeritis
1755 549 1919 615 astra;

404 620 567 675 Tunc
593 619 763 674 oritur
787 619 963 691 magni
988 636 1204 691 praepes
1227 619 1434 675 adunca
1453 620 1617 691 jovis,

329 692 618 832 POstera
642 693 730 747 lux
759 691 1010 764 Hyadas,
1049 691 1320 747 Taurinae
1345 711 1547 749 cornua
1569 695 1790 760 frontiS,

502 764 737 819 Evocat:
779 764 830 818 δε
864 767 1029 819 multa
1056 778 1192 819 terra
1217 765 1470 820 madescit
1497 771 1648 841 aqua.

489 839 609 891 Ane
639 838 726 892 ubi
752 836 826 893 bis
856 838 1048 902 fuerit,
1087 838 1443 911 Phoebusque
1473 840 1743 896 iteraverit
1769 855 1950 905 ortus;

185 928 291 964 200

39 1171 109 1214 nia.
133 1172 256 1212 Naar.
283 1174 401 1213 Tectae
419 1172 501 1212 viae
518 1180 660 1212 veteres
680 1173 866 1222 plerique,
892 1173 958 1212 nisi
974 1174 1079 1222 quod

39 1225 77 1264 in
96 1225 279 1264 nonnullis
299 1252 310 1270 ,
347 1228 466 1263 reciae.
494 1224 555 1263 sed
583 1225 647 1261 Via
671 1226 773 1262 Reela
801 1226 922 1272 campi
953 1226 1079 1263 Martii

38 1275 99 1366 llige
117 1275 242 1315 locum
264 1287 342 1315 non
368 1276 488 1316 habet.
514 1275 684 1315 Emenda
706 1275 916 1313 Martialem
933 1275 995 1314 lib.
1017 1288 1082 1315 nr.

72 1337 107 1376 p.
127 1338 163 1365 v.

89 1391 251 1429 Protinus
268 1394 360 1429 hunc
374 1392 509 1442 primae
532 1391 725 1441 quaefitum
750 1390 762 1428 Ξ
784 1391 910 1430 limina
932 1397 964 1429 T
960 1393 1062 1431 effae.

138 1444 239 1491 Qus
258 1444 371 1481 tenuit
393 1443 554 1494 Daphnis
567 1472 577 1488 ‚
605 1456 699 1481 nunc
721 1453 812 1480 tenet
832 1443 889 1480 ille
903 1448 1016 1481 Lares.

40 1502 92 1543 Ita
110 1514 155 1543 ex
174 1504 330 1553 vestigiis
363 1504 658 1543 membranarum
689 1502 916 1541 scribendum
938 1529 948 1546 ‚
979 1503 1084 1552 quic-

35 1555 127 1605 'quid
147 1555 200 1593 isti
219 1557 326 1593 testae
345 1555 426 1592 viae
446 1556 515 1593 viri
537 1554 639 1593 dotf'ti
652 1554 918 1602 obloquuntur.
939 1553 1085 1591 Hiems.

38 1605 100 1645 De
117 1606 192 1644 hoc
219 1607 307 1644 loco
338 1606 429 1644 olim
464 1617 550 1643 cum
580 1604 817 1652 Ampliffimo
846 1604 996 1652 Cupero
1023 1616 1087 1652 per

35 1655 153 1694 literas
173 1668 279 1704 agere
302 1668 364 1694 me
392 1656 559 1694 memini.
594 1655 665 1694 Cui
687 1656 797 1693 etiam
820 1666 889 1692 nec
914 1655 1083 1693 Donatus

37 1706 100 1745 lib.
111 1719 174 1745 111.
185 1708 330 1745 Romae
342 1707 486 1745 Veteris
509 1718 587 1756 cap.
600 1718 657 1755 13.
668 1718 738 1744 nec
752 1705 934 1744 Nardinus
951 1705 1011 1744 lib.
1024 1718 1089 1744 111.

39 1768 118 1806 cap.
139 1770 174 1794 2.
200 1755 475 1795 satisfaciebant.
508 1769 579 1796 nec
602 1765 727 1796 tamen
758 1758 940 1795 rationem
961 1757 1087 1794 nomi-

42 1809 120 1852 nis,
144 1819 221 1858 quo
242 1809 331 1845 reela
361 1808 426 1846 via
455 1808 642 1847 dicebatur
664 1836 673 1853 ,
702 1809 913 1856 excogitare
932 1815 1086 1856 poterat.

43 1858 212 1909 interque
233 1870 299 1898 nos
329 1860 600 1904 conveniebat,
629 1857 732 1897 fuiffe
754 1858 945 1901 semitam,
973 1870 992 1895 a
1017 1859 1090 1896 Ca-

27 1919 139 1960 -pena
159 1918 263 1958 porta
293 1909 338 1948 ad
355 1911 483 1949 Martis
514 1910 698 1957 templum
724 1937 735 1955 ‚
774 1910 876 1958 cujus
905 1909 1032 1948 Livius
1055 1922 1090 1949 x.

43 1971 123 2009 cap.
143 1972 203 2009 23.
232 1960 436 2007 meminit,
484 1960 660 2000 diversam
699 1971 719 1998 a
748 1961 809 1998 via
841 1960 912 2009 ipsa
947 1961 1089 2009 Appia,

45 2015 139 2061 quae
168 2023 188 2049 a
223 2010 372 2060 Capena
400 2012 510 2050 etiam
536 2010 756 2061 incipiebat,
783 2009 901 2048 sedin
931 2011 1091 2058 Campa-

32 2062 145 2101 uniam
177 2061 328 2100 ferebat.
363 2063 457 2100 hanc
495 2070 620 2100 autem
651 2063 816 2099 semitam
845 2062 907 2098 hic
938 2062 1092 2110 intelligi

33 2112 194 2162 putabat
217 2140 228 2157 ,
255 2124 350 2161 quae
380 2113 501 2162 postea
523 2113 580 2150 via
613 2112 707 2150 faeni
732 2112 837 2150 fuerit
865 2123 927 2160 per
954 2112 1093 2149 Censo-

50 2169 114 2202 res.
141 2163 289 2212 quaresi
303 2165 412 2201 restae
432 2163 609 2202 vellemus
626 2163 747 2211 legere
762 2191 772 2206 ,
800 2161 1095 2211 intelligipoffet,

49 2212 142 2252 'hanc
159 2213 324 2252 semitam
342 2226 362 2252 a
380 2222 484 2263 porta
497 2216 646 2263 Capena
668 2212 766 2250 ῑεὲὶὲι
786 2210 924 2250 duxiffe
944 2212 1095 2251 adtem-

45 2263 174 2314 plum,
201 2276 285 2303 cum
310 2265 368 2302 via
379 2265 712 2314 Appia,quaelata
737 2265 774 2301 &
798 2265 894 2312 regia
916 2271 1013 2307 erat,
1034 2275 1097 2312 per

37 2313 166 2364 plures
195 2315 376 2354 anfracstus
413 2314 503 2354 isset.
548 2316 587 2354 δε
617 2316 666 2353 ita
687 2313 938 2362 distinguenda
965 2313 1052 2352 ess'et
1076 2327 1098 2351 a

50 2367 141 2404 uela
162 2367 220 2404 via
246 2368 284 2405 in
308 2367 395 2405 urbe
415 2378 530 2416 prope
553 2366 772 2404 Tiberim&
794 2366 979 2413 Campum
996 2366 1099 2402 Mar-

38 2415 145 2456 .tium
167 2445 178 2462 ,
220 2416 266 2455 de
298 2429 370 2466 qua
396 2417 575 2455 Martialis
601 2417 660 2454 lib.
681 2428 772 2454 viri.
799 2416 869 2464 Ep.
889 2427 950 2464 75.
979 2416 1016 2454 ἃ
1038 2416 1098 2454 lib.

38 2471 118 2506 ⁴111.
142 2468 211 2515 Ep.
232 2481 265 2515 5.
293 2469 396 2516 cujus
425 2469 534 2505 etiarn
557 2468 695 2505 Poetae
719 2466 828 2504 verba
852 2466 897 2504 de
919 2469 1007 2504 teffa
1030 2467 1094 2504 via

51 2519 148 2566 capit
172 2516 366 2561 Heinsius,
396 2519 432 2555 &
454 2526 538 2555 ante
557 2529 642 2554 eum
675 2518 846 2553 Gronov.
866 2517 912 2554 ad
933 2517 1094 2554 Senecae

51 2568 312 2617 Apocolynth.
333 2576 375 2606 ut
396 2567 556 2617 agnoscit
576 2566 747 2613 Heinsius
771 2566 814 2604 ad
833 2567 1096 2616 Claudian.1ir.

53 2619 166 2657 Cons.
187 2619 334 2656 Honor.
355 2619 484 2668 10.qui
506 2627 629 2656 tamen
650 2617 780 2655 recstius
794 2628 923 2666 ,quarn
949 2618 1101 2655 Grono-

51 2669 131 2709 vius
153 2670 190 2707 ὃ(
212 2669 388 2718 Neapolis
402 2670 523 2714 ,viam
551 2671 677 2706 restam
695 2669 737 2705 ab
766 2668 833 2706 hac
852 2668 981 2706 Ovidii
1004 2670 1103 2706 Teela

59 2719 252 2770 distinguit.
274 2719 332 2758 sed
353 2720 522 2758 nondum
547 2721 639 2758 ratio
665 2731 726 2756 cur
747 2720 835 2755 terra
853 2718 947 2756 dista
977 2719 1018 2756 fit
1038 2731 1100 2768 ap-

55 2779 172 2820 paret:
202 2783 288 2809 nam
305 2771 407 2820 quod
429 2771 598 2808 Donatus
622 2770 666 2808 de
686 2770 881 2818 porticibus
913 2778 973 2807 aut
986 2771 1101 2808 forni-

51 2822 177 2870 acibus,
204 2823 333 2872 quibus
359 2821 455 2860 reela
484 2822 594 2860 fuerit
612 2849 623 2865 ‚
659 2821 809 2869 conjicit
832 2848 842 2864 ,
879 2822 1102 2858 refutatione

60 2872 221 2922 indigere
248 2885 325 2910 non
353 2881 456 2921 puto.
483 2885 552 2910 nec
569 2872 655 2922 quia
680 2872 781 2908 strata
807 2879 881 2908 erat
898 2871 1017 2919 lapide
1040 2883 1102 2920 pe-

65 2923 196 2962 culiare
217 2923 277 2961 sibi
307 2924 423 2972 magis
446 2935 586 2961 nomen
611 2931 755 2971 poterat
781 2921 965 2959 vindicare
988 2933 1100 2971 quam

64 2980 121 3012 tot
140 2974 241 3012 aliae.
264 2974 298 3012 Si
324 2973 464 3012 ostendi
485 2972 624 3022 poffet3
650 2985 712 3020 per
732 2973 826 3010 hanc
849 2973 947 3009 viam
969 2972 1101 3010 sacrani

56 3025 242 3072 'quandam
265 3036 440 3073 pompam
474 3025 557 3062 duci
587 3024 725 3061 solitam
741 3051 751 3067 ,
782 3025 817 3060 in
840 3035 949 3072 quani
977 3035 1021 3060 ex
1044 3035 1103 3060 ae-

68 3074 168 3113 dibus
187 3075 367 3124 despicere
395 3087 472 3113 non
501 3074 631 3113 licebat
653 3102 664 3118 ,
692 3072 808 3122 posset
829 3073 924 3111 tersia
947 3076 1004 3111 via
1025 3075 1103 3121 capi

69 3132 108 3161 ut
133 3125 268 3163 velatae
303 3128 382 3163 viae
407 3126 503 3174 apud
538 3124 712 3163 Nostrum
738 3137 799 3162 111.
830 3124 917 3162 Am.
954 3136 1011 3172 ¹3·
1049 3124 1106 3162 scd

67 3175 156 3212 nihil
174 3177 262 3214 mihi
289 3177 334 3214 de
355 3176 412 3214 illa
433 3176 571 3214 lec‘lum
602 3175 675 3219 est,
710 3186 778 3212 nec
806 3174 846 3212 fit
875 3175 1082 3212 verosimile
1099 3203 1108 3218 ,

68 3233 165 3261 extra
186 3226 310 3264 urbem
331 3236 388 3265 tot
417 3226 579 3264 aedificia
599 3227 679 3264 viae
699 3225 860 3274 apposita
883 3226 981 3263 fuifl‘e
1008 3254 1017 3269 ,
1049 3235 1109 3263 aut

64 3285 239 3323 pompam
265 3287 327 3324 per
355 3288 438 3316 eam
457 3277 618 3317 ductam.
653 3289 747 3327 quae
775 3278 902 3316 omnia
930 3289 1015 3316 cuin
1042 3277 1109 3315 du—

559 908 828 983 Factaque
854 911 954 965 erit
985 910 1158 991 posito
1182 929 1305 967 rore
1330 912 1408 967 bis
1433 913 1538 967 uda
1562 914 1737 985 seges;

2063 1038 2188 1094 Hac

1135 1174 1235 1213 biam
1271 1174 1384 1224 magis
1402 1174 1536 1212 faciant
1566 1173 1782 1213 sententiam
1805 1203 1816 1220 ,
1845 1183 1907 1214 aut
1936 1176 2085 1213 dextrae
2105 1177 2189 1222 liic,

1136 1237 1198 1264 aut
1217 1228 1324 1264 reblae
1356 1226 1599 1274 praeferrem,
1627 1234 1688 1264 aut
1712 1225 1758 1264 de
1786 1227 1941 1264 nomine
1971 1230 2084 1264 teelae
2115 1239 2196 1266 am-

1137 1277 1228 1323 plius
1249 1276 1523 1314 deliberandum
1545 1277 1741 1315 censerem.
1769 1278 1912 1315 dextrae
1934 1277 2019 1315 citat
2048 1276 2191 1317 Fabret.

1068 1373 1070 1376 y
1138 1326 1230 1366 Diss.
1252 1340 1279 1366 1.
1306 1327 1352 1365 de
1375 1327 1683 1376 aquaeductibus,
1710 1339 1755 1365 ex
1783 1329 1886 1378 cujus
1910 1328 2085 1366 sententia
2102 1339 2192 1366 cum

1141 1378 1214 1416 Via
1233 1378 1368 1416 Latina
1399 1390 1446 1415 ex
1478 1378 1599 1426 Appia
1621 1378 1766 1417 initium
1786 1379 1923 1427 ceperit
1947 1378 2148 1427 paullulum
2171 1391 2193 1417 a

1141 1438 1246 1477 porta
1276 1429 1425 1476 Capena
1448 1456 1458 1473 ,
1486 1430 1607 1477 potuit
1634 1431 1708 1466 hoc
1737 1430 1919 1479 templum
1950 1429 2027 1477 post
2057 1429 2193 1467 devor-

1142 1480 1236 1518 tium
1265 1478 1354 1517 illud
1374 1480 1423 1517 ita
1445 1478 1605 1528 positum
1626 1478 1752 1525 fuiffe,
1783 1490 1822 1518 ut
1854 1479 2060 1529 appositum
2082 1480 2192 1518 fuerit

1142 1530 1238 1568 Viae
1260 1531 1404 1578 Appiae
1419 1558 1429 1574 ,
1457 1542 1566 1579 quam
1593 1542 1612 1568 a
1633 1530 1755 1569 dextra
1769 1530 1947 1575 habebat,
1978 1543 2062 1569 cum
2081 1530 2199 1568 asini-

1142 1581 1208 1619 stra
1226 1579 1312 1619 effet
1331 1582 1476 1619 Latina.
1503 1581 1562 1619 sed
1593 1582 1683 1619 haec
1716 1581 1835 1620 adhuc
1860 1582 1942 1620 luce
1963 1583 2114 1620 clariore
2136 1582 2194 1619 in-

1143 1631 1280 1680 digent.
1297 1633 1334 1670 in
1358 1632 1525 1670 Nardino
1550 1643 1637 1670 vero
1660 1633 1795 1670 Latine
1815 1633 1919 1670 verso
1943 1633 1981 1670 &
2000 1633 2119 1671 Tom.
2138 1644 2194 1670 lv.

1144 1682 1324 1720 Thesaur.
1346 1683 1506 1720 Roman.
1519 1683 1607 1721 Ant.
1627 1683 1761 1721 inserto
1777 1711 1787 1728 ,
1801 1682 1911 1721 video
1924 1683 1998 1721 hoc
2016 1682 2196 1722 distichon

1145 1733 1414 1783 corruptissime
1438 1733 1487 1771 ita
1507 1734 1568 1772 edi
1584 1760 1595 1778 ,

1193 1803 1274 1835 Lux
1296 1796 1414 1834 eadem
1438 1797 1554 1834 Marti
1569 1797 1657 1846 festa
1679 1796 1744 1844 est,
1773 1810 1880 1846 quam
1894 1796 2051 1848 prospicit
2071 1797 2143 1846 ipsa

1244 1846 1446 1898 Appositum
1465 1850 1572 1885 reciae
1594 1849 1662 1897 (al.
1681 1848 1812 1897 teift'ae)
1837 1858 1938 1898 porta
1951 1855 2090 1898 Capena
2102 1848 2195 1887 viae.

1141 1910 1227 1950 vide
1249 1912 1361 1949 etiam
1394 1911 1546 1950 Scriver.
1566 1911 1611 1950 ad
1638 1913 1751 1952 Mart.
1769 1924 1861 1951 vm.
1895 1924 1952 1963 75.
1982 1913 2194 1962 adjunaezum

1144 1964 1256 2001 etia-m
1274 1962 1474 2002 Bernenfis.
1501 1963 1633 2001 Burin.
1767 1980 1772 1984 ·

1203 2025 1288 2063 193.
1315 2014 1488 2051 Meritam
1517 2014 1660 2051 delubra
1693 2013 1888 2064 fatemur.]
1954 2015 2200 2064 Tempestatis

1147 2064 1278 2103 aedem
1303 2065 1405 2113 ajunt
1426 2074 1555 2102 votam
1579 2064 1599 2102 a
1620 2066 1677 2103 M.
1699 2066 1880 2104 Marcello
1896 2093 1905 2108 ,
1933 2067 1997 2115 qui
2020 2066 2116 2104 bello
2131 2067 2200 2103 Pu-

1149 2116 1237 2152 nico
1255 2114 1415 2153 secundo
1443 2115 1630 2164 Syracusas
1652 2116 1739 2152 vicit
1759 2144 1768 2161 ‚
1805 2116 1847 2153 ab
1868 2117 2011 2153 Oceani
2036 2118 2201 2166 periculo

1149 2165 1326 2209 liberato,
1356 2176 1441 2203 cum
1473 2166 1509 2202 in
1544 2166 1731 2203 Corsicam
1764 2168 1801 2203 ὅ(
1830 2166 2030 2205 Sardiniam
2053 2168 2203 2215 naviga-

1151 2225 1217 2253 ret.
1238 2215 1331 2253 Situs
1345 2215 1442 2253 aedis
1456 2217 1571 2253 fuitin
1589 2215 1707 2265 Appia
1727 2218 1838 2254 etiam
1859 2225 1958 2255 extra
1972 2226 2116 2266 portam
2130 2219 2202 2255 Ca-

1152 2277 1286 2315 penam
1301 2274 1361 2309 ‚ut
1382 2266 1440 2304 illa
1457 2268 1640 2305 Martialis.
1656 2268 1778 2305 NEAP.
1808 2268 1914 2306 Haec
1930 2268 2202 2306 illustrenturex

1155 2318 1272 2355 veteri
1296 2316 1417 2366 lapide
1439 2318 1583 2356 Romae
1596 2326 1680 2356 ante
1694 2330 1872 2356 xi.annos
1884 2318 2014 2357 effosso
2028 2348 2036 2361 ‚
2051 2321 2087 2356 ὅ(
2102 2319 2146 2357 de
2158 2320 2204 2356 L.

1155 2368 1330 2415 Scipione
1352 2368 1534 2418 intellige,
1565 2371 1628 2418 qui
1654 2368 1841 2407 Corsicam
1865 2371 2199 2419 expugnamur-ion

1154 2419 1200 2457 de
1220 2419 1276 2455 M.
1290 2419 1470 2456 Marcello
1486 2448 1495 2464 ,
1523 2420 1625 2467 quod
1646 2421 1859 2467 interpretes
1881 2420 2022 2457 volunt.
2054 2420 2198 2457 Heras.

1156 2471 1265 2518 Lapis
1283 2469 1341 2507 ille
1354 2482 1372 2505 a
1387 2469 1559 2506 Reincfio
1573 2470 1703 2506 relatus
1721 2471 1755 2506 in
1777 2468 1918 2506 claffem
1945 2482 1997 2506 vx.
2019 2481 2200 2517 34.quem

1152 2519 1390 2557 Sirniondum
1423 2518 1603 2557 illustrasse
1634 2519 1731 2556 dicit.
1768 2519 1841 2556 vid.
1880 2519 2049 2556 Gaffcnd.
2086 2521 2201 2557 vitam

1153 2570 1280 2607 Peires.
1297 2569 1356 2607 lib.
1387 2582 1448 2607 111.
1478 2581 1556 2618 pag.
1586 2581 1666 2617 157.
1694 2571 1732 2606 &
1764 2569 1906 2606 Selden.
1929 2570 1974 2607 dc
1997 2570 2077 2607 Dea
2101 2570 2203 2619 Syria

1156 2620 1298 2668 Proleg.
1319 2631 1395 2667 cap.
1421 2631 1454 2668 3.
1474 2621 1639 2666 fatentur
1662 2621 1811 2657 Putean.
1831 2620 1930 2657 alter.
1958 2619 2202 2657 nostibiTem·

1152 2671 1259 2720 pellas
1278 2682 1399 2707 merito
1419 2671 1452 2706 d.
1465 2672 1626 2716 fatemur
1647 2670 1813 2708 ssernens.
1835 2682 1922 2708 mox
1937 2698 1946 2715 ‚
1961 2682 2061 2708 eruta
2083 2669 2203 2719 claffis,

1159 2721 1246 2761 duo.
1268 2721 1310 2768 est
1328 2720 1397 2756 illis
1416 2721 1537 2758 obruta
1557 2721 1722 2759 Bernens.
1746 2721 1874 2758 Burin.

1216 2785 1295 2821 195.
1324 2772 1492 2823 pasena]
1536 2779 1686 2809 Manent
1709 2773 1856 2810 Putean.
1876 2773 1956 2817 alii,
1981 2782 2103 2822 paret,
2128 2780 2207 2821 pro-

1160 2823 1216 2860 bet.
1229 2851 1238 2867 ,
1253 2823 1415 2872 probant.

1214 2886 1294 2922 195.
1323 2874 1358 2909 Si
1377 2875 1574 2923 quaerimus
1594 2873 1724 2923 astra]
1756 2873 1934 2919 Quaeritis
1952 2873 2071 2911 Urfini
2087 2874 2204 2911 &tres

1160 2924 1232 2961 alii.
1260 2932 1299 2961 ut
1324 2924 1426 2972 saepe
1449 2925 1531 2962 alibi
1557 2926 1697 2962 Noster.
1728 2925 1871 2962 Heius.
1919 2925 1983 2962 Sed
2006 2925 2207 2975 quaerimus

1161 2973 1227 3011 Ed.
1252 2974 1394 3022 Grypli.

1215 3026 1294 3072 196.
1324 3030 1418 3060 Tunc
1437 3025 1586 3075 oritur.]
1617 3025 1764 3063 Eisdem
1788 3026 1959 3064 Kalendis
1980 3025 2208 3064 ostenditor-

1163 3083 1241 3112 tum
1268 3076 1380 3113 totius
1401 3076 1558 3126 Aquilae
1581 3077 1828 3124 vespertinum
1854 3090 1861 3114 :
1902 3079 1958 3115 cui
1978 3076 2206 3125 adstipulatur

1164 3125 1372 3164 Columella
1401 3128 1438 3164 &
1464 3129 1609 3165 Plinius.
1636 3129 1812 3164 Neapor..

1223 3188 1305 3223 ¹97-
1335 3177 1469 3221 Postera
1494 3178 1598 3228 lux.]
1641 3190 1692 3216 iv.
1722 3179 1849 3216 Nonas
1871 3178 2023 3227 Hyades
2046 3178 2211 3214 oriuntur

1165 3227 1317 3265 heliace.
1346 3229 1473 3266 Nem

1223 3278 1305 3327 198.
1333 3278 1548 3329 Madescia]
1580 3279 1752 3328 Madescet
1778 3279 1927 3316 Moreti'.
2139 3329 2148 3344 V

1989 3337 2074 3373 1529.
2104 3330 2213 3363 ⁴hane
