2495 3675
455 128 1088 194 TRISTIUM
1161 128 1506 192 L1n.111.
1581 135 1884 201 ΕιΕο.Ιν.
2076 165 2197 212 ,593

351 237 625 310 Adspici3‚
664 249 722 293 ut
747 236 950 291 summa
973 245 1165 289 cortex
1187 232 1313 287 levis
1337 230 1540 287 innatet
1562 233 1703 286 unda
1718 272 1735 298 ,

418 311 561 366 Cum
587 328 745 383 grave
769 326 907 364 nexa
930 306 1080 362 fimul
1105 306 1237 361 retia
1262 319 1467 377 mergat
1493 321 1640 359 onuS.
1697 358 1700 360 ,

347 385 506 438 Haec
535 401 638 454 ego
667 383 702 437 si
728 382 964 436 monitor
988 380 1222 434 monitus
1246 379 1388 449 prius
1416 378 1524 449 ipse
1548 375 1753 433 fuiss'em
1770 417 1785 443 ,

426 457 484 511 In
510 460 616 528 qua
637 455 927 510 debueram
951 451 1168 506 forfitan
1193 451 1340 506 Urbe
1356 491 1371 515 ,
1409 450 1597 506 forem.

210 543 270 595 15
346 529 495 584 Dum
520 543 698 583 tecum
729 525 863 587 vixi,
902 524 1031 577 durn
1059 541 1145 578 me
1170 524 1296 578 levis
1323 542 1445 579 aura
1473 524 1708 588 ferebat,

421 600 577 655 Haec
602 616 718 655 mea
744 614 839 668 per
862 596 1091 666 placidas
1119 597 1306 668 cymba
1335 598 1568 652 cucurrit
1596 615 1769 669 aquas.

351 673 464 747 Qui
490 674 631 728 cadit
657 671 711 724 in
737 669 894 741 plano
935 671 1060 736 (vix
1087 669 1190 722 hoc
1225 684 1401 723 tamen
1427 670 1605 724 evenit
1631 669 1841 742 ipsum)

421 745 506 800 Sic
537 743 712 807 cadit,
749 755 807 796 ut
833 739 968 795 taffli
990 739 1202 811 surgere
1231 742 1386 813 poflit
1414 742 1605 795 humo:

348 818 424 873 At
453 817 608 872 miser
634 815 871 885 Elpenor
897 811 1040 867 reem
1067 814 1303 884 delapsus
1330 813 1394 868 ab
1418 816 1526 868 alto

200 905 271 942 20
419 889 672 943 Occurrit
698 888 841 958 Regi
865 885 1052 940 debilis
1078 885 1264 939 umbra
1289 886 1397 941 suo,

342 961 493 1034 Quid
519 961 619 1015 fuit
639 1004 651 1022 ‚
689 975 746 1014 ut
775 972 911 1014 tutas
935 958 1143 1031 agitarit
1167 958 1429 1015 Daedalus
1458 962 1589 1024 alas;

417 1033 591 1088 Icarus
619 1032 895 1087 immensas
921 1032 1139 1086 nomine
1167 1031 1334 1102 fignet
1360 1035 1546 1104 aquas?

337 1105 548 1176 Nempe
580 1106 728 1177 quod
752 1105 838 1160 hic
864 1104 998 1168 alte,
1037 1104 1307 1158 demiffius
1334 1104 1417 1158 ille
1443 1104 1667 1160 volabat.

408 1178 546 1233 Nam
576 1195 774 1251 pennas
799 1178 958 1234 ambo
983 1194 1095 1233 non
1119 1176 1350 1232 habuere
1373 1177 1518 1233 suas?

2061 1302 2196 1357 Cre-

53 1437 92 1478 in
111 1447 256 1489 tempore
278 1437 367 1476 mali
374 1435 451 1484 fuit
465 1465 476 1483 ,
496 1435 586 1473 nihil
606 1433 712 1485 obfi83
735 1435 825 1485 quod
843 1435 882 1473 in
905 1436 1017 1484 caussa
1038 1435 1098 1473 bo·
1149 1435 1307 1474 reddam.
1334 1435 1371 1472 &
1391 1434 1484 1473 libro
1497 1447 1550 1474 vt.
1570 1436 1713 1474 debilem
1733 1443 1840 1474 vocat
1853 1435 2042 1485 afinarium
2056 1464 2066 1480 ‚
2079 1447 2194 1485 quem

54 1489 204 1536 nisus),
227 1487 339 1538 prosit.
378 1490 415 1525 δε
442 1500 472 1526 r.
491 1488 537 1525 de
560 1488 664 1525 Orat.
684 1487 743 1524 26.
773 1486 886 1523 Pudor
907 1500 976 1523 non
999 1487 1098 1524 modo
1150 1488 1261 1537 paulo
1282 1495 1366 1525 ante
1385 1486 1550 1524 claudum
1574 1489 1724 1526 dixerat.
1753 1488 1890 1525 Heius.
1921 1489 1971 1525 lta
1984 1487 2107 1536 paffim
2130 1498 2195 1524 ve·

46 1541 124 1578 ‘non
145 1539 228 1587 obest
245 1539 484 1588 orationi,sed
501 1539 608 1577 etiam
625 1537 808 1588 probitatis
829 1537 1098 1576 commendatio-
1149 1548 1243 1576 teres
1265 1536 1446 1576 vocabant
1476 1537 1623 1584 debiles,
1650 1539 1714 1588 qui
1744 1538 1914 1576 membro
1945 1538 2068 1586 aliquo
2100 1538 2197 1585 capti

54 1590 247 1640 neprodest.
275 1591 408 1630 Buam.
1150 1599 1212 1628 aut
1233 1589 1407 1627 debilitati
1436 1588 1530 1626 sunt.
1574 1590 1672 1628 Suet.
1702 1589 1814 1638 Vesp.
1834 1601 1919 1627 vt1.
1952 1588 2069 1626 debilis
2089 1601 2197 1626 crure.

109 1653 167 1680 10.
194 1641 389 1691 Lataque.]
451 1639 608 1691 Altaque
636 1650 743 1678 unus.
779 1639 965 1690 amplaque
993 1640 1095 1678 alius.
1146 1641 1185 1677 &
1214 1639 1404 1677 Minucius
1423 1638 1524 1676 Felix
1553 1641 1764 1679 Vulcanum
1789 1640 1954 1677 claudum
1983 1651 2026 1680 εν
2053 1637 2199 1676 debilem

53 1704 248 1742 magnaque
266 1693 403 1731 tertius.
1147 1699 1268 1728 vocat.
1296 1689 1535 1737 ficQuinenl.
1555 1691 1658 1730 Decl.
1683 1703 1738 1729 11.
1769 1702 1919 1729 caecum
1933 1691 2035 1739 saepe
2051 1689 2196 1726 debilem

109 1753 164 1780 11.
192 1743 349 1792 Adspicis
363 1771 373 1785 ‚
399 1752 439 1780 ut
460 1741 605 1789 summa
623 1749 736 1777 cortex
758 1738 847 1776 levis
865 1739 1011 1776 innatat
1025 1753 1093 1777 un·
1147 1749 1271 1778 vocat.
1287 1741 1371 1778 vide
1393 1741 1519 1779 Gifan.
1537 1743 1810 1780 lndic.Lucret.
1828 1742 2032 1790 eademque
2046 1741 2198 1778 varietas

54 1790 158 1880 da.']r
170 1792 272 1880 kibri
292 1793 432 1842 scripti,
459 1793 608 1829 innatet.
639 1791 698 1828 Sic
724 1791 762 1827 in
781 1789 907 1839 Elegia
926 1793 972 1829 de
993 1802 1094 1829 mor-
1150 1791 1245 1840 apud
1268 1792 1356 1829 Stat.
1380 1802 1460 1829 111.
1485 1792 1568 1841 563.

54 1851 92 1881 te
161 1844 170 1881 i
199 1843 281 1881 ulli:

1205 1862 1277 1893 Nos
1292 1866 1447 1907 pravum
1466 1870 1506 1894 ac
1524 1857 1630 1895 debile
1650 1857 1788 1907 vulgus.

103 1912 250 1961 Adspice
271 1910 410 1960 demiffis
426 1921 466 1949 ut
487 1922 543 1950 eat
562 1911 767 1962 miserabilis
787 1912 866 1951 alis.
1154 1907 1217 1945 ubi
1235 1908 1321 1945 Mss.
1341 1907 1463 1956 flebile.
1491 1908 1621 1948 BURM·
2133 1957 2138 1962 .
2172 1956 2177 1961 ³

55 1978 224 2018 CxofAN.
257 1989 288 2014 1.
309 1975 376 2014 Tr·
401 1987 510 2015 nn.
533 1988 568 2024 7.
1206 1969 1265 1995 22.
1294 1964 1412 1996 Icarus
1431 1959 1616 2007 immensas
1633 1959 1769 1997 nomine
1781 1958 1893 2009 fignet
1911 1956 2060 2009 aquas.]
2089 1956 2197 1994 Dixi-

184 2042 192 2048 ,
216 2041 224 2048 ‚
421 2041 429 2048 .
679 2042 686 2049 ,
1155 2020 1236 2046 mus
1256 2008 1302 2046 de
1324 2009 1501 2047 hocloco
1521 2010 1622 2059 supra
1642 2011 1703 2048 lib.
1724 2022 1752 2047 1.
1784 2013 1887 2060 Eleg.
1910 2022 1940 2047 1.
1958 2009 2011 2052 als.
2035 2020 2095 2056 90.
2131 2008 2198 2045 Su·

102 2043 240 2093 AsP¹⁶¹5
253 2070 262 2086 2
288 2052 328 2079 “t
345 2052 495 2079 ‘venum'
516 2043 565 2080 ad
581 2042 735 2080 ‘undula
752 2042 842 2079 “aa
861 2041 1046 2080 ‘Olumba⁶·
1154 2060 1288 2107 periori
1307 2059 1409 2097 versu
1428 2060 1532 2108 lege,
1549 2061 1701 2109 'agitarit
1713 2073 1779 2108 pro
1800 2061 1958 2108 agitaret.
1971 2069 2010 2098 ut
2029 2062 2077 2105 τῷ
2090 2058 2200 2108 fignet

108 2118 165 2146 11.
191 2112 284 2144 Cum
302 2105 453 2157 grave.]
507 2111 556 2145 Et
570 2120 680 2156 grave
701 2105 955 2144 Lovanienfis.
977 2108 1098 2152 forte,
1157 2109 1287 2148 melius
1306 2109 1342 2146 id
1363 2110 1590 2157 respondeat.
1618 2112 1762 2148 Herus.
1780 2141 1784 2145 .
1800 2111 1854 2148 Cl.
1876 2111 2030 2158 Bentlej.
2047 2110 2091 2148 ad
2114 2113 2198 2147 l-lo-

59 2167 96 2209 (ιτ
109 2170 231 2208 grave.
1156 2169 1219 2197 rat.
1241 2171 1297 2197 rr.
1319 2160 1394 2197 Od.
1416 2172 1476 2198 20.
1497 2161 1608 2208 legit,
1638 2168 1752 2199 Icarus
1784 2162 1911 2199 Icarius
1937 2161 2073 2199 nomine
2085 2159 2196 2209 stgnet

109 2220 166 2257 13.
191 2211 254 2245 His
275 2222 328 2256 ego
340 2206 375 2257 si
392 2207 534 2245 monitis
559 2207 712 2245 monitus
734 2206 830 2255 prius
858 2206 923 2255 ipse
945 2205 1100 2256 fuiffem‚
1155 2223 1287 2260 aquas.-
1316 2222 1361 2247 ex
1380 2219 1539 2260 quatuor
1557 2212 1703 2260 scriptis.
1730 2224 1793 2261 per
1813 2225 1873 2251 me
1898 2213 1997 2251 licet.
2027 2210 2197 2261 quamvis

61 2264 102 2298 1n
119 2271 189 2310 qua
211 2259 395 2303 debebam,
414 2256 568 2306 forfitan
588 2256 830 2307 urbesorem.]
862 2257 981 2312 'Libri
999 2267 1102 2296 vete·
1156 2272 1201 2298 ex
1225 2261 1329 2310 Eleg.
1355 2273 1386 2299 1.
1407 2261 1467 2299 lib.
1489 2274 1520 2299 r.
1545 2262 1639 2300 hanc
1667 2263 1868 2301 lestionem
1897 2265 2051 2311 arripere
2069 2270 2200 2310 potue-

59 2310 112 2349 te's
133 2311 171 2348 ὃ(
192 2309 343 2358 quidam
377 2308 517 2347 excufi:
548 2309 612 2345 His
640 2320 694 2355 ego
719 2306 750 2356 fi
773 2320 922 2344 monitor
951 2308 1104 2345 monitus
1155 2312 1201 2349 rit
1221 2312 1343 2350 scriba.
1372 2318 1502 2349 Icareas
1533 2314 1669 2351 nomine
1687 2314 1772 2361 fecit
1796 2328 1909 2362 aquas
1929 2315 2074 2351 Lovan.
2094 2311 2199 2348 ssern.

54 2367 90 2410 p.
107 2360 221 2410 ipftfi
252 2366 290 2396 ln
313 2373 384 2410 qua
415 2359 612 2397 debueram.
646 2360 767 2404 Vere,
795 2366 835 2396 ut
853 2367 957 2407 puto.
986 2358 1099 2397 Cxof.
1156 2363 1195 2400 &
1216 2362 1292 2401 duo
1311 2362 1382 2400 alii.
1410 2363 1589 2411 immersas
1621 2364 1789 2402 Leidens.
1814 2367 1853 2402 &
1875 2365 1951 2401 duo
1978 2363 2047 2399 alii.
2073 2373 2198 2409 aequo·

58 2415 150 2449 Haec
168 2423 222 2459 ego
242 2411 422 2448 editiones
442 2411 620 2456 optimae.
1155 2426 1228 2449 reas
1247 2414 1335 2452 duo.
1363 2413 1422 2451 sed
1443 2415 1630 2461 immensae
1646 2427 1756 2464 aquae
1779 2415 1930 2451 hicnon
1950 2414 2068 2449 minus
2096 2409 2198 2459 frigi-

113 2473 169 2506 14.
199 2466 238 2496 In
257 2473 327 2510 qua
346 2459 549 2509 debebam]
577 2458 774 2495 Debueram
795 2458 927 2497 redtius
946 2467 1017 2497 tres
1035 2471 1100 2498 ve·
1156 2463 1202 2500 de
1222 2464 1413 2507 dicuntur,
1440 2476 1552 2509 quam
1573 2465 1779 2509 immensum
1796 2463 2006 2513 profundum
2027 2460 2135 2507 Epist.
2159 2473 2194 2498 v.

58 2519 164 2550 teres·
191 2510 328 2547 HENS-
505 2558 512 2565 ⁸
545 2558 551 2565 ⁸
1159 2515 1219 2551 61.
1245 2514 1432 2561 immensus
1459 2525 1582 2562 pontus
1614 2527 1645 2551 1.
1676 2515 1785 2551 Trist.
1808 2527 1861 2552 Η.
1889 2525 1949 2562 39.
1988 2510 2196 2558 immensum

114 2573 169 2609 ¹5·
199 2565 300 2597 Dum
329 2557 592 2614 tecum.vtx1.]
657 2558 778 2597 Scribe
797 2587 808 2603 ‚
845 2565 943 2596 Dum
968 2574 1101 2598 mecum
1152 2565 1288 2611 fretum
1306 2566 1341 2601 in
1364 2565 1551 2611 Ibin.29.4.
1577 2564 1782 2610 immensum
1799 2577 1922 2613 aequor
1944 2562 2198 2610 Virg.Georg.

61 2611 165 2654 vixi,
193 2610 241 2647 fic
259 2609 359 2657 supra
375 2637 385 2651 .
415 2614 500 2645 Vtve
520 2608 596 2646 tibi.
642 2609 718 2647 Pari
738 2610 855 2648 modo
867 2611 983 2659 secum
1004 2612 1105 2649 habi·
1163 2627 1176 2652 1
1190 2627 1219 2652 1.
1242 2627 1324 2663 54¹-
1351 2626 1411 2652 vr.
1432 2617 1527 2652 Aen.
1548 2626 1631 2663 355.
1655 2614 1860 2661 immensum
1891 2626 1986 2650 mare
2009 2625 2037 2649 r.
2058 2613 2198 2660 Georg.

64 2671 138 2710 tare
161 2662 198 2699 &
231 2659 358 2698 similia
385 2668 582 2697 occurrunt
612 2661 707 2708 apud
735 2662 915 2710 antiquos.
952 2663 1103 2712 Apulej.
1159 2677 1219 2715 29.
1246 2665 1453 2704 &infinitis
1481 2665 1554 2702 aliis
1583 2665 1678 2712 apud
1705 2665 1836 2702 Poetas
1862 2664 1964 2702 locis.
1993 2663 2196 2712 Epitheton

56 2711 118 2765 lib.
145 2725 198 2751 11.
217 2713 309 2748 Met.
331 2709 473 2758 Evigila
497 2721 540 2750 ω·
558 2721 669 2746 tecum
689 2710 762 2758 esto.
790 2712 934 2750 Hems.
961 2719 1102 2750 Mecum
1157 2717 1257 2754 enim
1281 2725 1497 2765 perpetuum
1521 2715 1579 2753 est.
1607 2715 1735 2753 Buum.

63 2763 141 2802 vixi
166 2762 295 2812 probat
318 2761 435 2798 Faber
461 2761 520 2798 lib.
545 2773 599 2800 11.
626 2760 695 2809 Ep·
720 2773 776 2800 10.
803 2762 968 2813 sequenti
999 2764 1101 2803 versu
1206 2778 1268 2816 23.
1297 2767 1464 2814 Demiffus
1482 2765 1576 2816 ille]
1608 2766 1773 2814 Demissus
1793 2778 1835 2805 <J
1853 2765 1911 2803 ille
1931 2776 2023 2804 unus
2043 2762 2200 2804 Helnfii.

58 2810 167 2862 legit,
195 2823 279 2849 tunc
298 2825 387 2849 mea.
1156 2818 1252 2856 forte
1267 2846 1276 2862 ‚
1305 2828 1344 2853 at
1362 2818 1429 2854 ille.
1458 2817 1611 2865 demilyus
1630 2817 1688 2854 ille
1709 2817 1874 2854 Beruens.

74 2900 79 2903 ,
118 2865 174 2902 16.
200 2861 407 2918 cucur-rin]
436 2863 590 2900 Recurrit
616 2861 784 2919 [deidens.
1208 2880 1265 2913 24.
1294 2874 1374 2904 Non
1394 2867 1578 2916 habuere]
1628 2868 1724 2905 Puto
1744 2895 1754 2912 ,
1783 2881 1891 2904 nonne
1914 2866 2071 2904 habuere.
2091 2866 2199 2915 quic-

120 2925 178 2959 17.
205 2917 334 2949 Evemt
351 2913 496 2962 ipsum]
526 2919 658 2950 Evemt
676 2927 845 2963 umquam
865 2915 1010 2953 Lovan.
1157 2919 1245 2967 quid
1268 2918 1503 2955 membranae
1523 2918 1747 2955 obnituntur.
1775 2919 1914 2955 Hrms.
1955 2916 2199 2954 Broukhufius

94 3009 95 3013 Ἰ
119 2975 176 3011 19.
203 2962 382 3012 Elpenor.]
430 2963 786 3013 Alphenor-Beruens.
814 2966 851 3003 &
875 2965 978 3003 Leid.
1003 2976 1103 3012 crete,
1160 2969 1315 3006 malebat
1342 2995 1352 3012 ,
1389 2981 1474 3004 num
1496 2977 1625 3017 pennas
1643 2969 1742 3005 ambo
1762 2982 1829 3006 non
1850 2967 2023 3006 habuere?
2052 2968 2198 3005 Bentle-

73 3013 130 3052 vel
149 3015 235 3050 νεέῖο
254 3013 408 3063 delapsus
431 3014 529 3052 idem
558 3015 729 3055 Leidens.
1157 3020 1239 3068 jus,
1267 3032 1333 3055 non
1354 3018 1521 3063 habuere,
1550 3019 1619 3056 Sed
1645 3020 1837 3068 conjungit
1866 3033 1933 3055 non
1954 3021 2049 3066 suas.
2078 3018 2136 3054 sed
2159 3018 2199 3055 &

54 3100 58 3105 ,
120 3076 181 3102 20.
209 3064 343 3102 Flebilis
362 3064 487 3101 umbra
511 3064 526 3114 ]
557 3065 688 3102 Debilis
702 3066 870 3105 meliores
889 3079 1106 3116 magnonu-
1163 3071 1307 3118 vulgata
1331 3069 1442 3107 leitio
1472 3081 1534 3117 per
1566 3071 1890 3118 interrogationem
1927 3071 2029 3108 suum
2058 3068 2198 3106 sensum

73 3124 188 3152 mero.
206 3114 309 3163 quod
329 3117 366 3152 ὅ(
389 3115 432 3152 ad
453 3116 608 3154 Statium
631 3116 869 3163 deprehendit
889 3119 1108 3156 acutissimus
1164 3121 1295 3158 habere
1318 3120 1407 3158 mihi
1430 3120 1582 3158 videtur.
1611 3120 1696 3158 illud
1719 3135 1786 3157 non
1808 3122 2066 3169 interrogative
2095 3119 2198 3165 saepe

76 3165 306 3220 Gronovius..
326 3165 509 3204 Alluditur
541 3167 585 3205 ad
606 3168 743 3214 lapsum
777 3168 977 3216 Elpenoris.
1015 3169 1109 3206 clau·
1166 3171 1297 3209 Noster
1328 3183 1466 3219 ponere
1495 3171 1585 3209 solet
1617 3183 1682 3220 pro
1714 3185 1823 3208 nonne
1846 3200 1855 3215 ,
1892 3172 1992 3219 quod
2028 3169 2199 3207 Heinsius

75 3214 159 3251 dum
179 3216 217 3252 ὅ(
234 3214 373 3253 debilem
410 3218 605 3267 conjunxit
635 3218 815 3266 Apuleius
836 3221 992 3258 Metam.
1029 3232 1109 3257 111.
1165 3222 1269 3270 saepe
1290 3222 1433 3260 Ovidio
1453 3222 1626 3260 obtrudit.
1645 3222 1720 3260 vid.
1747 3235 1776 3261 1.
1798 3223 1928 3259 Amor.
1950 3234 1991 3258 vi
2006 3232 2033 3258 r.
2057 3232 2087 3260 7·
2121 3229 2199 3253 ¹¹1·

74 3264 159 3316 ium
171 3265 252 3316 jam
278 3279 332 3316 23⁰
353 3265 456 3314 istum
485 3268 684 3320 sacrilegum
713 3262 858 3309 debilem
879 3282 921 3312 <9³
942 3270 1108 3309 claudum
1163 3284 1225 3312 vt.
1249 3285 1309 3322 29.
1337 3273 1464 3323 virgil.
1482 3285 1556 3313 ιιι.
1578 3273 1657 3312 Ecl.
1682 3284 1737 3320 17.
1766 3279 1845 3312 Non
1865 3285 1917 3321 ego
1938 3283 1970 3309 te
1992 3269 2078 3307 vidi.
2100 3266 2201 3354 pxl'ffi
