2495 3675
499 174 1446 237 FASTO-RUM
1555 182 1749 237 L1n.

1824 189 1918 246 IV.

357 295 639 352 Postumus
667 297 820 352 huic:
861 297 951 369 qui
968 333 984 359 ‚
1024 293 1174 367 quod
1201 292 1337 349 silvis
1363 294 1463 349 fuit
1488 310 1635 350 ortus
1659 295 1715 349 in
1740 299 1879 364 altiS,

433 369 621 423 Silvius
646 370 701 424 in
735 371 889 424 Latia
917 380 1077 437 gente
1102 380 1320 421 vocatus
1344 381 1470 422 erat.

354 441 538 515 Isque,
576 442 770 496 Latine
795 479 810 502 ‚
849 438 944 492 tibi
969 451 1118 509 pater
1142 438 1242 492 est:
1286 439 1417 494 subit
1447 441 1580 496 Alba
1606 442 1889 499 Latinum:

429 515 711 569 Proximus
736 511 811 565 est
834 511 999 564 titulis
1025 510 1240 580 Epit03‚
1283 513 1416 566 Alba
1435 552 1446 573 ,
1484 514 1600 569 tuis,

209 603 277 656 45
350 587 439 642 Ille
466 587 617 641 dedit
641 583 811 654 Capyi
837 582 1072 637 recidiva
1101 585 1356 638 vocabula
1380 585 1613 657 Trojae3

425 659 497 713 Et
522 670 639 710 tuus
667 659 742 708 est
765 656 942 718 idem,
981 654 1234 726 Calpeie,
1275 657 1438 711 fabius
1466 677 1607 714 avus,

354 732 603 800 Cumque
631 728 791 798 patris
818 744 1044 798 regnum
1071 727 1186 797 post
1212 729 1352 783 hune
1380 730 1669 787 Tiberinus
1696 734 1946 798 haberet3

425 801 638 855 Dicitur
672 801 725 854 in
753 800 1001 854 Thuscae
1028 801 1239 871 gurgite
1265 804 1461 857 mersus
1486 823 1664 876 aquae.

342 875 460 946 Jam
489 886 664 926 tamen
692 873 967 944 Agrippan
993 873 1230 942 genitum
1251 915 1264 936 ,
1305 877 1703 950 Remulumque
1727 893 1983 953 nepotem

201 965 272 1020 50

420 945 670 1001 Viderat:
713 945 767 998 in
793 944 1086 999 Remulum
1118 946 1334 1000 fulmina
1364 948 1504 1002 miss'a
1530 949 1722 1004 ferunt.

345 1018 512 1077 Venit
543 1018 844 1071 Aventinus
872 1017 986 1089 post
1018 1017 1141 1071 hos:
1187 1019 1333 1073 locus
1369 1022 1510 1074 unde
1537 1036 1787 1085 vocatus;

422 1089 588 1147 Mons
614 1108 849 1164 quoque.
888 1089 1004 1163 post
1029 1090 1175 1147 illum
1203 1092 1397 1148 tradita
1422 1112 1582 1166 regna
1610 1095 1828 1152 Procae.

52 1305 127 1351 est,
155 1304 198 1344 ab
219 1305 332 1344 altero
354 1316 432 1344 non
458 1305 537 1344 satis
563 1303 778 1343 intelleecus.
806 1305 894 1354 Ejus
916 1306 1093 1344 sententia

57 1356 286 1405 petendatibi
299 1357 346 1395 est
366 1369 410 1394 ex
429 1357 519 1395 meis
539 1357 576 1393 in
589 1356 843 1405 Metamorph.
856 1356 1094 1394 Observatio-

56 1407 159 1446 nibus
179 1408 239 1446 lib.
262 1419 323 1445 xv.
350 1408 519 1445 emma.

99 1470 159 1504 40.
188 1457 353 1507 Tangit.]
385 1463 519 1506 Tangat
540 1466 697 1507 quatuor
722 1456 863 1494 Heinfii
885 1456 977 1493 libri.
1001 1457 1092 1503 Post-

51 1505 177 1546 humus
197 1509 276 1545 huic
299 1509 436 1546 Mazar.
459 1510 597 1546 Moret.
616 1508 732 1544 Voffii
755 1509 792 1544 ὃς
816 1508 946 1555 viginti
970 1507 1040 1545 alii.

101 1572 162 1606 41.
190 1560 264 1607 ἐμέ
293 1560 384 1609 quod
394 1558 508 1607 sylvis
521 1559 598 1607 fuit
619 1568 713 1595 ortus
733 1557 769 1593 in
788 1555 910 1607 aliie]
940 1557 992 1595 Ita
1014 1570 1092 1596 me-

47 1609 168 1648 liores.
190 1621 273 1646 cum
293 1618 377 1647 ante
394 1610 593 1657 legeretur,
621 1607 786 1656 Sylvisesl
799 1619 915 1645 natus¹²
934 1617 1093 1656 quatuor

48 1661 130 1703 alii,
150 1660 226 1706 fuit
244 1659 338 1696 altus
355 1660 392 1696 in
412 1659 506 1696 altis.
533 1659 639 1696 Unus
663 1658 765 1695 Med.
777 1659 855 1705 fuit
866 1660 973 1709 alfius.
986 1660 1092 1706 prim.

47 1710 258 1758 Ambr.fuit
270 1721 382 1749 artus.
405 1710 492 1747 alter
507 1708 703 1757 Put.Jylvis
715 1709 881 1746 nutritus.
902 1711 1045 1747 Hnms.

99 1774 156 1808 42.
186 1767 228 1797 ln
245 1760 388 1810 Latias]
419 1764 458 1798 A
482 1760 587 1797 Lasia
608 1761 760 1798 Putean.
782 1759 870 1798 alter
888 1758 1032 1799 Arund.
1051 1762 1089 1800 ὃς

47 1821 206 1862 quatuor
227 1811 298 1849 alii.

94 1875 152 1910 44.
181 1861 339 1912 Epitus.]
393 1861 510 1913 Epitor
532 1859 788 1900 Urfin.Patav.
812 1862 936 1904 Epicos.
966 1862 1089 1911 Lege,

44 1913 280 1961 Epiros.&fic
297 1914 389 1952 Met.
402 1913 579 1951 xw.612.
606 1913 755 1960 quidam
780 1913 936 1951 codices.
967 1914 1087 1952 Chro-

42 1964 156 2001 nicon
179 1964 421 2003 Eusebianum
450 1976 495 2002 ex
516 1963 680 2001 editione
701 1963 852 2001 Pontaci
877 1964 922 2002 ad
944 1975 1082 2004 annum

45 2026 162 2052 mxxx.
190 2015 394 2052 Latinorum
408 2015 574 2063 septimus
594 2013 725 2050 Silvius
741 2014 858 2062 Athys
872 2013 964 2062 ,five
978 2020 1084 2065 AEgy-

37 2073 142 2114 ptus,
165 2065 280 2102 Albae
294 2065 476 2115 superioris
481 2065 590 2113 filius.
603 2064 718 2102 editio
741 2064 907 2114 Scaligeri
921 2093 929 2107 ,
957 2065 1088 2103 Silvius

43 2121 158 2154 Attus
173 2143 181 2158 ,
196 2115 274 2165 five
286 2117 439 2166 AEgipus.
466 2116 526 2154 sed
544 2117 704 2153 omnino
717 2115 835 2164 Epirus
848 2114 1088 2154 scribendum.

44 2167 147 2215 quod
167 2168 202 2204 in
223 2168 407 2205 nonnullis
430 2166 695 2215 exemplaribus
724 2166 858 2203 exstare
878 2168 1021 2205 fatetur.
1049 2169 1086 2205 in

45 2217 120 2254 aliis
137 2217 351 2267 quibusdam
376 2246 386 2262 ,
420 2218 592 2265 AEgippus.
620 2217 715 2254 forte
746 2226 870 2254 tamen
904 2219 940 2254 ὅ(
961 2218 1085 2265 legen-

47 2266 134 2306 dum
151 2296 161 2313 ,
189 2273 325 2317 Epytos.
345 2269 448 2317 quod
462 2269 673 2318 Trojanum
698 2267 744 2304 est
760 2280 914 2305 nomen.
935 2269 1085 2306 videan-

43 2325 101 2357 tur
119 2319 304 2357 observata
324 2320 441 2357 nostra
473 2320 518 2357 ad
550 2320 748 2356 Maronem
770 2318 952 2356 AEneidos
975 2332 1015 2356 11.
1033 2320 1087 2361 Ja'ss.

46 2380 132 2418 539.
159 2382 203 2407 ex
226 2370 361 2407 eodem
384 2369 526 2408 Eusebii
554 2370 746 2406 Chronico
762 2397 772 2412 ‚
799 2378 839 2406 ut
860 2370 897 2407 ὅ(
925 2381 968 2406 ex
992 2371 1084 2407 Dio-

45 2418 151 2467 nyfio
182 2419 454 2457 Halicarnaffeo
484 2421 674 2468 Livioque
705 2421 795 2456 haec
817 2430 945 2468 regum
979 2420 1085 2458 Alba-

47 2480 181 2506 norum
205 2469 308 2506 series
328 2469 485 2507 illustrari
507 2470 635 2518 potest.
663 2470 808 2506 Heius.

95 2533 156 2567 45.
187 2518 247 2555 Ille
268 2519 361 2555 dedit
379 2519 534 2568 captae.]
564 2519 652 2556 Non
673 2519 782 2555 semel
802 2526 930 2555 monet
951 2521 1083 2567 meJo-

43 2567 173 2618 sephus
192 2569 368 2617 Scaliger,
397 2577 435 2606 ut
453 2569 569 2617 legam
585 2597 595 2613 ,
626 2568 684 2604 Ille
704 2568 800 2604 dedit
826 2568 958 2616 Capyi,
986 2571 1023 2606 &
1048 2572 1082 2608 in

40 2619 429 2658 Animadversionibus
452 2620 497 2657 ad
517 2619 708 2657 Eusebium
724 2647 733 2662 ,
764 2620 801 2656 ὅ(
824 2621 858 2656 in
884 2619 1082 2658 Canonum

42 2670 313 2720 Isagogicorum
335 2669 394 2707 lib.
420 2682 484 2707 111.
520 2669 631 2707 Facio
662 2670 807 2707 lubens;
838 2681 921 2707 nam
952 2670 991 2707 in
1009 2671 1082 2708 hoc

42 2721 187 2759 Albano
211 2721 338 2769 Capye
360 2721 436 2758 vult
456 2720 613 2758 Ovidius
633 2721 824 2773 repetitum
849 2718 919 2757 effe
939 2732 1077 2758 nomen

42 2771 134 2810 illius
154 2773 282 2810 veteris
302 2770 544 2809 Dardanidae.
577 2772 751 2808 ΝεΑΡοῐ..
780 2771 888 2820 Capyi
907 2773 1079 2809 emendat

43 2834 195 2873 magnus
219 2821 376 2871 Scaliger
406 2822 502 2859 notis
525 2821 569 2859 ad
590 2821 785 2859 Eusebium
815 2823 852 2859 ὅ(
876 2822 1073 2859 Canonum

43 2873 312 2924 Isagogicorum
340 2872 400 2910 lib.
430 2884 492 2909 111.
521 2873 559 2909 ὃς
595 2873 768 2909 Gronov.
796 2871 840 2909 ad
872 2871 956 2909 Liv.
990 2885 1016 2909 1.
1046 2884 1078 2921 3.

41 2923 168 2964 Paulus
193 2923 334 2961 Merula
357 2922 403 2960 ad
425 2923 583 2961 Annales
602 2923 736 2966 Ennii,
764 2922 888 2972 Capyis
929 2922 1072 2960 Politia-

41 2985 107 3014 nus
121 2976 157 3014 in
179 2986 243 3012 ora
265 2973 401 3011 codicis
421 2973 495 3018 sui,
524 2979 657 3022 Capys,
687 2974 866 3011 incertum
889 2983 932 3009 an
957 2984 1000 3010 ex
1015 2985 1075 3010 ve-

40 3027 107 3064 teri
123 3027 225 3065 libro,
253 3031 421 3073 Capetum
442 3036 534 3062 unus
557 3024 767 3062 Vaticanus
804 3024 910 3068 alius,
927 3023 1075 3072 patriae.

40 3075 128 3114 alter
144 3077 269 3115 Petav.
292 3083 429 3125 coeptae.
459 3075 519 3112 Jlle
531 3074 625 3111 dedit
645 3075 747 3124 Capis
771 3074 912 3122 repetita
932 3075 1076 3111 Servius

42 3125 88 3164 ad
113 3126 173 3165 lib.
191 3139 225 3164 x.
261 3138 340 3173 145.
377 3131 462 3163 AEn.
494 3127 592 3163 citat.
625 3125 663 3162 &
695 3132 834 3162 certum
867 3124 915 3161 est
947 3130 1077 3173 Capyos

42 3186 182 3214 nomen
201 3177 260 3214 hic
281 3177 404 3214 latere.
431 3188 497 3225 pro
521 3177 660 3225 repetita
692 3176 831 3213 Mazar.
852 3175 890 3212 &
911 3182 981 3212 tres
1003 3176 1077 3217 alii,

40 3225 204 3262 recidiva.
230 3237 299 3264 nec
328 3226 456 3264 dubito
484 3226 523 3264 in
549 3227 670 3275 primo
699 3227 810 3263 etiam
832 3224 1078 3262 Ambrosiano

41 3275 90 3312 ita
111 3274 224 3313 fuisse.
253 3283 326 3313 erat
349 3278 448 3315 enim
470 3277 563 3315 erasa
582 3284 686 3314 vetus
705 3277 885 3325 scriptura.
922 3275 966 3313 In
988 3275 1079 3312 Vos-

40 3323 139 3365 siano
158 3337 311 3376 quoque
333 3326 370 3363 δε
392 3326 748 3375 primo'Farnesiano
768 3326 918 3376 aliisque
939 3325 1082 3365 duobus

233 3381 328 3414 Tem.
355 3380 419 3417 111.

2012 1171 2196 1244 Quem

1149 1305 1197 1344 fic
1217 1318 1282 1356 pro
1302 1306 1439 1346 diversa
1460 1306 1621 1345 leffione
1644 1315 1718 1346 erat
1736 1316 1938 1346 exaratum.
1975 1308 2020 1347 de
2040 1322 2110 1359 qua
2130 1316 2199 1349 vo-‘

1149 1369 1191 1394 ce
1213 1359 1335 1395 multis
1355 1359 1398 1396 ad
1426 1359 1670 1396 Claudianum
1704 1359 1834 1407 ldyllio
1855 1361 2048 1398 Phoenicis
2065 1361 2119 1403 Μ.
2137 1363 2199 1401 66.

1149 1408 1217 1456 egi.
1247 1408 1393 1445 Totum
1419 1410 1527 1457 igitur
1558 1408 1698 1446 versum
1731 1410 1817 1457 lego
1847 1412 1920 1447 hoc
1943 1411 2081 1455 modo,
2112 1412 2198 1448 Edi·

1148 1458 1201 1493 dit
1222 1458 1279 1495 ille
1301 1464 1422 1507 Capyn
1437 1487 1447 1504 ,
1476 1459 1630 1495 recidiva
1651 1459 1819 1496 vocabula
1843 1463 1960 1510 Trojae
1978 1490 1985 1504 ,
2014 1462 2097 1506 vel,
2131 1461 2192 1499 Ille

1149 1514 1271 1557 Capyn
1296 1511 1425 1556 genuit.
1471 1510 1666 1546 recidivum
1700 1511 1808 1549 habes
1837 1512 1897 1550 lib.
1916 1525 1951 1551 x.
1986 1513 2078 1550 Met.
2109 1512 2194 1560 726.

1149 1570 1193 1596 ex
1216 1560 1369 1608 vestigiis
1393 1570 1558 1598 veterum
1584 1562 1779 1605 codicum,

1382 1611 1604 1659 recidivaque
1626 1612 1746 1648 mortis
1768 1612 1880 1661 imago

1200 1664 1338 1697 Annua
1355 1661 1527 1710 plangoris
1543 1671 1675 1710 peraget
1687 1661 1918 1710 fimulamina
1941 1664 2054 1713 nostri.

1147 1711 1294 1748 recidivi
1311 1724 1445 1749 vocem
1467 1712 1586 1750 adhuc
1609 1712 1823 1750 mendosam
1844 1714 1954 1752 latere
1967 1716 2064 1764 apud
2087 1715 2191 1764 Apuss

1146 1760 1259 1810 lejum
1290 1762 1384 1801 libro
1414 1775 1468 1800 xl.
1500 1765 1592 1800 Met.
1611 1764 1758 1810 opinor.
1790 1764 1888 1800 Varie
1908 1767 2049 1815 quisque
2069 1780 2193 1803 mune-

1145 1812 1299 1848 rabundi
1316 1813 1487 1859 festinant
1507 1812 1583 1849 ilico
1616 1812 1664 1849 ad
1694 1827 1809 1850 meum
1830 1814 1996 1852 divinum
2016 1816 2194 1854 reducem-

1144 1876 1208 1913 que
1226 1863 1270 1899 ab
1296 1862 1415 1908 inferis
1435 1863 1653 1914 conspel‘lum.
1681 1876 1748 1912 pro
1770 1864 1935 1902 divinum
1957 1867 2073 1916 scripti
2095 1879 2194 1906 non-

1143 1913 1253 1958 nulli,
1281 1913 1461 1951 diurnum.
1494 1917 1598 1962 Lego
1613 1943 1623 1958 ,
1652 1914 1856 1954 recidivum.
1878 1918 1974 1965 apud
1995 1918 2189 1958 Paulinum

1143 1975 1296 2013 quoque
1317 1964 1418 2002 sexto
1433 1966 1556 2002 Natali
1570 1965 1695 2003 Felicis
1707 1966 1841 2014 opinor
1858 1966 2085 2006 scribendum
2101 1968 2188 2016 esse,

1198 2014 1361 2051 Membra
1385 2015 1495 2053 latent
1511 2014 1630 2065 pofiti:
1657 2016 1795 2065 placida
1817 2031 1894 2054 caro
1905 2029 2012 2055 morte
2023 2020 2161 2068 quiescit
2176 2049 2189 2067 ‚

1194 2071 1235 2101 In
1249 2067 1343 2113 spem
1364 2079 1432 2102 non
1453 2079 1605 2102 vacuam
1627 2067 1799 2104 recidivae
1819 2069 1957 2104 condita
1975 2069 2082 2106 vitae.

1143 2127 1219 2153 non
1231 2116 1414 2153 redivivae
1427 2117 1778 2155 vitae.1—lnms.vid.
1791 2118 1827 2155 ὅ(
1840 2120 2186 2159 x1v.Met.611.Ca-
2240 2159 2242 2161 ,

1145 2166 1264 2204 millus
1275 2167 1457 2215 Peregrin.
1469 2167 1513 2205 de
1527 2168 1706 2217 Campan.
1719 2168 1826 2206 Felic.
1842 2168 1946 2206 Diffi
1955 2183 1986 2207 v.
2000 2171 2054 2215 §.7
2065 2200 2070 2206 .
2083 2180 2187 2219 putat

1146 2217 1327 2255 Ovidium
1341 2229 1481 2255 nomen
1504 2217 1624 2256 dicere
1645 2219 1793 2267 Capuae
1807 2230 2024 2258 renovatum
2038 2233 2057 2258 a
2075 2224 2186 2262 tertio

1146 2268 1289 2316 Capye,
1303 2278 1387 2306 cum
1401 2269 1476 2307 duo
1487 2269 1621 2307 fuerint
1632 2279 1715 2307 ante
1724 2282 1823 2307 euin.
1839 2272 1958 2319 Capys
1972 2271 2157 2320 Trojanus
2170 2300 2182 2318 ,

1143 2317 1235 2356 filius
1249 2318 1521 2367 Affiu-aci,pater
1534 2320 1729 2365 Anchisae,
1742 2332 1829 2359 avus
1843 2321 1998 2366 AEneae,
2010 2322 2185 2360 secundus

1144 2368 1288 2407 AEneae
1302 2382 1449 2412 comes,
1466 2372 1500 2407 δ’(
1516 2398 1526 2414 ,
1540 2380 1577 2407 ut
1599 2372 1745 2419 quidam
1761 2399 1771 2415 ‚
1793 2372 2037 2409 consobrinus.
2055 2373 2184 2411 ssunm.

1193 2429 1252 2466 ao.
1281 2427 1406 2470 Capete
1422 2449 1432 2464 ,
1449 2423 1567 2466 sacius
1586 2421 1706 2470 avu5.]
1737 2422 1830 2458 Puto
1851 2422 2043 2458 liternum
2069 2434 2181 2461 unam

1144 2469 1312 2507 excidisse
1326 2499 1335 2514 ‚
1350 2471 1650 2518 scribendumque
1667 2498 1676 2513 ‚
1690 2471 1824 2518 Calpete
1837 2499 1847 2514 ,
1869 2482 1906 2509 ur
1920 2472 2050 2508 habent
2064 2471 2184 2512 Prisci.

1145 2520 1341 2568 Vulgatam
1372 2520 1575 2556 editionem
1607 2520 1629 2556 fi
1662 2521 1846 2566 intueare,
1883 2534 1958 2558 non
1989 2522 2183 2568 respondet

1144 2571 1334 2617 quantitati
1355 2570 1574 2617 syllabariae.
1605 2571 1647 2607 Et
1676 2571 1759 2608 licet
1778 2571 1875 2608 bunc
1907 2572 2086 2620 Capetum
2110 2585 2182 2611 no-

1144 2620 1259 2657 minet
1280 2622 1315 2657 in
1340 2620 1652 2668 Metamorpboii‚
1677 2633 1751 2658 non
1767 2622 1923 2670 sequitur
1939 2651 1947 2664 .
1976 2623 2037 2660 liic
2058 2625 2104 2661 ita
2126 2635 2182 2661 re-

1141 2670 1232 2717 poni
1255 2671 1408 2707 debere:
1437 2683 1520 2708 nam
1551 2671 1646 2708 haud
1681 2672 1851 2718 discrepat
1873 2675 1906 2710 in
1931 2675 2005 2710 hoc
2035 2686 2108 2712 uno
2134 2674 2180 2714 de

1138 2720 1191 2757 his
1214 2721 1374 2769 Regibus
1399 2722 1704 2770 Metamorphosis
1730 2722 1748 2758 a
1771 2723 1887 2760 Fallis.
1917 2725 2038 2761 Nem).

1191 2782 1248 2815 47.
1275 2777 1434 2821 Cumque
1467 2773 1577 2820 patris
1609 2786 1748 2820 regnum
1770 2773 1836 2820 post
1865 2775 1955 2810 hanc
1987 2775 2174 2822 Tyberinus

1138 2821 1287 2858 ha’eret.
1304 2822 1316 2869 ]
1349 2823 1463 2859 Iidem
1478 2824 1554 2859 libri
1578 2826 1614 2860 &
1643 2823 1741 2860 Mnfi‘
1756 2825 1932 2872 Accipiens
1952 2839 2091 2874 regnum
2109 2827 2178 2875 post

1139 2871 1230 2908 hunc
1254 2872 1427 2908 siberinus
1456 2873 1499 2909 ab
1527 2873 1585 2908 illa
1607 2874 1746 2910 Dicitur
1765 2886 1834 2913 eye.
1864 2888 1938 2912 non
1963 2878 2074 2914 malus
2095 2878 2175 2915 sen-

1141 2921 1214 2959 sus:
1246 2922 1282 2958 ὅ(
1301 2930 1424 2959 tanim
1464 2923 1551 2960 nihil
1582 2926 1889 2962 n·1uto.C10rau.
1920 2927 2006 2964 Non
2026 2928 2177 2976 respon-›

1142 2971 1202 3009 det
1223 2973 1413 3010 Ovidiano
1432 2976 1540 3011 nitori
1562 2975 1620 3010 hic
1641 2975 1768 3012 versus.
1813 2975 1965 3014 Veteres
1987 2978 2170 3026 plerique,

1136 3023 1311 3069 Accipiens
1330 3036 1469 3071 regnum
1483 3024 1549 3072 post
1566 3024 1656 3060 hanc
1679 3025 1863 3074 Tyberinus
1884 3027 1927 3063 ab
1949 3027 2007 3064 illo
2020 3056 2030 3072 ,
2056 3030 2172 3066 niliilo

1135 3073 1294 3117 melius,
1330 3073 1394 3110 nili
1428 3075 1523 3112 forte
1553 3075 1648 3124 legas
1668 3103 1678 3119 ‚
1716 3077 1900 3124 Tyberinus
1928 3079 2079 3116 avitum.
2111 3079 2171 3117 sed

1136 3123 1414 3177 Met.x1v.6f14.
1435 3130 1584 3173 Regnum
1601 3125 1774 3164 Tiberinus
1794 3127 1916 3164 abillis
1927 3129 2034 3177 Cepit.
2058 3129 2169 3167 Euse-

1134 3173 1211 3210 bius
1224 3174 1260 3211 in
1280 3174 1491 3220 Chronico,
1514 3176 1720 3214 Latinarum
1743 3192 1801 3215 rex
1820 3178 1969 3215 decimus
1994 3179 2168 3216 Tiberinus

1137 3222 1287 3269 silvius,
1309 3226 1475 3274 Carpenti
1494 3225 1592 3274 filius
1607 3254 1615 3270 ,
1644 3226 1668 3263 οὶ
1691 3241 1755 3278 quo
1774 3227 1905 3276 fluvius
1926 3228 2108 3277 appellatus
2124 3226 2169 3272 est

1139 3273 1289 3320 Tiberis,
1316 3277 1375 3323 qui
1391 3276 1488 3326 prius
1505 3275 1641 3313 Albula
1661 3277 1861 3316 vocabatur.
1888 3279 2028 3315 Hfixxs.

1187 3336 1247 3375 49.
1273 3325 1366 3413 JaGm
1393 3336 1511 3366 tamen
1539 3327 1729 3378 Agrippam
1768 3339 1892 3366 natum
1921 3326 2170 3375 Remulumque

1362 3387 1385 3425 g
2081 3385 2177 3424 mpo-¹
