2495 3675
1215 0 1278 26 a

1199 48 1201 50 -
1241 40 1249 55 l

604 156 740 235 51⁵..
811 165 1224 233 ovrnrt
1299 119 1837 221 NAsoms

516 297 674 354 Nunc
698 295 835 350 bene
859 287 1146 364 prospicies
1173 271 1416 341 Latiam,
1454 273 1794 339 Concordia,
1832 275 2070 334 turbam:

375 379 480 444 640

238 788 577 839 interpretationem
612 785 711 823 suam
750 781 939 828 sumfiffe‚
981 783 1045 832 qui
1077 780 1169 830 longe
1203 784 1286 815 ante

237 842 406 890 explicat.
434 839 494 876 sed
515 835 787 888 significationis
800 836 878 886 ejus
901 833 1112 884 exemplum
1133 840 1286 881 quaero.

166 899 170 902 ’
237 891 369 930 Euam.

287 942 372 991 636.
399 940 528 978 Altera
554 947 746 978 venturum
770 937 936 988 postmodo
972 933 1138 987 quicquid
1165 930 1283 980 erat.]

238 994 295 1031 Ut
313 1000 470 1041 etymon
501 991 575 1029 hoc
605 989 736 1028 rectius
762 990 941 1038 quadret,
967 987 1116 1037 quidam
1139 983 1285 1021 codices

238 1044 362 1092 supra,
389 1041 575 1088 Postventa
604 1052 671 1089 pro
703 1040 889 1087 t’ostverta.
920 1039 990 1077 Sed
1013 1047 1170 1074 omnem
1190 1034 1287 1071 scru-

238 1093 367 1142 pulum
390 1092 526 1131 tollunt
544 1091 686 1130 Zulich.
705 1090 744 1127 &
766 1091 945 1128 Mazarin.
965 1090 1002 1127 in
1024 1087 1154 1137 quibus
1167 1113 1178 1131 ,
1194 1098 1285 1129 *ver-

230 1145 360 1193 surum
376 1143 544 1194 postmodo
561 1140 726 1192 quicquid
745 1152 835 1178 erat.
861 1142 1006 1179 Heius.

293 1208 380 1257 637.
405 1206 522 1248 Posuit
540 1206 606 1243 lux
635 1205 794 1256 proxima
814 1203 975 1254 templo]
1012 1213 1081 1240 xvt
1093 1213 1124 1239 1.
1150 1200 1286 1237 Kalen-

241 1255 538 1348 ‹kgAllfgb-ruatias
572 1257 754 1307 templum
794 1253 1030 1294 Concordiae
1060 1251 1284 1293 dedicatum.

296 1375 381 1425 638.
409 1377 494 1425 Qa
505 1377 579 1424 fert
590 1375 794 1427 stablimes]
844 1374 1016 1414 Ostendit
1034 1372 1140 1412 situm
1157 1399 1168 1417 ,
1194 1371 1288 1408 inter

239 1427 366 1466 forum
384 1427 519 1465 scilicet
542 1429 580 1466 &
607 1428 833 1478 Capitolium
863 1428 1015 1475 regione
1036 1437 1079 1462 v1
1095 1435 1146 1461 rr.
1171 1431 1287 1471 prope

241 1478 371 1516 aedem
393 1479 549 1525 Junonis
571 1480 775 1523 Monetae;
804 1479 851 1516 de
876 1476 948 1528 qua
974 1478 1041 1514 nos
1061 1473 1135 1513 fuse
1158 1473 1203 1511 ad
1227 1482 1288 1508 vr.

242 1528 350 1567 Dixit
369 1528 564 1576 sublime-55
601 1531 687 1580 quia
711 1528 755 1567 ad
783 1530 877 1566 hanc
906 1527 928 1565 a
953 1526 1096 1575 templo
1119 1525 1289 1562 Concor-

241 1579 324 1617 diae
342 1587 492 1618 centum
514 1580 680 1628 gradibus
705 1579 1030 1617 conscendebatur.
1055 1577 1234 1614 Neapor..

295 1643 379 1690 640.
406 1651 570 1681 Sacratae
593 1644 762 1693 restituere
784 1642 951 1692 manus.]
976 1643 1077 1691 Lege
1098 1653 1143 1679 ex
1161 1640 1288 1678 omni-

242 1694 309 1732 bus
336 1695 432 1733 libris
461 1695 619 1744 scriptis,
650 1695 855 1742 constituere.
893 1694 1061 1730 Ciorm.
1091 1693 1168 1730 Has
1195 1701 1287 1740 puto

243 1744 467 1783 Pontificum
495 1774 506 1790 ‚
542 1745 607 1783 nifi
626 1747 740 1784 animi
763 1745 877 1783 fallor.
905 1744 966 1781 De
989 1755 1096 1781 more
1112 1742 1198 1780 vide
1220 1752 1289 1779 nos

243 1794 358 1842 supra.
411 1796 624 1844 Constituere
660 1809 785 1834 manus
819 1794 931 1844 proba
960 1796 1119 1832 omnino
1152 1792 1264 1831 leetio
1276 1808 1287 1836 ;

245 1844 334 1883 falso
349 1847 385 1883 in
407 1847 483 1884 aliis
501 1848 680 1890 restituere.
699 1859 776 1897 quo
791 1846 890 1885 sensu
905 1874 915 1889 ‚
935 1845 960 1884 fi
979 1846 1137 1894 primurn
1158 1843 1290 1882 aedem

248 1896 484 1935 Concordiae
502 1897 626 1936 struxit
645 1899 704 1935 hic
725 1900 780 1935 M.
802 1897 927 1935 Furius
949 1894 1152 1934 Camillus?
1179 1905 1293 1943 apage

247 1945 468 1985 Berstnanne
493 1977 502 1992 ‚
540 1949 579 1986 δε
607 1952 835 1998 quicumque
865 1947 938 1984 fine
966 1947 1106 1996 pudore
1129 1945 1293 1994 ficlegis.

251 1998 377 2036 ΝεΑΡ.
423 1999 604 2046 Restituere
625 1999 746 2036 Urfini
769 2027 778 2043 ,
817 1999 991 2046 Naugerii
1008 2026 1018 2042 ,
1044 1997 1189 2035 Zulich.
1212 1999 1294 2034 Ma-

249 2058 322 2085 zar.
347 2050 384 2085 &
405 2048 464 2086 sex
486 2049 557 2086 alii.
576 2051 611 2086 &
642 2050 751 2088 reete.
777 2049 824 2087 de
857 2049 1016 2087 Tiberio
1045 2048 1143 2086 enim
1167 2048 1203 2084 ὃς
1228 2047 1293 2084 Li-

248 2099 309 2136 via
327 2100 421 2146 agir,
450 2100 495 2137 de
515 2100 675 2138 Camillo
697 2113 787 2138 mox
809 2099 964 2138 acturus.
993 2099 1204 2136 Immeritus
1226 2099 1293 2147 igi-

248 2155 308 2186 tur
329 2150 473 2197 vapulat
494 2151 651 2199 Neapoli
672 2151 908 2189 Bersmannus
922 2179 932 2194 ,
960 2151 1023 2199 qui
1042 2149 1143 2187 istam
1163 2148 1294 2187 letffio-

249 2209 337 2255 nem
358 2201 499 2248 probet.
527 2213 591 2249 pro
619 2202 798 2251 prospicias
829 2202 935 2238 multi
965 2202 1111 2238 codices
1135 2228 1146 2244 ,
1168 2199 1296 2249 prospi-

251 2261 363 2305 ciens,
390 2260 474 2294 aut,
499 2252 681 2300 prospicies.
709 2254 746 2289 ἐξ
768 2264 834 2299 pro
851 2258 953 2288 Nunc
976 2262 1008 2286 te
1027 2259 1186 2299 quatuor
1201 2250 1296 2296 libri,

252 2305 320 2337 Htc
340 2311 382 2338 te.
411 2313 527 2347 unuS,
557 2303 659 2340 Hinc.
687 2303 796 2340 Forte
819 2302 1040 2352 legendum:

238 2418 241 2421 K
306 2380 351 2412 Ut
370 2375 451 2435 bene
463 2380 641 2428 prospicias
665 2379 786 2417 Latiae
812 2380 1002 2418 Concordia
1023 2380 1169 2425 turbae,

355 2433 426 2464 Hoc
444 2439 475 2466 te
487 2432 649 2478 sacratae
667 2431 837 2480 restituere
857 2445 995 2469 manus.
1026 2432 1170 2469 Hiems.

305 2506 391 2552 641.
418 2508 543 2544 Furius
579 2509 748 2558 antiquus
781 2509 895 2557 populi
927 2509 1107 2556 superator
1138 2505 1298 2550 Hetrusci

259 2557 446 2610 1·’overat.]
479 2560 566 2595 Non
592 2559 753 2608 displicet
773 2560 883 2596 leciio
906 2587 916 2602 ‚
943 2571 1039 2607 quae
1059 2558 1106 2596 est
1128 2558 1162 2594 in
1186 2558 1298 2593 tribus

260 2605 381 2642 Vatic.
402 2609 436 2643 &
459 2609 578 2646 Urfini
601 2624 609 2647 :
646 2610 770 2646 Furius
791 2610 952 2658 antiqui,
979 2621 1051 2647 eac.
1098 2606 1214 2645 Reete
1237 2618 1301 2643 au-

259 2661 335 2691 tem
359 2655 534 2694 admonet
557 2660 692 2696 Marsus
714 2661 812 2695 hunc
832 2660 901 2695 effe
923 2659 1140 2694 M.Furium
1162 2657 1300 2692 Camil-

263 2704 339 2741 lum
360 2733 369 2748 ‚
396 2710 456 2753 qni
476 2719 572 2745 anno
594 2709 642 2745 V.
661 2709 705 2746 C.
734 2720 933 2745 cchXttr.
960 2707 1116 2743 dictato-r
1139 2706 1205 2742 fuit
1226 2704 1299 2740 bel-

260 2754 298 2792 lo
323 2766 446 2792 contra
477 2760 648 2805 Veientes
663 2759 790 2805 (hodie
809 2758 835 2794 il
854 2757 947 2806 paese
970 2758 1056 2793 dove
1074 2758 1092 2792 e
1114 2754 1300 2799 Ponzano)

265 2805 312 2841 L.
339 2806 486 2844 Valerio
510 2808 631 2846 Potito
646 2810 682 2846 ὅ(
699 2807 1020 2846 rx11.1v1an110C0ff
1046 2807 1172 2843 Livius
1194 2806 1301 2841 Μὴν.

264 2855 432 2894 (ΣιοεΑΝ.
474 2859 628 2907 Aliquot
652 2859 738 2896 inest
754 2886 764 2903 ‚
781 2860 968 2909 antiquus:
995 2856 1092 2895 forte
1121 2857 1163 2893 ad
1182 2855 1299 2892 discri-

264 2917 352 2962 men
376 2908 429 2956 cuj
440 2909 560 2945 usdarn
586 2909 681 2946 Furii
703 2910 857 2958 junioris
872 2938 881 2953 ‚
910 2909 970 2947 seu
991 2907 1106 2946 verius
1126 2906 1214 2950 filii,
1237 2906 1299 2954 qui

264 2956 380 2994 dietus
405 2963 459 3004 ὃς)Δ
485 2959 609 2996 Furius
640 2960 836 3002 Camillus,
866 2961 904 2997 ὃ(
932 2971 978 2996 eo
1001 2959 1123 2996 sedato
1140 2958 1301 3002 tumultu

264 3008 401 3055 primus
424 3008 569 3045 Praetor
591 3011 734 3046 Romae
756 3019 893 3047 creatus
943 3011 1051 3046 Meus
1072 3008 1205 3056 priscae
1228 3007 1302 3043 edi-

264 3058 375 3095 tionis
408 3059 524 3095 codex
545 3060 652 3096 habet
671 3088 681 3102 ‚
726 3062 912 3109 antiquum
936 3075 946 3095 .·
988 3061 1060 3095 hoc
1087 3059 1134 3095 est
1158 3086 1168 3102 ‚
1211 3058 1301 3094 olim

265 3108 386 3155 vidior
405 3109 572 3146 Hetrusci
597 3111 735 3157 populi.
763 3108 966 3147 rectissime.
1013 3109 1157 3146 Penitus
1180 3119 1303 3155 repro-

265 3157 315 3196 bo
337 3160 579 3208 exemplaria,
608 3162 643 3197 in
667 3161 793 3208 quibus
820 3160 1028 3210 antiquam,
1059 3158 1140 3196 fidei
1163 3159 1303 3205 epirhe-

266 3215 367 3247 tum:
396 3222 481 3247 nam
507 3209 525 3246 ii
550 3220 638 3247 roto
660 3210 703 3246 ad
735 3211 877 3250 initium
913 3213 1019 3259 pruni
1047 3210 1175 3257 lapidis
1196 3210 1301 3256 possti

263 3259 308 3296 ad
327 3259 536 3298 strueturain
562 3261 635 3298 dies
668 3262 862 3298 interfuere
886 3288 894 3304 ,
929 3273 1003 3298 non
1026 3261 1133 3301 anni.
1164 3269 1201 3296 ut
1222 3260 1297 3296 edi-

258 3309 340 3349 sces.
385 3313 562 3350 NfiAvoL.
598 3312 722 3350 Furius
752 3311 937 3362 antiquam
973 3312 1048 3350 fere
1084 3311 1295 3349 vetustiores

590 366 748 424 Nunc
773 384 828 421 te
853 367 1079 419 sacratae
1105 355 1382 414 restituere
1407 365 1605 404 manus,

523 443 713 499 Furius
745 436 1072 509 (antiquum)
1099 428 1283 503 populi
1309 427 1581 496 superator
1612 419 1867 477 Hetrusci

600 514 839 570 Voverat
857 550 873 576 ,
908 511 968 563 ,δε
994 505 1109 560 voti
1133 503 1356 560 solverat
1387 512 1509 552 ante
1535 492 1716 550 fidem.

2166 615 2354 672 Caussa
2369 654 2384 682 ,

1339 771 1432 810 libri.
1481 769 1557 809 Alii
1578 796 1588 811 ,
1628 766 1830 819 antiquus,
1867 764 2033 815 antiqui,
2060 763 2218 814 antiquo.
2272 761 2390 801 Recte

1348 822 1508 862 omnino
1539 820 1716 868 Neapolis
1738 847 1747 863 ‚
1786 818 1975 867 antiquum
1998 829 2041 854 ex
2073 816 2137 853 suo
2157 814 2300 852 codice.
2326 824 2394 852 ne-

1343 886 1417 923 que
1439 873 1541 910 aliter
1563 875 1640 909 duo
1670 882 1714 908 ex
1748 870 1886 907 nostris.
1925 867 1973 905 fic
1994 867 2203 915 indignum,
2233 864 2392 908 mirum,

1344 928 1378 963 ὅ(
1405 918 1531 962 fiffiilia
1551 922 1648 971 apud
1671 923 1811 969 poetas.
1848 918 1933 957 vide
1964 919 2081 956 Notas
2103 917 2238 954 Amor.
2265 915 2326 952 lib.
2357 927 2391 953 1.

1342 976 1445 1025 Eleg.
1471 986 1525 1011 vx.
1553 985 1617 1021 pro
1637 971 1790 1020 solverat
1811 969 1893 1014 ille,
1923 967 2070 1012 Urfini,
2097 965 2296 1016 Naugerii,
2316 964 2392 1003 Zu-

1340 1027 1426 1065 lich.
1452 1027 1588 1062 Mazar.
1608 1033 1678 1061 tres
1701 1022 1843 1060 Fames.
1870 1031 1962 1058 unus
1983 1018 2203 1063 patavinus,
2229 1027 2321 1053 ante.
2351 1016 2393 1053 &

1342 1078 1417 1115 hoc
1435 1078 1540 1114 bene.
1569 1075 1713 1112 Hiems.
1753 1079 1889 1110 Fecerat
1906 1069 1965 1108 ille
1974 1069 2086 1118 fidem
2112 1068 2188 1108 duo
2205 1067 2298 1117 libri.
2313 1077 2394 1105 ma·

1343 1128 1391 1167 le.
1419 1127 1493 1165 vid.
1526 1129 1584 1163 ad.
1607 1137 1660 1162 x1.
1692 1126 1787 1162 Met.
1813 1135 1895 1173 135.

1403 1191 1482 1225 142.
1511 1175 1700 1226 voveram]
1753 1175 1846 1212 Voti
1876 1171 2034 1211 caussam
2064 1167 2394 1221 posteasubdamg

1347 1237 1479 1267 votum
1503 1239 1602 1266 nunc
1634 1226 1764 1264 certius
1794 1224 1885 1262 volo
1913 1223 2044 1262 habeas
2074 1221 2095 1260 ὲ
2125 1220 2319 1260 Plutarcho
2353 1220 2392 1258 in

1343 1279 1528 1317 Camillo:
1555 1280 1646 1320 Τοῦς
1677 1276 1717 1313 δὲ
1746 1276 1950 1323 βουλευτὰς
1972 1302 1984 1320 ,
2021 1274 2143 1324 inquit
2165 1299 2176 1318 ‚
2204 1269 2398 1315 ἀναλαβὼν

1344 1328 1515 1376 ἐβάδιζεν
1545 1326 1610 1364 ἐπῗ
1641 1331 1705 1368 τῆν
1735 1328 1953 1372 σύγκλητον.
1995 1328 2055 1362 καὶ
2087 1323 2171 1367 πρὶν
2200 1321 2395 1367 εἰσελθεῖν,

1345 1377 1600 1427 μεταςραφεῗς
1627 1376 1678 1419 εἷς
1700 1377 1744 1414 τὸ
1766 1378 1991 1413 Καπιτώλιον
2012 1404 2023 1421 ,
2060 1374 2193 1421 {iiim-o
2220 1375 2292 1416 ’ταῖς
2313 1374 2394 1416 Θεοῖς

1346 1430 1555 1468 xxa-evomas
1582 1429 1632 1464 τδι
1665 1427 1828 1474 παρόντα
1859 1426 1947 1472 πρὸς
1980 1426 2024 1462 τὸ
2058 1428 2242 1466 κάλλιςον
2274 1426 2393 1465 τέλος.

1345 1480 1589 1528 ὑπσσχύμενος
1607 1477 1882 1524 ναὶνὈμοναίας
1904 1475 2123 1517 :cue-uesicae
2142 1475 2206 1517 τῆς
2225 1475 2396 1520 ταραχῆς

1347 1532 1579 1573 uoce-aedom.
1617 1530 1654 1567 &
1689 1529 1767 1577 post
1799 1540 1915 1576 pauca
1946 1526 2046 1565 addit
2075 1525 2173 1564 idem
2205 1525 2391 1573 Scriptor:

1346 1586 1401 1631 Τῇ
1427 1582 1459 1618 δ’
1483 1581 1630 1628 ὑςεραίᾳ
1659 1581 1886 1636 σιένελθὸντες
1908 1607 1920 1624 ,
1970 1576 2198 1623 ἐψηφίσαντο
2238 1577 2302 1618 τῆς
2329 1576 2397 1618 μὲν

1344 1633 1525 1682 Ὁμονοίας
1545 1633 1652 1677 ἱερὸν,
1678 1643 1794 1674 ωσπερ
1817 1629 1949 1676 iugem-o
1971 1630 1986 1666 ὃ
2017 1629 2232 1672 Κάμιλλος,
2261 1624 2309 1669 εἷς
2331 1628 2396 1666 τῆν

1346 1686 1482 1732 c'cyopav
1501 1685 1564 1722 κοιῖ
1593 1682 1644 1724 εἷς
1676 1686 1739 1724 τῆν
1771 1680 1969 1719 §nanneticae
1991 1679 2156 1715 anone-ov
2178 1705 2190 1722 ‚
2227 1676 2291 1712 ἐπὶ
2322 1676 2397 1718 τοῖς

1345 1740 1592 1784 γεγενημένοις
1627 1732 1834 1773 [stowe-em.
1875 1732 1958 1769 Nec
1983 1730 2105 1778 potuit
2138 1727 2269 1765 differri
2294 1726 2400 1764 dedi-

1347 1789 1444 1826 catio
1464 1787 1510 1826 ad
1527 1786 1671 1824 Tiberii
1697 1795 1831 1822 aevum
1856 1812 1865 1828 ,
1895 1790 1934 1821 ut
1955 1779 2051 1820 male
2077 1779 2200 1818 suadet
2231 1775 2400 1815 Fanensis

1348 1837 1436 1877 vere
1471 1839 1633 1887 fungus:
1681 1848 1765 1874 narn
1813 1834 1941 1872 Furius
1978 1831 2108 1871 aedem
2159 1829 2262 1885 vovit
2299 1838 2400 1865 anno

1349 1901 1567 1928 ccctxxxvr.
1595 1888 1766 1926 Tiberius
1785 1885 1886 1924 suam
1910 1884 2146 1922 eoncordi'ae
2168 1879 2396 1919 contet-ravit

1349 1953 1448 1979 anno
1471 1951 1668 1978 Dcctxiv.
1692 1936 1870 1976 intersunt
1888 1936 1972 1974 anni
1996 1945 2242 1972 ccctxxvm.
2271 1931 2400 1970 Nalm.

1382 2003 1467 2052 643.
1489 2003 1640 2053 Sumptis
1653 2003 1942 2053 ftcefferatarmis
1955 2001 2110 2052 Vulgus]
2124 2002 2270 2039 Petebat
2281 2000 2399 2043 enim,

1351 2062 1391 2092 ut
1414 2066 1490 2092 non
1515 2055 1587 2099 iarn
1609 2055 1685 2092 duo
1708 2055 1884 2092 Consules
1912 2055 2067 2104 patritii,
2092 2052 2153 2090 sed
2181 2052 2270 2090 alter
2291 2051 2399 2089 nobi-

1351 2105 1417 2149 lis,
1444 2106 1534 2143 alter
1557 2105 1577 2142 ὲ
1603 2106 1709 2155 plebe
1739 2115 1932 2144 crearetur.
1988 2105 2140 2143 Summa
2177 2103 2246 2141 fuit
2265 2103 2333 2140 hac
2354 2101 2402 2140 de

1352 2167 1391 2193 re
1412 2154 1611 2200 diffenfi0;
1650 2156 1708 2194 sed
1738 2157 1897 2194 obtinuit
1929 2156 2074 2204 vulgus.
2108 2154 2238 2191 Livius
2256 2153 2316 2191 lib.
2338 2164 2402 2190 VI.

1354 2206 1460 2255 Prope
1489 2206 1538 2243 ad
1559 2205 1765 2254 seceffionem
1793 2206 1904 2256 plebis
1949 2221 2001 2244 res
2034 2204 2267 2254 terribilesque
2312 2202 2402 2240 alias

1352 2258 1470 2295 minas
1490 2257 1650 2294 civilium
1681 2257 1914 2294 certaminum
1933 2258 2058 2294 venit:
2087 2255 2167 2292 cum
2203 2267 2322 2291 tamen
2343 2263 2404 2302 per

1353 2308 1571 2346 Dic't'atorem
1616 2307 1867 2345 conditionibus
1899 2307 2043 2354 sedatae
2081 2304 2266 2354 discordiae
2285 2308 2372 2352 sum
2386 2330 2397 2347 ,

1354 2358 1599 2408 conceffumque
1617 2358 1642 2395 ὰ
1661 2358 1841 2395 nobilitate
1867 2355 1955 2404 plebi
1976 2357 2016 2393 de
2037 2355 2183 2400 Consule
2202 2353 2323 2402 plebeio
2340 2381 2347 2394 ‚
2375 2352 2401 2390 ὰ

1347 2409 1442 2458 plebe
1462 2409 1638 2446 nobilitati
1656 2409 1697 2445 de
1722 2416 1882 2446 Praetore
1909 2421 1997 2450 uno,
2026 2405 2085 2454 qui
2103 2408 2162 2454 jus
2181 2404 2219 2440 in
2245 2404 2326 2441 urbe
2344 2404 2402 2440 cli-

1355 2471 1452 2497 ceret.
1483 2460 1609 2497 Fadius
1628 2461 1736 2508 igitur
1755 2458 1775 2495 ὲ
1795 2457 1898 2506 plebe
1918 2456 2053 2494 Consul
2077 2457 2122 2492 L.
2145 2455 2286 2492 Sextius
2301 2482 2310 2497 ‚
2340 2454 2403 2491 da-

1353 2519 1410 2548 tus
1440 2511 1473 2546 ei
1503 2510 1523 2546 e
1557 2510 1709 2547 Patritiis
1742 2509 1881 2554 collega
1913 2508 1958 2543 L.
1979 2506 2153 2545 AEmilius
2182 2506 2403 2542 Mamercus.

1358 2560 1513 2608 contigit
1530 2558 1567 2595 id
1587 2559 1961 2595 anno‘ccctxxxvu.
1989 2555 2121 2605 dequo
2144 2555 2240 2593 idem
2255 2556 2402 2593 lib.vn.

1358 2615 1491 2647 Annus
1513 2609 1568 2645 hic
1584 2608 1649 2646 erit
1671 2606 1808 2657 msignis
1829 2620 1912 2643 novt
1930 2607 2077 2644 hominis
2098 2606 2290 2653 Consulatu
2307 2632 2317 2649 ‚
2343 2604 2399 2642 in·-

1348 2659 1458 2707 fignis
1478 2660 1578 2694 novis
1607 2658 1737 2694 duobus
1771 2656 2057 2706 Magistratibus,
2087 2654 2260 2693 Praetura
2281 2667 2324 2694 (φ’
2347 2668 2405 2692 cu-

1359 2709 1427 2744 ruli
1446 2708 1644 2743 Aedilitate
1664 2723 1675 2743 .-
1704 2708 1762 2744 hos
1776 2707 1844 2756 fibi
1877 2708 2022 2746 Patritii
2039 2704 2233 2757 quaefivere
2262 2705 2403 2742 honores

1350 2767 1411 2806 pro
1432 2757 1567 2805 conceffo
1581 2758 1668 2805 plebi
1687 2758 1793 2794 altero
1812 2759 2013 2807 Consulatu.
2046 2755 2157 2793 plebes
2170 2756 2402 2801 Consulatum

1359 2813 1396 2844 L.
1410 2810 1521 2843 Sextio
1535 2835 1544 2851 ,
1573 2809 1666 2856 cujus
1687 2807 1753 2856 lege
1765 2817 1888 2857 partus
1910 2819 1984 2846 erat
1998 2807 2111 2851 ‚deda
2126 2822 2136 2842 :
2168 2812 2287 2843 Patres
2298 2813 2403 2843 Prae·

1358 2868 1477 2894 turam
1502 2865 1555 2906 Sp.
1577 2859 1677 2894 Furio
1698 2865 1750 2895 M.
1765 2859 1841 2905 filio
1860 2858 2011 2897 Camillo
2032 2885 2042 2900 ,
2080 2856 2312 2894 Aedilitasem
2334 2863 2403 2894 Cn.

1359 2909 1507 2957 Qintio
1538 2908 1731 2956 Capitolino
1755 2920 1798 2948 (φ
1829 2915 1866 2946 Ρ.
1898 2908 2054 2946 Cornelio
2084 2907 2226 2956 Scipioni
2253 2909 2402 2955 suarum

1353 2959 1509 3007 gentium
1539 2959 1627 2994 viris
1651 2959 1770 3006 gratioi
1799 2959 1970 3008 campestri
1999 2958 2178 2994 dederunt.
2215 2963 2253 2993 L.
2286 2958 2400 2994 Sextio

1361 3009 1481 3056 collega
1510 3022 1550 3044 cx
1578 3010 1744 3045 Patribus
1770 3010 1875 3046 datus
1918 3016 1956 3045 L.
1988 3009 2161 3046 Aemilius
2192 3014 2402 3047 Mamercus.

1364 3060 1403 3098 ln
1427 3060 1538 3097 Livzo
1559 3060 1655 3095 nu'la
1685 3062 1826 3097 mentio
1855 3061 1981 3108 templi
2003 3075 2014 3103 ;
2050 3058 2133 3102 sed,
2164 3060 2213 3095 ob
2236 3059 2401 3096 redactos

1361 3111 1397 3147 in
1420 3109 1657 3147 concordiam
1687 3110 1854 3153 ordines,
1882 3112 1986 3149 ludos
2014 3111 2133 3157 inquit
2163 3121 2315 3156 magnos
2336 3109 2400 3146 de-

1360 3171 1501 3204 cretos,
1530 3160 1699 3209 feriisque
1730 3161 1870 3198 Latinis
1901 3162 1999 3199 diem
2032 3170 2145 3196 unum
2174 3160 2216 3195 ad
2237 3159 2399 3196 triduum

1357 3211 1544 3302 egidium:
1574 3213 1675 3260 quod
1704 3223 1780 3250 non
1809 3212 1901 3251 siluit
1930 3210 2139 3250 Plutarchus
2160 3209 2194 3247 in
2228 3210 2400 3261 Camilloe

1398 3273 1534 3301 EAPOL.

2213 3364 2323 3414 6433
2347 3375 2364 3399 e
