2495 3675
703 146 764 205 P.
834 140 1249 202 OVIDII

1321 135 1857 199 NASONIS

549 242 757 314 Accipe
785 240 1032 314 supremo
1060 235 1264 294 diRum
1286 230 1418 286 mihi
1441 230 1656 286 forfitan
1683 250 1811 299 ore,

625 315 822 390 Quod,
860 313 957 369 tibi
982 313 1074 386 qui
1098 306 1295 369 mittit,
1333 322 1445 360 non
1471 304 1630 360 habet
1659 306 1793 377 ipse,
1828 307 1984 367 Vale,

307 459 366 498 86.
394 456 552 508 Negat.]
593 462 693 496 Vetat
719 455 867 504 Junian.
890 449 1041 490 dinami
1062 448 1231 489 Bernens.
1261 447 1301 486 &

258 510 297 551 δε
318 522 410 550 unus
432 508 585 550 Heinfii.

1358 443 1470 536 ὃζ8138.
1498 451 1580 483 Non
1601 444 1703 483 habet
1723 444 1827 498 ipse.]
1859 445 1920 485 Ille
1938 447 2082 501 Micyll.
2101 449 2238 492 Bersm.
2259 451 2399 506 Gryph.

1449 496 1588 536 ernens.
1610 496 1742 536 codex.

950 660 1511 748 ELEGIA
1609 677 1716 744 lv.

554 843 692 981 O

731 839 874 895 Mihi
899 854 1020 892 care
1046 836 1268 908 quidem
1294 810 1656 906 semper-‚sed
1684 846 1928 904 tempore
1956 832 2097 890 duro

767 911 1004 982 Cognito
1021 948 1036 971 ,
1073 926 1154 963 res
1182 907 1456 981 postquam
1483 905 1818 977 procubuere
1844 923 2025 974 meae;

545 989 734 1043 Usibus
763 984 958 1040 edotio
985 981 1022 1036 fi
1048 982 1343 1055 quidquam
1367 981 1543 1035 credis
1567 981 1776 1041 amico;

619 1062 759 1115 Vive
783 1058 907 1121 tibi,
949 1056 1002 1110 δε
1029 1056 1189 1127 longe
1216 1055 1433 1110 nomina
1461 1070 1649 1124 magna
1676 1052 1820 1123 fuge.

403 1155 432 1206 ς
542 1134 684 1191 Vive
712 1133 835 1195 tibi,
873 1141 1239 1202 quantumque
1264 1142 1417 1200 potes
1444 1125 1743 1199 praelustria
1771 1127 1893 1183 vita.

618 1208 844 1262 Saevum
871 1201 1140 1275 praelustri
1166 1201 1369 1255 fulmen
1396 1201 1460 1255 ab
1484 1217 1606 1253 arce
1630 1200 1793 1252 venit.

545 1281 683 1336 Nam
713 1292 1040 1351 quamquam
1063 1274 1154 1328 soli
1179 1273 1391 1345 poffunt
1418 1271 1662 1343 prodesse
1695 1283 1972 1342 potentes;

615 1354 745 1408 Non
773 1349 933 1422 profit
960 1347 1164 1419 potius»,
1203 1345 1238 1399 fi
1265 1348 1382 1419 quis
1411 1345 1587 1399 obess'e
1616 1344 1805 1414 potest.

543 1424 750 1496 Effugit
780 1422 1022 1478 hibernas
1048 1417 1264 1474 demiffa
1288 1432 1516 1472 antenna
1542 1418 1830 1490 procella5‚

398 1520 462 1557 10

309 1726 342 1755 1.
370 1714 433 1753 sed
453 1722 597 1764 tempore
614 1712 700 1749 duro
720 1706 902 1759 Cognite.]
929 1706 1038 1755 Juxta
1056 1704 1145 1746 illud
1163 1703 1303 1744 Ennia-

253 1779 369 1806 num:

306 1836 456 1874 Amicus
473 1843 584 1871 certus
602 1833 639 1869 in
661 1846 695 1869 re
717 1831 848 1867 incerta
869 1826 1032 1866 cernitur.

252 1898 358 1938 Fides
379 1899 476 1936 enim
505 1899 541 1935 in
561 1897 664 1933 rebus
684 1893 839 1933 adversis
860 1892 918 1930 vel
941 1891 1105 1928 maxime
1134 1888 1300 1938 perspici·

251 1957 322 1989 tur.
348 1950 517 1986 Cmrm.

306 2013 328 2039 2
371 1997 615 2048 Procubuere.]
653 1996 859 2034 succubuere
888 1993 1021 2039 Junian
1055 1992 1164 2029 male.
1190 1988 1300 2027 duffiia

253 2051 303 2090 est
325 2052 544 2098 Metaphora
565 2062 584 2086 a
615 2049 785 2086 domibus
805 2061 817 2089 ;
855 2043 903 2082 fic
927 2055 983 2081 xv,
1004 2043 1095 2080 Fast.
1112 2053 1197 2089 233.
1222 2050 1298 2089 pro-

247 2103 403 2140 cumbere
423 2104 561 2138 testum.
589 2100 709 2135 domus
733 2110 762 2134 1.
788 2108 832 2134 ex
855 2096 963 2132 Pont.
984 2106 1035 2131 xx.
1061 2105 1117 2139 14,
1146 2094 1184 2130 &
1205 2092 1285 2128 alibi

251 2154 292 2191 ὅτ
316 2154 364 2191 ita
386 2153 489 2200 saepe
521 2154 662 2188 ruinam
694 2156 804 2186 vocat
835 2144 999 2185 exfilium
1028 2143 1146 2183 suum.
1168 2142 1241 2181 vid.
1269 2154 1298 2181 1.

251 2204 308 2244 El.
331 2217 364 2242 v.
388 2218 417 2248 ς.
446 2204 574 2240 bum.

305 2266 340 2305 3.
367 2253 522 2303 Ufibus.]
555 2251 705 2300 Versibus
726 2246 896 2286 Bernens.

301 2316 338 2352 6.
365 2312 552 2359 praelustri
564 2311 704 2359 fulmen
725 2309 769 2347 ab
790 2307 903 2358 arce.]
930 2307 1003 2345 Pro
1021 2303 1202 2355 praelustri
1223 2316 1299 2340 arce

249 2372 393 2466 {eegtezes
417 2365 548 2414 majori
576 2375 619 2400 ex
641 2371 761 2411 parte,
791 2362 876 2411 igne.
896 2358 948 2397 nil
968 2366 1084 2395 muta.
1111 2357 1171 2396 lib.
1193 2367 1221 2393 1.
1248 2355 1296 2393 E-

303 2482 404 2519 Venit
423 2481 460 2517 in
481 2478 540 2515 hoc
550 2477 612 2514 illa
626 2475 768 2523 fulmen
785 2473 829 2511 ab
851 2485 928 2511 arce
952 2481 1066 2522 caput.

250 2543 398 2581 Hnms.
425 2541 522 2589 Hoste
543 2539 717 2587 junianis.

304 2620 337 2653 7.
367 2615 447 2645 Non
475 2612 639 2656 prosunt,
665 2603 775 2653 potius
802 2600 994 2651 plurimum
1017 2598 1114 2648 obeffe
1135 2595 1292 2646 solenh}

252 2657 335 2695 Lib.
361 2659 482 2696 Vatic.
504 2658 639 2694 habent
655 2683 663 2695 .
697 2661 775 2692 Non
800 2653 912 2702 potius
938 2652 1087 2696 prodest,
1108 2647 1216 2698 siquis
1239 2648 1295 2684 ob-

251 2709 308 2757 eſj'e
333 2710 442 2756 potest.
479 2709 536 2745 ahi
564 2705 720 2754 impresfi
741 2706 780 2741 &
812 2702 935 2739 maffei
957 2730 966 2745 ‚
1011 2708 1087 2737 Non
1108 2698 1209 2748 profit
1239 2710 1295 2744 po-

251 2760 322 2796 tius
342 2762 411 2796 &c.
439 2760 535 2796 C10F
546 2772 606 2795 AN.
638 2757 824 2793 Distichon
849 2756 921 2790 hoc
942 2761 1126 2800 nugatoris
1146 2753 1200 2786 aii«
1217 2750 1296 2796 ujus

251 2809 324 2853 est,
354 2822 427 2846 non
466 2811 627 2846 Nasonis.
669 2808 849 2843 Henricus
880 2805 1080 2851 Stephanus
1113 2801 1295 2839 Animad-

249 2860 359 2897 verfis
384 2863 418 2897 in
449 2861 626 2907 Adigiurn
666 2857 821 2899 erasmi,
850 2854 1008 2890 Procula
1036 2855 1132 2899 Jove
1155 2863 1198 2891 w
1221 2852 1298 2897 ful-

252 2910 346 2948 mine
367 2938 377 2953 ,
413 2910 533 2957 ejesto
565 2917 794 2956 pentametro
826 2905 911 2948 illo,
949 2906 1009 2953 qui
1036 2904 1204 2947 codices,
1227 2913 1299 2949 qua

248 2962 399 3008 scriptos
419 2973 485 3009 qui
499 2961 615 2996 editos
631 2987 641 3002 ,
664 2959 870 3005 complures
890 2964 1108 3003 occupavit:

305 3032 388 3063 Non
404 3025 564 3073 prosunt.-
590 3024 701 3072 potius
717 3022 908 3069 plurimum
928 3019 1023 3068 obeffe
1037 3022 1159 3068 solent.

250 3099 397 3148 reponit
419 3097 517 3132 illum
543 3108 585 3132 ex
611 3095 821 3132 melioribus
841 3093 956 3130 libris:

304 3170 385 3202 Non
403 3162 503 3213 profit
522 3163 654 3212 potius,
677 3159 706 3209 fi
727 3161 800 3205 quis
825 3158 920 3205 obesse
940 3156 1053 3206 potest.

248 3235 347 3275 reste
368 3236 394 3273 is
416 3235 450 3273 id
473 3235 622 3284 quidem
665 3232 722 3268 sed
756 3243 823 3268 nec
853 3229 900 3267 sic
933 3229 1116 3265 Nasonem
1141 3226 1176 3262 in
1196 3225 1291 3263 hisce

249 3286 406 3327 verfibus
426 3286 596 3336 agnosco.
624 3284 770 3322 Hems.
798 3282 888 3320 Non
905 3289 981 3319 tam
996 3279 1109 3318 facilis
1131 3278 1169 3315 in
1179 3277 1290 3315 obelo

613 1498 856 1570 Lataque
883 1495 997 1568 plus
1021 1492 1194 1566 parvis
1223 1492 1337 1547 vela
1361 1491 1567 1546 timoris
1593 1490 1807 1546 habent.

2291 1514 2407 1624 Λᾶς

1358 1700 1587 1752 configendis
1614 1701 1773 1739 versibus
1801 1701 1872 1741 effe
1893 1701 2037 1752 pofl'um
2054 1730 2066 1747 ,
2092 1712 2163 1742 nec
2183 1700 2296 1741 video
2316 1675 2416 1754 qums

1356 1753 1555 1792 offenderit
1578 1752 1774 1790 Heinfium
1791 1782 1800 1795 ,
1823 1755 2031 1802 praesertim
2046 1753 2071 1791 fi
2090 1753 2188 1792 reeta
2213 1756 2403 1803 recipiatur

1357 1804 1480 1842 lediio.
1520 1816 1630 1853 quam
1658 1808 1691 1841 ὀί
1719 1805 2027 1843 Francofurtenfis
2050 1807 2085 1841 ὅτ
2115 1806 2261 1853 plurimi
2292 1818 2404 1853 agno·

1356 1855 1482 1900 scunt,
1505 1857 1665 1905 &quarn
1693 1856 1806 1892 Aldus
1828 1855 2117 1894 &Bersmannus
2138 1856 2286 1894 habent.
2317 1848 2406 1895 Seu*

1358 1907 1413 1944 sus
1435 1909 1544 1945 etiam
1570 1906 1802 1950 clariffimus,
1828 1907 1913 1944 licet
1933 1907 1995 1944 soli
2029 1917 2196 1955 potentes
2225 1906 2403 1948 beneficia

1361 1959 1399 1995 &
1423 1969 1575 2014 rnunera
1594 1959 1763 1994 conferre
1786 1958 1942 2004 possint,
1970 1969 2090 1995 careas
2121 1959 2242 2006 potius
2262 1958 2406 1998 illorum

1358 2010 1542 2066 amicitia,
1570 2011 1656 2056 quia
1681 2010 1718 2045 ὃ(
1740 2020 1876 2045 nocere
1906 2007 2061 2055 poffunt.
2092 2020 2134 2045 an
2154 2019 2304 2055 potentes
2322 2008 2407 2048 fim-

1356 2060 1499 2107 pliciter
1519 2059 1677 2107 positum
1703 2087 1712 2101 ‚
1741 2070 1980 2108 concoquere
2000 2072 2077 2097 non
2109 2069 2228 2106 potuit
2252 2059 2267 2096 ?
2303 2059 2406 2108 quod

1356 2110 1501 2147 barbare
1524 2109 1595 2147 dici
1624 2110 1793 2148 credebat
1823 2109 1990 2148 Barthius
2020 2111 2062 2147 ad
2094 2110 2232 2147 Briton.
2253 2122 2294 2145 11.
2322 2111 2407 2159 526.

1354 2161 1414 2198 sed
1435 2162 1509 2198 hoc
1520 2160 1649 2198 Ovidii
1664 2162 1749 2198 ioco
1765 2162 1926 2199 vindicat
1940 2161 2083 2199 Reines.
2099 2159 2243 2207 Epinol.
2266 2171 2346 2197 Lxx.
2360 2161 2406 2199 ad

1354 2212 1561 2249 Daumium
1599 2212 1634 2247 &
1661 2211 1888 2248 Ciceronem
1912 2214 1948 2248 &
1968 2213 2057 2248 alios
2079 2221 2231 2259 quoque
2254 2211 2301 2246 ita
2325 2211 2406 2250 usos

1352 2262 1600 2310 lexicographi
1621 2271 1804 2299 notarunt.
1827 2262 1960 2299 Noster
1980 2261 2045 2309 Ep.
2066 2273 2099 2297 ν.
2118 2260 2177 2306 85.
2205 2261 2313 2308 Cupio
2332 2260 2406 2304 fieri

1355 2326 1517 2350 matrona
1537 2312 1694 2360 potentis.
1716 2312 1848 2350 Phaed.
1876 2324 1930 2350 11.
1950 2314 1984 2349 6.
2023 2316 2157 2347 Contra
2173 2320 2320 2357 potentes
2343 2325 2402 2349 ne-

1355 2380 1409 2401 mo
1429 2367 1470 2406 est
1503 2365 1659 2399 munitus
1684 2365 1792 2409 satis,
1826 2363 1864 2400 &
1890 2375 1921 2400 Ι.
1949 2374 2001 2408 30.
2041 2362 2197 2399 Humiles
2228 2361 2403 2410 laborant,

1351 2416 1410 2453 ubi
1435 2426 1584 2463 potemes
1606 2412 1774 2460 diffident.
1812 2413 1886 2451 vid.
1917 2413 1963 2451 ad
1995 2425 2025 2451 1.
2045 2414 2137 2450 Met.
2164 2424 2241 2460 ¹73·
2291 2421 2324 2448 ὁ(
2364 2415 2402 2453 hi

1352 2467 1431 2504 sunt
1448 2475 1598 2514 potentes
1622 2466 1670 2501 illi
1691 2464 1823 2508 amici,
1851 2465 1888 2501 ὅ(
1914 2477 2061 2512 magnae
2087 2463 2285 2506 amicitiae,
2316 2475 2401 2512 quas

1352 2518 1544 2566 fugiendas
1566 2513 1637 2553 effe
1664 2516 1775 2553 docet
1797 2516 1907 2552 Naso.
1930 2516 2002 2552 vid.
2024 2514 2067 2551 ad
2089 2514 2270 2562 Quinffll.
2290 2525 2325 2552 v.
2352 2514 2399 2554 de

1354 2569 1435 2606 inst.
1458 2580 1534 2614 cap.
1562 2581 1614 2605 η.
1643 2579 1689 2604 an
1712 2567 1808 2604 forte
1831 2566 1890 2603 ille
1915 2565 2008 2603 lusus
2037 2564 2193 2601 Heinsio
2212 2564 2398 2611 displicue-

1353 2622 1397 2657 rit
1413 2648 1423 2663 ,
1446 2621 1480 2656 in
1503 2618 1741 2666 oppositione
1769 2616 1967 2655 verborum
1996 2616 2140 2665 prodesse
2160 2614 2315 2664 &obeffe.
2341 2615 2398 2656 sed

1354 2672 1389 2708 ὃ(
1413 2679 1459 2707 ita
1476 2669 1735 2713 Noiterinfra,
1775 2680 1811 2706 v.
1841 2668 1940 2715 Eleg.
1965 2679 1994 2704 1.
2011 2668 2070 2703 66.

1405 2745 1474 2775 Hoc
1491 2767 1499 2782 ,
1523 2739 1613 2775 mihi
1635 2738 1726 2789 quod
1738 2739 1870 2789 prodest
1883 2767 1894 2785 ,
1909 2735 1945 2788 ſs
1957 2737 2046 2782 tibi,
2071 2739 2208 2782 Leblor,
2231 2738 2326 2788 obest.

1355 2806 1392 2843 δι
1418 2818 1476 2843 x1.
1501 2805 1595 2842 Met.
1617 2816 1702 2853 320.

1405 2918 1475 2970 Effe
1488 2923 1611 2970 satum
1627 2922 1756 2971 prodest
1768 2931 1783 2959 ,θ
1802 2934 1851 2957 an
1870 2920 1952 2963 obesi
1973 2873 2228 2971 quoqssz'gffg
2239 2918 2372 2956 multis.

1355 2991 1392 3027 8<
1419 2991 1555 3028 Nasoni
1583 2992 1758 3026 antitheta
1786 2987 1844 3025 illa
1875 2985 1978 3025 fuisse
2007 2989 2044 3024 in
2066 2987 2202 3025 deliciis
2222 2987 2301 3036 quis
2329 2997 2393 3024 ne-

1346 3042 1437 3082 scit?
1466 3041 1568 3090 Quin
1588 3042 1626 3079 ἃ*
1649 3040 1787 3078 acutius
1815 3038 1934 3076 adhuc
1956 3039 2047 3075 dixit
2068 3038 2128 3075 lib.
2154 3051 2209 3077 11.
2237 3039 2392 3075 Metam.

1349 3105 1430 3143 5¹2·

1575 3170 1663 3205 quae
1676 3153 1797 3204 prosim
1817 3153 1888 3199 fiala
1912 3152 2068 3189 nocendo.

1349 3222 1474 3259 Immo
1506 3232 1575 3257 nec
1604 3221 1640 3256 in
1669 3220 1801 3256 horum
1838 3216 2032 3254 verborum
2064 3216 2298 3264 oppofitione
2329 3213 2389 3252 fibi

1344 3272 1563 3322 temperavit
1591 3270 1746 3308 Cicero:
1782 3276 1820 3306 ut
1838 3279 1906 3316 pro
1927 3267 2115 3306 Cluentio.
2138 3279 2198 3316 29.
2235 3273 2279 3306 Ut
2299 3264 2387 3321 quqd

2350 3327 2387 3353 m

2478 2352 2495 3318 ψὴῇώ-ῄ-ὟἼ
2480 1667 2495 2334 ’ffa'ssffi-mm:
2491 1645 2495 1656 -
2480 1599 2487 1625 ⁷*
2480 1571 2483 1582 ⁴
