2495 3675
501 121 545 211 F
618 152 674 210 A
745 153 782 208 s
858 151 916 209 T
986 151 1169 210 OJR
1242 149 1295 205 u
1372 148 1440 204 M
1550 152 1744 207 Lm.
1820 153 1914 211 vl.

2134 154 2242 227 401'

379 252 526 309 Ecce
544 291 558 316 ‚
596 256 762 310 Ceres
785 255 887 309 visa
915 254 1003 309 est.
1035 253 1232 324 jaciunt
1258 249 1500 305 Cerealia
1528 250 1686 307 dona.

443 326 586 397 Jac'ta
612 329 764 399 super
791 328 960 398 galeas
986 326 1236 396 scutaque
1261 323 1418 394 longa
1443 323 1645 378 sonant.

371 397 522 454 Pelse
549 401 686 455 fame
715 399 854 453 vinci
879 400 994 469 spes
1019 397 1237 452 excidit.
1261 394 1409 450 hoste
1434 397 1642 468 repulso

451 472 696 528 Candida
720 470 908 525 Pistori
938 470 1154 540 ponitur
1179 485 1265 522 ara
1293 469 1431 533 Jovi.

228 560 331 617 395
370 543 537 600 Forte
559 542 861 601 revertebar
884 541 1038 596 sacris
1065 540 1360 622 Vestalibu}
1383 542 1526 607 illae,
1559 615 1569 619 -

290 648 298 657 ο
447 618 571 690 Qua
593 616 746 670 Nova
769 614 1022 668 Romano
1046 632 1187 668 nunc
1217 613 1319 669 Via
1338 614 1514 685 juncia
1542 614 1684 669 Foro
1708 613 1796 671 est.

369 689 500 746 Huc
528 689 664 759 pede
688 701 986 740 matronam
1012 686 1121 740 vidi
1148 686 1477 740 descendere
1503 688 1677 743 nudo:

436 760 726 831 Obstupui,
766 760 955 813 tacitus
978 758 1299 830 sustinuique
1323 759 1563 830 gradum.
1601 766 1604 771 ’

362 833 531 887 Sensit
559 851 685 887 anus
712 831 883 886 vicina
913 832 1046 885 loci:
1077 831 1377 902 jussumque
1402 832 1583 887 sedere

220 902 333 978 400*

438 905 797 976 Adloquitur,
833 905 1106 972 quatienS,
1146 921 1280 958 voce
1314 918 1612 969 tremente,
1647 919 1818 977 caput.

360 978 521 1041 Hoc,
560 978 648 1031 ubi
676 977 955 1031 nunc-fora
980 977 1094 1030 sunt
1115 1017 1128 1039 ‚

1170 976 1306 1030 vdae
1332 989 1552 1032 tenuere
1580 979 1820 1051 paludes:

439 1055 618 1105 Amne
645 1050 954 1104 redundatis
978 1049 1105 1102 foffa
1129 1048 1371 1103 madebat
1399 1051 1562 1121 aquis,

362 1124 581 1179 Curtius
611 1124 694 1176 ille
724 1124 894 1186 laem,
933 1121 1088 1176 ficcas
1114 1121 1206 1193 qui
1235 1120 1443 1196 sustinet
1471 1141 1606 1184 aram,

428 1199 585 1250 Nunc
611 1194 771 1249 solida
796 1194 870 1249 est
894 1195 1076 1255 tellus,
1115 1193 1204 1248 sed
1231 1194 1370 1247 lacus
1397 1207 1518 1249 ante
1545 1195 1661 1250 fuit.

215 1289 317 1342 4c5
359 1270 483 1343 Qua
512 1268 736 1323 Velabra
762 1268 928 1320 solent
954 1269 1006 1320 in
1030 1266 1252 1320 Circum
1277 1266 1475 1321 ducere
1511 1285 1760 1341 pompa83

438 1342 525 1396 Nil
553 1354 761 1410 praeter
790 1339 963 1393 salices
991 1337 1228 1410 casiaque
1253 1356 1415 1392 canna
1441 1339 1555 1393 fuit.

362 1416 528 1485 Saepe
554 1412 866 1466 suburbanas
893 1410 1103 1464 rediens
1132 1411 1353 1467 conviva
1379 1428 1472 1483 per
1496 1413 1659 1469 undas

431 1487 654 1548 Cantat‚
693 1487 747 1538 δε
774 1483 838 1539 ad
865 1497 1046 1539 nautas
1073 1483 1214 1539 ebria
1238 1483 1395 1539 verba
1414 1483 1555 1556 jacit.

67 1757 138 1789 tres
159 1751 300 1791 codices
320 1780 331 1798 ,
361 1751 471 1802 fizm's
495 1752 690 1799 Vestalibus.
716 1760 786 1791 tres
814 1751 895 1797 alii,
924 1751 1023 1800 Festis
1045 1756 1109 1789 Cer

68 1803 229 1839 realibus.
257 1806 292 1842 &
314 1804 388 1842 duo
411 1805 468 1843 alii
489 1831 499 1848 ‚
526 1804 623 1851 sestis
646 1803 833 1840 natalibus.
852 1805 1010 1853 primum
1035 1805 1106 1852 pla-

71 1864 152 1896 cet,
181 1855 218 1891 &
238 1856 286 1893 ita
313 1857 446 1893 centies
475 1856 511 1892 in
537 1855 591 1892 his
614 1855 728 1893 Libris
741 1856 845 1904 sacra
868 1854 1002 1901 &festa
1031 1866 1110 1902 per-

69 1912 270 1944 mutantur.
297 1906 438 1955 elegans
466 1916 618 1955 quoque
639 1905 774 1949 leffio,
801 1917 912 1954 quam
934 1905 1111 1953 Neapolis

68 1954 108 1991 in
130 1954 199 1992 suis
220 1959 376 2005 repperit
398 1985 409 2002 ‚
437 1956 647 1993 revec‘iabar.
667 1956 770 2005 quod
790 1957 991 2004 reciperem
1009 1984 1018 1999 ,
1045 1955 1111 1993 nifi

65 2003 295 2052 sequeretur,
315 2007 509 2056 jussumque
520 2006 767 2054 sedere‚unde
789 2007 883 2055 pede
902 2008 969 2044 iter
989 2005 1111 2044 feclffe

67 2055 260 2104 colligitur.
288 2057 418 2096 Euam.

72 2134 75 2138 .
121 2109 206 2155 396.
238 2113 339 2145 Nunc
361 2115 466 2146 Nova
486 2110 610 2156 jumffa
632 2110 711 2155 foro
739 2106 822 2158 est.]
875 2108 994 2157 Prope
1013 2108 1109 2145 hanc

44 2156 45 2159 ’
69 2156 222 2195 Novam
244 2167 320 2196 erat
339 2159 433 2198 sacra
453 2159 512 2197 illa
536 2160 686 2197 Vestalis
708 2159 828 2196 aedes.
855 2159 985 2197 Livius
1002 2158 1109 2196 lib.v.

69 2207 195 2256 Eodem
216 2221 307 2245 anno
336 2216 388 2248 M.
410 2210 589 2248 Caeditius
611 2210 652 2246 de
667 2208 757 2258 plebe
777 2209 964 2246 nuntiavit
986 2208 1107 2246 Tribu-

70 2257 144 2302 nis,
167 2258 202 2306 sb
221 2260 258 2296 in
283 2260 390 2297 Novd
416 2261 504 2306 vid,
532 2260 591 2297 ubi
617 2272 709 2298 nunc
732 2259 897 2308 sacellum
916 2260 981 2304 est,
1002 2261 1110 2308 supra

68 2308 185 2346 aedem
208 2310 316 2356 Vestae
344 2325 460 2349 vocem
489 2313 595 2348 nofi‘is
612 2310 747 2359 filentio
775 2310 914 2358 audiiffe
932 2310 1110 2346 clariorem

69 2357 251 2405 humand,
279 2375 366 2409 quae
385 2361 645 2413 Magi-stratibus
663 2360 731 2400 dici
745 2360 880 2410 juberet
894 2360 1033 2405 ,Gallos
1045 2360 1112 2397 ad-

68 2423 224 2448 ventare.
252 2412 378 2450 Neam.

125 2472 209 2510 397.
239 2462 351 2511 Huc.]
382 2470 451 2499 Hoc
472 2463 613 2500 Moreti
634 2463 670 2499 &
689 2461 766 2500 duo
788 2462 859 2500 alii.
880 2462 934 2500 hic
964 2464 1107 2509 Junian.

123 2522 206 2559 397.
236 2511 338 2547 Nudo
356 2512 546 2560 descendere
567 2511 680 2560 vidi.]
722 2511 890 2549 Caussam
913 2513 1018 2561 positi
1039 2514 1110 2550 cal·

70 2561 127 2599 cei
152 2561 270 2598 censet
291 2572 334 2598 ex
354 2563 502 2611 antiqua
524 2562 729 2599 necestitate
749 2563 785 2599 in
807 2573 870 2599 eos
892 2573 1006 2600 annos
1027 2574 1109 2611 per-

71 2610 209 2661 duraffe
238 2613 338 2657 (nam
366 2613 453 2650 olim
484 2613 528 2650 ad
557 2613 737 2660 templum
767 2613 934 2650 euntibus
965 2613 1111 2661 paludes

71 2662 210 2710 aliquot
232 2663 497 2710 transeundae)
525 2675 601 2700 non
631 2675 673 2713 cx
694 2664 854 2701 numinis
885 2662 1111 2701 reverentia:

72 2713 118 2750 ad
139 2724 248 2762 quam
282 2714 434 2761 respexit
464 2716 573 2752 etiam
608 2714 703 2762 apud
732 2715 901 2763 antiquos
922 2714 1115 2764 nudipedis

72 2762 234 2802 incessus.
263 2764 386 2802 ΝΕΑΡ.

126 2829 209 2878 398.
238 2829 398 2879 Obstupui
416 2830 544 2867 tacitus
559 2828 770 2878 sustinuique
785 2829 977 2882 gradum.]
1007 2829 1109 2869 08ίο

75 2887 135 2917 aut
155 2882 283 2918 decem
306 2890 467 2926 veteres,
491 2880 630 2930 gradus.
651 2881 745 2917 Puto
759 2907 770 2925 ‚

128 2945 307 2994 obstupui,
335 2952 455 2985 tacitos
464 2947 679 2998 sustinuique
694 2946 835 2996 gradus.

77 3006 161 3050 Val.
180 3008 324 3048 Flaccus
344 3012 405 3048 lib.
426 3023 487 3047 111.
508 3022 590 3056 441.

72 3093 75 3098 =
129 3075 190 3107 Ter
208 3071 326 3108 tacitos
343 3086 429 3122 egere
447 3073 587 3122 gradus.

79 3132 126 3171 fic
147 3134 263 3183 inceffu
284 3138 387 3174 tacito
412 3138 563 3186 progrcdi
584 3137 679 3186 apud
705 3138 899 3188 Virgilium
916 3167 925 3183 ‚
955 3138 992 3176 δε
1018 3136 1113 3187 suffic

79 3185 183 3220 tacito
197 3188 376 3232 praeterire
394 3190 489 3236 apud
508 3189 765 3227 Claudianum.
790 3190 919 3227 Noster
933 3189 1011 3226 Art.
1028 3191 1116 3225 Am.

83 3235 293 3321 {Tachoi-sede
310 3237 452 3275 ,labitur
475 3251 582 3279 aetas.
608 3252 696 3279 mox
721 3269 731 3286 ‚
769 3240 888 3278 vicina
916 3240 979 3277 loci
1002 3267 1011 3285 ‚
1050 3250 1115 3287 pro

99 3296 162 3320 oco.
232 3297 331 3322 uns.

257 3340 349 3375 som.
377 3344 438 3377 111,

2050 1617 2203 1675 Non:

1215 1762 1302 1798 401.
1330 1751 1419 1797 Hic,
1448 1751 1507 1790 ubi
1527 1765 1618 1790 nunc
1630 1755 1712 1801 sora
1726 1753 1837 1801 sunt,
1874 1754 1962 1792 udae
1983 1764 2117 1792 tenuere
2140 1758 2207 1803 past

1167 1801 1298 1853 ludes.]
1339 1810 1407 1839 Hoc
1434 1802 1534 1840 liber.
1565 1805 1780 1853 plerumque
1811 1817 1942 1843 omnes
1967 1833 1976 1850 ‚
2015 1812 2104 1842 Haec
2136 1804 2207 1843 ubi.

1167 1855 1344 1892 Nestoi.
1370 1861 1439 1890 Hoc
1452 1854 1720 1892 Urlin.Zulich.
1741 1856 1878 1894 Mazar.
1899 1857 1936 1893 δε
1958 1865 2114 1904 quatuor
2134 1855 2208 1892 alii.

1162 1917 1303 1943 novem
1320 1934 1330 1951 ,
1360 1911 1460 1942 Haec.
1481 1913 1678 1954 utrumque
1698 1906 1802 1943 bene.
1832 1905 1936 1944 Voff.
1957 1908 1994 1944 &
2023 1906 2098 1944 duo
2122 1905 2178 1942 alii
2193 1933 2205 1948 ,

1164 1962 1251 1994 Hac.
1273 1958 1311 1993 &
1334 1955 1381 1993 fic
1411 1955 1535 2004 paffim
1561 1957 1703 1994 Nollcr.
1742 1957 1826 1994 vide
1845 1958 1963 1995 Notas
1990 1957 2127 1995 lib.111.
2153 1955 2210 1997 ΧΨ,

1163 2019 1248 2054 2¹9·
1296 2007 1441 2044 Heius.
1495 2005 1565 2045 Pro
1596 2017 1730 2044 tenuere
1767 2008 1969 2054 nonnulli,
2015 2018 2202 2051 tremuere,

1163 2057 1223 2095 vel
1235 2057 1252 2102 ,'
1271 2067 1438 2094 tumuere.

1216 2135 1299 2169 402.
1328 2124 1554 2162 Redundanti
1576 2125 1710 2175 aqua]
1750 2126 1845 2165 Tres
1867 2126 1961 2175 apud
1983 2138 2044 2164 rne
2065 2132 2207 2164 veteres

1165 2174 1423 2218 membranae,
1453 2176 1655 2214 redundatis
1667 2178 1754 2227 feffa
1776 2177 1939 2215 madebat
1961 2177 2210 2230 aquisfflzav.

1163 2225 1314 2263 Plurimi
1337 2237 1382 2262 ex
1406 2226 1682 2271 vetustioribus,

1215 2294 1326 2326 Mane
1345 2288 1560 2327 redundanti
1570 2290 1656 2340 soffa
1675 2291 1838 2329 madebat
1856 2305 1963 2342 aqua.

1165 2365 1258 2404 quos
1279 2364 1369 2391 cave
1390 2352 1522 2391 audias.
1549 2354 1657 2393 Trist.
1676 2355 1735 2393 lib.
1754 2369 1798 2394 11.
1822 2368 1880 2404 5¹·
1899 2357 1998 2404 Eleg.
2020 2367 2055 2393 x.

1219 2414 1298 2452 Sive
1315 2415 1421 2463 igitur
1441 2416 1545 2452 nimii
1567 2423 1687 2454 Boreae
1706 2419 1762 2454 vis
1779 2419 1888 2466 saeva
1909 2418 2089 2461 marinasg

1266 2464 1345 2502 Sive
1368 2467 1581 2504 redundatas
1599 2466 1743 2515 flumine
1763 2469 1844 2516 cogit
1864 2481 1985 2518 aquas.

1164 2528 1212 2566 fic
1234 2528 1751 2579 &fingultatisssoniTrist.111.
1775 2533 1829 2570 El.
1846 2544 1881 2569 v.
1910 2533 2054 2569 Heius.

1217 2591 1302 2628 403.
1330 2581 1439 2617 siccas
1466 2582 1526 2630 qui
1552 2583 1693 2629 sustinet
1723 2583 1840 2632 aras.]
1897 2585 2069 2631 Quorum
2102 2583 2204 2617 erant

1166 2630 1235 2667 hae
1255 2642 1335 2668 arae
1356 2631 1392 2668 in
1422 2632 1502 2669 lacu
1525 2632 1642 2670 Curtii
1668 2633 1682 2670 ?
1710 2634 1855 2678 nescio,
1883 2633 1947 2670 nisi
1975 2646 2055 2670 aras
2085 2630 2202 2668 Poeta

1170 2681 1260 2718 dixit
1281 2693 1347 2729 pro
1369 2695 1496 2725 aram;
1527 2693 1566 2721 ut
1594 2685 1700 2722 toties
1722 2685 1757 2721 in
1786 2686 1858 2722 hoc
1880 2686 2004 2732 Opere
2026 2710 2037 2726 ,
2075 2680 2202 2728 templa

1170 2743 1237 2780 pro
1259 2731 1447 2780 templum:
1477 2733 1565 2771 istud
1596 2735 1643 2772 est
1673 2734 1766 2772 haud
1788 2735 1893 2773 dubie
1915 2750 1925 2778 ;
1957 2736 1992 2772 ὅ(
2017 2732 2116 2771 illam
2140 2731 2206 2768 Sa-

1170 2783 1265 2820 turni
1286 2783 1458 2829 significat
1477 2785 1512 2821 Ρ.
1534 2785 1665 2823 vietor
1685 2787 1721 2823 in
1737 2786 1901 2834 Regione
1923 2797 2010 2822 v111.
2045 2788 2124 2819 Ara
2143 2787 2204 2818 Sa-

1164 2833 1263 2871 turni
1280 2835 1317 2869 in
1339 2834 1415 2869 lacu
1436 2835 1565 2874 Curtii.
1593 2837 1654 2875 Ad
1676 2847 1785 2884 nugas
1807 2839 2047 2886 interpretum
2067 2833 2147 2883 quis
2167 2841 2206 2881 te

1166 2882 1314 2922 mittat?
1343 2885 1467 2923 Nun.

1217 2950 1300 2995 406.
1329 2949 1393 2986 Nil
1407 2959 1540 2999 praeter
1551 2950 1713 3000 salices.]
1745 2951 1935 2990 Tibullus:

1218 3022 1274 3054 At
1295 3016 1367 3066 qut>
1390 3017 1524 3054 Velabri
1543 3021 1627 3069 regio
1646 3031 1740 3069 patet
1755 3049 1763 3063 ,
1793 3022 1839 3058 ire
1856 3020 1982 3067 solebat

1268 3068 1420 3116 Exiguus
1436 3069 1536 3117 pulla
1548 3080 1607 3120 per
1630 3072 1727 3107 vada
1749 3072 1852 3109 linter
1870 3072 1976 3121 aqud.

1167 3135 1237 3173 His
1258 3134 1432 3183 subjungo
1466 3137 1572 3174 verba
1603 3138 1800 3179 Varronis,
1829 3149 1922 3187 quae
1944 3137 2034 3174 mire
2055 3136 2125 3171 huc
2154 3133 2205 3170 fg:

1170 3188 1269 3223 ciunt
1285 3214 1293 3228 .
1322 3187 1404 3222 licet
1426 3186 1658 3226 subobscure:
1691 3188 1847 3229 (disserit
1867 3189 1911 3226 de
1935 3186 2110 3223 Aventini
2130 3183 2206 3219 col-

1170 3238 1211 3275 lis
1229 3239 1380 3285 etymo}
1419 3242 1484 3285 Ego
1503 3240 1656 3275 maxime
1669 3267 1679 3282 ,
1707 3241 1825 3287 inquit
1840 3267 1849 3279 ,
1868 3238 1911 3274 ab
1931 3237 2078 3272 art-asera
2095 3248 2099 3268 :
2119 3244 2203 3267 nam

1173 3287 1253 3325 olim
1268 3287 1454 3336 paludibus
1474 3302 1567 3326 mons
1595 3302 1668 3327 erat
1697 3290 1740 3326 ab
1769 3288 1907 3337 reliquis
1928 3286 2103 3332 disclusus.
2133 3288 2207 3316 Ιτα-

1352 3338 1446 3375 hee

2147 3341 2212 3378 que
