2495 3675
187 726 292 781 280

41 1277 80 1319 δί
97 1266 281 1318 Pont.1ib.‘
300 1290 355 1318 ιν.
374 1278 479 1328 Eleg.
499 1291 562 1319 111.

89 1343 156 1380 Illa
173 1342 346 1394 Syracosia
366 1344 464 1382 modo
479 1342 694 1388 formidatus
713 1341 750 1380 in
771 1342 863 1382 urbe.

37 1418 157 1457 neque
178 1410 280 1448 aliter
300 1409 397 1460 apud
427 1410 556 1448 Silium
582 1409 755 1461 Italicum
771 1409 896 1458 paffim
918 1409 955 1447 in
977 1417 1083 1449 vetu-

36 1457 183 1498 stiffimo
205 1461 336 1499 codice
368 1470 545 1500 exaratur.
573 1472 640 1508 pro
667 1466 759 1497 Arte
778 1461 890 1498 etiam
908 1465 1004 1497 Arce
1026 1473 1082 1498 re-

32 1511 254 1598 vRonendum
274 1523 360 1550 cum
388 1511 534 1560 optimo
557 1511 734 1548 Patavino
763 1511 801 1548 &
829 1509 971 1548 duobus
991 1510 1081 1550 aliis.

22 1563 43 1609 ζ
74 1561 283 1599 chradinam
304 1562 492 1611 intelligit,
511 1560 701 1598 editiorem
724 1559 977 1609 Syracusarum
1001 1573 1082 1609 par-

36 1616 115 1648 tem
131 1639 142 1656 ,
170 1611 231 1650 ubi
247 1612 423 1650 servatam
446 1610 550 1649 fuisse
569 1611 663 1648 hanc
684 1610 880 1659 Sphaeram
903 1623 947 1649 ex
959 1611 1080 1650 Athe-

33 1670 132 1710 naeo
153 1661 344 1700 docemur.
355 1661 414 1699 lib.
432 1673 468 1699 v.
484 1661 521 1698 in
535 1660 777 1709 descriptione
796 1663 897 1699 navis
917 1661 1010 1700 illius
1022 1674 1083 1701 ce-

33 1709 272 1754 leberrimae,
301 1723 411 1761 quam
433 1711 677 1750 Archimedes
697 1712 856 1749 Hier‘oni
879 1713 971 1760 Regi
991 1725 1082 1751 con-

35 1759 186 1814 struxit:
215 1760 442 1806 Btssaaoffilxbus
469 1762 544 1814 ἕχον
571 1762 609 1801 οἶν
638 1766 733 1814 αὐτ-ᾳ
751 1767 796 1814 ,ᾧ
823 1761 843 1813 5
872 1761 938 1802 Thr)
954 1763 1081 1814 ὅροφᾶδ

70 1817 154 1867 ’λον.,
185 1817 231 1856 ὥκ
251 1818 278 1861 ἓῖ
300 1821 347 1870 a&
374 1815 440 1856 τᾶἂ
460 1815 666 1870 Ἀχςριδίνῦμ
689 1816 972 1870 ἡπμεμιμημᾶὖον
993 1821 1080 1861 into·

0 1903 3 1917 ,
62 1872 167 1924 ςόπιε.
195 1871 299 1910 Silius
317 1872 377 1910 lib.
397 1884 476 1910 x1v.
493 1883 652 1921 quatuor
671 1882 787 1922 partes
807 1875 902 1911 urbis
924 1876 1079 1924 Syracu-

1 1946 7 1983 ss
51 1937 143 1964 anae
170 1932 321 1975 quatuor
339 1935 433 1960 arces
453 1932 584 1962 vocat:

34 1987 50 2003 ⁴⁸·
83 1989 283 2033 Nunquam
309 1981 396 2031 hoste
421 1983 573 2022 intratos
598 1997 714 2022 muros
734 2012 746 2031 ,
781 1995 826 2025 Φ·
850 1995 999 2032 quatuor
1018 2000 1077 2024 ar-

207 2047 269 2072 ces.

15 2122 32 2151 „¹
49 2096 132 2148 dem
152 2097 290 2137 ibidem
309 2111 403 2136 arces
419 2110 496 2137 non
519 2097 645 2138 addito
663 2109 843 2137 numero:

27 2150 62 2211 l,
88 2163 171 2203 Inde
189 2163 380 2214 Syracofias
398 2163 515 2212 castris
536 2163 762 2201 circumdedit
779 2176 884 2202 arces.

16 2210 163 2276 &lorus
187 2239 256 2267 tres
291 2243 384 2267 arces
412 2228 624 2279 totidemque
651 2242 765 2266 muros
794 2228 975 2278 Syracusis
1003 2230 1080 2269 affi-

14 2275 134 2329 'issnan
185 2280 363 2318 Ceterum
394 2280 521 2318 locum
553 2279 738 2317 Athenaei
768 2278 900 2317 dehac
922 2281 1077 2328 Sphaera

14 2348 19 2371 ;
52 2327 105 2371 ,ffe
125 2330 402 2380 intelligendum
435 2342 510 2368 vox
538 2330 651 2368 πόλου
682 2329 762 2368 satis
791 2331 952 2374 evincit,
990 2342 1076 2369 narn

22 2380 30 2414 l
59 2381 255 2426 λιστρὸπιον
294 2381 419 2424 dixit,
468 2379 572 2430 quod
601 2379 741 2418 cursum
776 2392 841 2429 per
877 2380 1074 2419 duodecim

23 2427 132 2478 2figna
159 2430 310 2468 solarem
347 2431 580 2478 exprimeret.
613 2430 686 2467 scio
715 2430 818 2468 aliter
850 2431 1076 2480 interpretari

9 2504 16 2530 ς
32 2480 132 2518 viros
153 2479 296 2518 doctos.
323 2480 544 2518 Claudianus
565 2479 610 2517 de
629 2480 698 2516 hac
718 2479 898 2526 Sphaera:

0 2532 37 2600 ἢῆ
85 2546 263 2583 Percurrit
281 2555 457 2595 properum
475 2544 643 2582 mentitus
657 2543 795 2592 fignifir
814 2557 949 2582 annum
963 2573 989 2591 ,N

20 2600 28 2609 '
137 2600 184 2634 Et
196 2595 368 2646 simulata
387 2610 476 2633 novo
499 2594 657 2644 Cynthia
681 2597 792 2643 mense
813 2595 914 2633 redit·

14 2646 92 2700 ‘fita
111 2661 209 2713 lego.
247 2662 417 2712 vulgati,
445 2661 620 2711 proprium
649 2672 796 2697 annum.
849 2660 963 2699 Paulo
990 2669 1075 2699 ante

10 2711 148 2759 &sitiam
169 2713 417 2752 scribendum:

88 2777 186 2823 Jura
201 2777 290 2826 poli,
318 2791 500 2829 rerumque
517 2777 622 2826 fidem
636 2804 646 2822 ,
670 2775 817 2826 legesque
838 2775 972 2815 dierum

37 2827 39 2833 ’
139 2832 221 2865 Ecce
241 2827 429 2878 Syracosius
449 2828 638 2865 transtulit
656 2838 730 2879 arte
744 2833 858 2873 senex.

41 2892 135 2932 Nam
158 2894 369 2933 vetustiores
398 2893 478 2931 libri
503 2921 515 2937 ,
550 2892 696 2942 legesque
716 2896 880 2930 Deorum.
917 2891 1075 2941 Vulgata

39 2945 277 2993 exemplaria,
303 2945 474 2981 virorum.
501 2944 646 2982 HEms.

48 2993 54 2999 ’
88 2995 171 3039 278.
198 3001 276 3032 Stat
300 2995 417 3044 globus
438 3023 450 3038 ‚
495 2991 655 3042 immensi
677 2997 803 3042 parva*
823 2991 939 3041 figura
967 2992 1076 3042 poli]

43 3043 278 3084 Archimedes
309 3044 549 3095 Syracusanus
586 3044 772 3092 sphaeram
810 3045 964 3081 vitream
1012 3043 1076 3080 fibi

42 3095 296 3140 confinxerat,
336 3100 372 3134 in
400 3107 472 3145 qua
500 3094 589 3133 Solis
629 3095 832 3143 Lunaeque
862 3094 960 3142 globi
992 3105 1076 3141 pro'-

39 3147 118 3192 prio
136 3144 289 3190 incessu,
318 3147 355 3184 δε
377 3147 505 3195 sponte
535 3144 689 3183 diversas
721 3144 849 3181 mundi
871 3156 950 3181 oras
972 3156 1075 3181 com-

43 3204 215 3251 mearent.
257 3198 343 3246 Qua
363 3198 408 3236 de
427 3209 464 3235 re
483 3197 529 3236 slc
552 3195 777 3235 Claudianus
807 3206 958 3245 quoque
981 3196 1077 3233 ceci-

43 3252 120 3283 nit:

232 3300 323 3354 Tem.
349 3303 415 3336 111.

462 117 1414 176 FASTORUM
1526 124 1720 181 L1n.

340 217 594 292 Cumque
622 218 682 274 fit
705 219 761 274 in
787 219 966 276 medin
989 236 1167 276 rerum
1190 219 1413 292 regione
1438 220 1638 288 locata,

414 290 488 346 Et
526 305 705 364 tangat
731 293 931 347 nullum
959 294 1142 364 plusve
1165 292 1406 348 minusve
1432 295 1597 357 latus3

194 381 294 435 275
332 364 404 421 Ni
431 381 674 419 convexa
696 365 837 420 foret
854 406 865 425 ,
906 365 1042 436 parti
1068 365 1293 419 vicinior
1317 365 1471 420 effet:

405 437 522 492 Nec
547 437 784 492 medium
808 449 1004 490 terram
1033 437 1263 491 mundus
1288 438 1504 493 haberet
1532 456 1684 496 onuS.

337 510 486 564 Arce
522 508 788 582 Syracosia
812 507 1077 579 suspensus
1101 509 1157 563 in
1184 515 1305 564 aere
1328 512 1504 566 clauso

404 581 516 636 Stat
541 582 757 653 globus,
794 579 1033 633 immensi
1059 597 1216 652 parva
1246 582 1412 654 figura
1443 584 1567 654 poli.

334 654 406 709 Et
432 665 689 723 quantum
716 654 745 706 ἐι
768 650 1006 716 summiS,
1043 666 1250 709 tanturn
1277 656 1480 710 secessit
1506 656 1566 710 ab
1593 656 1710 713 imis

403 725 592 780 Terra.
615 723 765 797 quod
789 736 847 777 ut
871 724 987 787 fiat,
1023 724 1195 780 forma
1226 729 1453 783 rotunda
1489 729 1631 787 facit.

329 798 430 854 Par
456 797 616 851 facies
642 797 856 868 templi:
894 798 1062 851 nullus
1088 800 1354 868 procurrit
1378 802 1430 855 in
1456 802 1547 855 illo

402 870 660 939 Angulus,
700 870 728 922 a
756 869 936 940 pluvio
962 869 1196 925 vindicat
1223 872 1393 927 imbre
1418 874 1611 929 tholus,

332 942 447 998 Cur
474 940 534 994 s1t
559 942 834 1013 virgineis,
871 943 1108 1014 quaem,
1143 943 1262 999 Dea
1287 947 1427 1000 culta
1452 947 1726 1002 ministris?

400 1014 669 1070 Inveniam
695 1013 887 1070 cauffas
910 1015 1007 1070 hac
1032 1033 1251 1089 quoque
1279 1032 1428 1091 parte
1453 1020 1579 1074 suas,

1794 128 1886 185 VI.
2104 143 2198 195 393

2093 1147 2178 1202 13:22:

1191 1280 1356 1331 Juppiter
1373 1281 1411 1319 in
1426 1290 1539 1332 parvo
1558 1295 1635 1320 cum
1657 1292 1803 1320 cerneret
1819 1282 1958 1320 aethera
1979 1282 2099 1328 ὀἰνος

1244 1331 1353 1378 Rifit,
1384 1345 1428 1374 e?
1447 1334 1494 1369 ad
1503 1335 1640 1381 superos
1661 1334 1749 1370 talia
1771 1334 1863 1370 dicta
1885 1334 1978 1371 dedit
1994 1350 2006 1370 .-

1187 1383 1340 1419 Huccine
1361 1383 1518 1420 mortalis
1533 1384 1693 1432 progreffiz
1710 1385 1863 1432 potentia
1885 1398 1984 1421 curae
1997 1388 2013 1419 !

1239 1434 1332 1480 Jam
1351 1447 1446 1470 meus
1466 1433 1504 1470 in
1514 1435 1640 1483 fragili
1662 1435 1800 1471 luditur
1822 1435 1896 1473 orbe
1913 1435 2021 1472 labor.

1191 1483 1292 1529 Jura
1305 1484 1397 1533 poli,
1420 1497 1602 1534 rerumque
1614 1484 1723 1533 fidem
1738 1514 1748 1530 ‚
1776 1485 1922 1536 legesque
1942 1486 2107 1531 deorum}
2183 1516 2187 1522 .

1242 1539 1324 1571 Ecce
1344 1534 1539 1585 Syracufius
1559 1536 1744 1573 transtulit
1763 1547 1837 1573 arte
1848 1542 1965 1585 senex.

1190 1585 1345 1634 Inclusus
1363 1586 1475 1623 variis
1485 1586 1695 1632 famulatur
1703 1586 1846 1636 spiritus
1862 1587 1961 1634 astris
1971 1615 1983 1632 ,

1244 1640 1289 1673 Et
1308 1635 1438 1672 vivum
1458 1636 1557 1673 certis
1575 1636 1723 1673 motibus
1743 1647 1837 1685 urget
1858 1646 1946 1686 opus.

1187 1684 1362 1723 Percurrit
1378 1687 1551 1735 proprium
1569 1687 1735 1724 mentitus
1745 1685 1888 1736 signifer
1909 1701 2045 1725 annum
2060 1715 2071 1734 ,

1235 1740 1282 1772 Et
1296 1735 1468 1785 fimulata
1489 1751 1577 1774 novo
1600 1737 1756 1786 Cynthia
1774 1737 1883 1782 mense
1901 1738 2002 1776 redit.

1183 1787 1344 1836 Jamque
1353 1789 1458 1836 suum
1478 1787 1623 1825 volvens
1644 1788 1765 1824 audax
1789 1787 1957 1834 industria
1978 1789 2152 1827 mundum

1234 1838 1396 1881 Gaudet,
1423 1849 1467 1878 ω’
1486 1837 1645 1874 humana
1665 1837 1773 1883 fidera
1795 1849 1907 1875 mente
1927 1839 2021 1887 regit.

1181 1888 1283 1937 Qid
1297 1888 1392 1938 falso
1408 1889 1576 1937 insontem
1596 1889 1730 1926 tonitru
1750 1889 1928 1925 Salmonea
1950 1890 2055 1927 miror
2068 1899 2084 1929 ἒ

1221 1938 1369 1977 AEmula
1389 1945 1551 1977 Naturae
1564 1948 1683 1989 parva
1703 1948 1834 1988 reperta
1855 1953 1992 1977 manus.

1132 2012 1301 2061 Crotum.
1329 2012 1622 2061 Significatillam
1643 2012 1797 2051 solidam
1812 2013 2043 2053 Archimedis
2054 2015 2180 2064 sphaess

1131 2074 1220 2102 ram.
1249 2063 1394 2101 Solidae
1416 2065 1617 2111 opponitur
1638 2067 1791 2110 κρικωτῆ
1808 2092 1817 2109 ,
1838 2076 1933 2113 quae
1946 2066 2040 2104 intus
2050 2070 2179 2107 aerem

1135 2125 1214 2152 non
1235 2113 1380 2152 claudit.
1413 2115 1537 2151 NEAP.

1187 2185 1272 2222 279.
1298 2181 1452 2212 Tantum
1480 2174 1600 2223 seceffit
1629 2174 1672 2211 ab
1700 2175 1781 2212 imis
1813 2173 1956 2224 Terra]
2012 2176 2052 2215 In
2075 2176 2181 2224 ejus3

1135 2224 1280 2274 inquit,
1308 2227 1435 2264 medio
1457 2229 1580 2274 puncti
1603 2226 1707 2264 instar
1724 2222 1900 2264 'haerebat
1919 2226 2036 2265 tellus.
2080 2228 2178 2266 Scias

1135 2275 1231 2313 illam
1267 2276 1287 2313 ὲ
1319 2277 1415 2314 vitro
1448 2278 1657 2314 fabricatam
1681 2289 1690 2315 z
1737 2285 1777 2315 ut
1806 2277 1842 2315 id
1864 2277 2013 2325 perspici
2037 2277 2176 2325 posset,

1133 2334 1257 2364 motus
1279 2327 1389 2364 etiarn
1411 2326 1474 2375 ipsi
1501 2327 1697 2372 coelestes,
1724 2327 1879 2365 siderum
1910 2336 2012 2364 ortus
2043 2330 2080 2364 &
2109 2340 2175 2365 oc-

1133 2376 1251 2421 casus,
1280 2378 1454 2415 mentitus
1483 2377 1638 2426 Signifer
1659 2404 1670 2419 ,
1707 2377 1892 2415 simulacra
1920 2378 2102 2425 Cynthia,
2131 2386 2173 2414 ut

1131 2438 1218 2465 cum
1239 2427 1445 2466 Claudiano
1470 2428 1610 2476 loquar.
1639 2426 1744 2465 Salve
1764 2438 1896 2474 magne
1917 2426 2173 2471 Archimedes,

1130 2479 1265 2525 patriae
1291 2478 1432 2516 nostrae
1454 2477 1587 2521 decus,
1614 2478 1802 2524 ingenium
1827 2478 1926 2524 supra
1948 2477 2169 2515 humanum.

1129 2527 1224 2564 heu!
1254 2527 1315 2565 ubi
1339 2528 1417 2576 jam
1449 2527 1600 2576 infignia
1623 2527 1739 2565 Sicula
1772 2527 1828 2564 illa
1851 2526 1997 2574 capita?
2025 2527 2171 2566 videtur

1130 2577 1353 2615 hodiernum
1375 2577 1520 2616 coelum
1545 2577 1683 2625 prorsus
1707 2577 1804 2614 aliud
1823 2577 1866 2613 ab
1889 2578 2054 2624 antiquo.
2096 2578 2171 2616 Ubi

1130 2627 1358 2671 Theocriti,
1396 2627 1459 2667 ubi
1488 2628 1620 2677 Lysiae
1639 2655 1649 2671 ‚
1695 2628 1732 2664 &
1759 2638 1918 2674 quorum
1954 2628 2171 2676 plerumque

1129 2677 1256 2726 scripta
1284 2679 1389 2716 nobis
1424 2686 1519 2716 aetas
1549 2678 1679 2716 invidit
1703 2676 1718 2712 ?
1756 2677 1933 2714 Dabimus
1963 2685 2048 2715 ante
2069 2678 2172 2716 bien-

1130 2730 1234 2766 nium
1252 2757 1262 2773 ,
1292 2728 1316 2767 fi
1334 2729 1436 2767 Deus
1467 2729 1568 2767 volet
1589 2757 1599 2774 ‚
1627 2728 1888 2766 Bibliothecam
1919 2728 2101 2773 Siculam,
2130 2737 2170 2767 ut

1131 2780 1295 2823 mireris,
1323 2792 1417 2829 quos
1438 2780 1535 2817 viros
1555 2791 1597 2817 ea
1622 2779 1725 2817 tellus
1751 2779 1927 2820 emiserim
1957 2779 2036 2816 imo
2057 2788 2095 2817 ut
2114 2778 2172 2827 lt13

1130 2842 1234 2878 geas,
1263 2843 1350 2880 quas
1367 2843 1531 2881 gemmas
1551 2830 1647 2868 orbis
1661 2828 1826 2867 amiserit.
1856 2830 1982 2869 Nur.

1181 2895 1265 2932 282.
1294 2900 1330 2931 A
1359 2894 1480 2944 pluvio
1510 2894 1674 2930 vendicat
1695 2892 1802 2930 imbre
1829 2893 1984 2941 tholus]
2037 2893 2170 2931 Graeci

1130 2945 1344 2994 hujusmodi
1372 2945 1551 2992 templum
1589 2945 1752 2982 dicerent
1782 2943 1863 2980 νειὸν
1890 2943 2066 2983 θολοειόήν.
2120 2944 2169 2982 fic

1131 2996 1225 3043 apud
1248 2995 1479 3033 Athenaeum
1499 2996 1557 3032 lib,
1571 3007 1605 3031 v.
1633 2995 1729 3037 Ναός
1750 2994 1966 3040 Ἀφροδίτης
1988 2994 2169 3036 θολοειδής.

1132 3045 1249 3083 Tholi
1270 3047 1389 3083 forma
1411 3045 1458 3083 est
1477 3044 1694 3089 οὗρανοειδῆς·
1722 3054 1913 3092 propterea
1938 3045 2070 3092 scripsit
2090 3046 2168 3081 Dio

1131 3096 1191 3133 lib.
1213 3109 1301 3133 Lm.
1327 3096 1531 3134 Pantheum
1546 3096 1668 3145 ,quod
1689 3096 1835 3133 Romae
1856 3095 2166 3142 condidztAgrip-

1132 3159 1175 3194 pa
1191 3174 1200 3190 ‚
1215 3146 1379 3187 Θολοειδές
1400 3141 1436 3182 ’δν
1455 3149 1504 3193 τῷ
1524 3147 1645 3193 οὐρανῷ
1664 3145 1902 3190 προςεωκένκι.
1929 3146 2055 3191 Inepte
2068 3146 2167 3180 Mar-

1132 3199 1186 3233 sus
1199 3224 1209 3240 ‚
1237 3206 1276 3234 ut
1296 3197 1385 3234 solet
1399 3197 1517 3242 ,θόλον
1537 3198 1614 3234 vult
1633 3196 1702 3234 effe
1722 3196 1962 3237 testudineum
1985 3206 2066 3231 cum
2078 3195 2168 3231 hacc

1132 3248 1287 3291 cadem,
1315 3258 1409 3293 quae
1435 3249 1584 3287 Graecis
1603 3248 1757 3296 χελώνη.
1785 3248 1908 3284 δέει-«τ’.

1306 3297 1414 3336 Ddd
1987 3294 2071 3342 283.
2099 3296 2171 3327 Cir
