2495 3675
213 191 311 243 322

734 161 795 218 P.
868 149 1288 215 OVIDII
1362 146 1892 212 NASONIS

507 264 602 322 Est
626 266 793 321 moles
820 262 1027 318 nativa:
1068 260 1193 313 loco
1219 271 1303 309 res
1328 251 1547 306 nomina
1573 249 1722 307 fecit.

369 357 468 411 150

583 339 873 410 Adpellant
898 336 1106 390 saxum:
1148 345 1266 402 pars
1290 326 1430 380 bona
1455 325 1654 380 montis
1678 343 1737 380 ea
1764 326 1854 381 est.

512 411 662 469 Huic
689 412 894 467 Remus
919 407 1172 461 institerat
1199 399 1417 462 frustra,
1454 415 1566 468 quo
1593 413 1841 473 tempore
1869 398 2019 456 fratri

588 486 763 541 Prima
791 481 1056 537 Palatinae
1083 476 1223 548 signa
1248 471 1463 528 dedistis
1492 489 1631 526 aves,

509 559 743 631 Templa
773 557 952 611 Patres
983 550 1116 612 illic,
1143 548 1328 602 oculos
1350 544 1506 600 exosa
1535 545 1741 609 virile3‚

590 632 816 686 Leniter
841 624 1037 681 adclivi
1065 621 1389 677 constituere
1409 619 1556 691 jugo,

373 726 468 776 155
509 705 740 762 Dedicat
772 701 902 756 haec
927 697 1121 752 veteris
1150 692 1468 749 Clausorum
1497 692 1726 748 nominis
1751 691 1937 758 here3‚

594 777 858 848 Virgineo
886 772 1090 827 nullum
1116 783 1346 838 corpore
1372 763 1506 837 passa
1534 765 1725 821 virum.

516 851 675 906 Livia
698 847 955 907 1·estituit;
996 862 1065 900 ne
1094 859 1205 898 non
1230 838 1433 894 imitata
1461 839 1714 894 maritum

594 922 765 986 Effer,
809 922 863 975 &
891 937 960 975 ex
986 917 1133 972 omni
1157 927 1311 988 parte
1339 911 1516 966 secuta
1540 912 1730 967 virum.

622 996 808 1053 Ostera
832 1010 956 1048 cum
982 992 1183 1045 roseam
1210 985 1364 1059 pulsis
1393 984 1726 1058 Hyperionis
1751 985 1899 1042 astris

378 1075 480 1127 160
519 996 614 1134 P
691 1070 751 1124 In
775 1065 1046 1124 matutinis
1074 1060 1316 1136 lampada
1343 1059 1481 1113 tollit
1506 1059 1689 1130 equi33

279 1339 344 1374 Tot
356 1334 422 1373 tibi
442 1346 590 1386 tamque
602 1331 701 1372 dabit
713 1331 884 1381 formosas
903 1335 1010 1367 Roma
1029 1325 1172 1377 puellas.

227 1404 302 1442 hoc
324 1413 414 1440 vero
434 1401 538 1440 versu
560 1412 647 1440 cum
670 1397 889 1437 Farnefiano
910 1393 1027 1444 poffet
1045 1393 1142 1442 legi,

460 1461 639 1512 Augustus
658 1457 780 1510 menfis
795 1457 863 1509 fibi
881 1455 1047 1495 carminis
1063 1454 1167 1501 hujus

333 1515 408 1561 Jus
429 1513 546 1553 habet.

228 1584 293 1625 sed
314 1584 422 1632 eligat
441 1582 621 1632 quisque,
650 1579 754 1629 quod
785 1580 847 1618 fibi
880 1578 1065 1626 optimum
1088 1577 1283 1617 videbitur.

234 1636 310 1674 vid.
324 1647 378 1674 w.
391 1634 459 1672 Tr.
471 1646 519 1671 11.
534 1634 591 1683 58.
607 1646 632 1671 1.
646 1633 754 1670 Pont.
767 1644 820 1669 1x.
841 1642 897 1681 34.
909 1629 1175 1686 nominisfmjus
1186 1632 1284 1668 Am-

231 1686 326 1726 bros.
348 1687 506 1724 Laeti&
520 1685 596 1722 duo
609 1684 681 1722 alii.
695 1684 791 1723 forte
811 1710 820 1727 ‚
839 1681 908 1732 fibi
927 1681 1088 1718 numims
1100 1693 1282 1722 &amen-

222 1737 272 1787 fis
286 1736 352 1788 fibi
370 1735 511 1774 Farnes.
533 1735 664 1774 Bonna.

286 1788 368 1834 148.
395 1787 498 1823 Diva
507 1787 662 1823 canenda
674 1791 769 1822 Bona
781 1783 853 1834 est.]
869 1783 1001 1821 lisdem
1013 1781 1186 1822 Kalendis
1199 1784 1285 1821 Ma-

227 1839 278 1888 jis
298 1838 394 1877 sacra
414 1846 516 1875 erant
536 1837 660 1874 Bonae
681 1836 786 1873 Deae
800 1863 811 1879 ‚
832 1844 873 1872 ut
896 1834 1024 1872 auctor
1046 1835 1159 1872 etiam
1179 1843 1285 1873 vetus

230 1890 383 1938 scriptor
404 1888 557 1926 Cincius
574 1889 697 1937 primo
718 1885 976 1924 Saturnalium.
1021 1885 1130 1923 Hanc
1151 1886 1287 1924 Graeci

234 1940 444 1977 Γυναικείαν
455 1940 605 1977 dixere:
620 1939 760 1976 Latinis
772 1937 821 1975 est
831 1937 912 1974 sane
926 1937 1008 1974 Dea
1019 1936 1285 1986 polynominiS.

234 1992 453 2030 Vietimain
466 1989 630 2040 ejusdem
643 1989 819 2028 sacrificio
840 1987 894 2025 sus
905 1995 1215 2037 eratpraegnans:
1244 1989 1286 2026 il-

233 2043 298 2082 lud
309 2054 399 2080 vero
412 2041 586 2079 Damium
596 2038 936 2090 appellatumvide
947 2036 1103 2077 cauffam
1119 2040 1157 2077 in
1167 2039 1287 2078 Festo.

236 2094 299 2133 De
318 2092 563 2132 sacerdotibus
582 2091 708 2130 Bonae
735 2091 841 2129 Deae
859 2097 930 2127 tres
952 2098 1013 2127 aut
1033 2097 1208 2139 quattuor
1229 2092 1286 2129 vi-

239 2145 279 2183 di
300 2143 439 2193 lapides
458 2144 497 2181 in
517 2142 714 2182 Thesauro
737 2141 1034 2191 inscriptionum.
1062 2141 1161 2180 Mihi
1183 2141 1225 2180 fit
1244 2140 1287 2179 fi-

237 2196 312 2235 des.
342 2196 519 2233 Neapon.

294 2259 375 2296 152.
402 2252 518 2295 Regna
540 2243 677 2293 dedistis
695 2242 819 2293 aves]
848 2243 953 2292 Signa
973 2242 1097 2281 Ursini
1119 2241 1240 2282 codex
1254 2243 1295 2281 &

237 2309 332 2337 unus
352 2297 547 2336 Patavinus
561 2324 571 2341 ,
600 2307 686 2333 cum
702 2295 879 2343 Naugerii
897 2294 1002 2332 libro.
1027 2295 1294 2342 superioriver-

237 2351 301 2394 su,
329 2355 433 2386 Hunc
461 2353 585 2386 Remus
606 2346 778 2393 institerat
796 2344 1097 2384 Zulichemianus
1126 2345 1147 2382 a
1180 2357 1294 2384 manu

238 2402 359 2450 prima
373 2427 383 2445 ,
411 2410 487 2437 non
510 2399 612 2436 Huic.
633 2397 681 2435 fic
700 2394 846 2446 insistere
865 2396 990 2441 limen,
1019 2394 1163 2446 infistere
1192 2395 1293 2443 vesti-

236 2452 295 2500 gia
316 2452 408 2489 dixit
426 2449 612 2498 Virgilius.
632 2447 776 2495 infistere
792 2449 894 2484 viam
908 2448 946 2485 ὅ(
965 2449 1031 2486 iter
1050 2448 1196 2486 Plautus
1211 2447 1294 2486 Te-

239 2503 466 2552 rentiusque.
485 2501 628 2538 Hans.
657 2499 723 2536 Hic
740 2498 884 2537 decem.
913 2498 980 2536 huc
997 2510 1154 2537 novem.

296 2576 378 2614 153.
406 2563 528 2602 Oculos
549 2564 647 2609 exofiz
669 2563 827 2614 viriles.]
857 2563 1115 2602 Plutarchusin
1138 2562 1293 2601 C.Cae·

240 2614 314 2652 sare
343 2617 388 2653 de
409 2616 553 2664 templo
577 2617 614 2653 ὅ(
643 2615 762 2653 domo
786 2643 796 2660 ‚
825 2616 860 2652 in
884 2612 957 2663 qua
982 2615 1180 2663 quotannis
1198 2614 1293 2653 sacra

242 2664 377 2703 fiebant
400 2667 467 2713 (ea
487 2666 590 2715 saepe
609 2666 677 2703 fuit
696 2674 757 2704 aut
790 2664 977 2707 Consulis,
1006 2672 1069 2702 aut
1088 2665 1269 2702 Praetoris
1282 2692 1292 2706 ‚

243 2715 331 2752 teste
357 2717 518 2764 eodem)
564 2716 692 2762 ’Άνδροι
717 2716 759 2752 δὲ
781 2715 980 2759 προσελθεῖν
1006 2713 1042 2750 οὐ
1077 2713 1195 2758 θέμις,
1223 2714 1293 2750 οὐδ’

244 2764 296 2801 ἐπ
317 2769 401 2808 ιτΞς
430 2767 540 2810 chiae
571 2767 730 2814 γενέσθαι
755 2794 767 2811 ,
809 2767 878 2803 τῶν
914 2766 1009 2809 ἱερῶν
1038 2763 1296 2812 ὃργαζομένων,

243 2816 448 2854 Λάευηάιιε
461 2817 606 2857 Tullius
626 2820 671 2858 de
691 2817 911 2867 Aruspicum
933 2815 1127 2865 Responfis
1143 2843 1153 2861 ‚
1166 2817 1297 2865 nigra-

246 2880 293 2905 γε
316 2868 375 2904 el't.
414 2868 589 2907 Nfflpor.

300 2941 380 2979 154.
411 2932 545 2968 fimiter
565 2933 691 2969 acclivi
704 2931 822 2982 jugo]
876 2931 977 2970 Vide
996 2940 1036 2970 ut
1054 2932 1210 2982 explicat
1235 2944 1296 2971 ae-

243 2981 333 3020 dem
355 2981 482 3018 nem-10
512 2983 614 3019 Deae
637 2983 850 3021 subsaxanae
871 3011 880 3027 ‚
921 2983 966 3020 de
997 2982 1069 3032 qua
1092 2995 1176 3022 cum
1201 2985 1295 3022 anti-

245 3034 325 3081 quis
348 3032 494 3068 Publius
521 3032 647 3068 Vidi-or
668 3035 818 3080 regione
842 3046 912 3070 xxi.
957 3033 1041 3071 Fuit
1066 3035 1104 3071 δε
1125 3034 1292 3084 ejusdem

244 3085 312 3121 alia
334 3084 371 3120 in
395 3082 587 3119 Aventino
611 3096 621 3119 ι
658 3081 716 3119 sed
744 3084 790 3118 de
821 3083 889 3119 liae
908 3082 969 3120 sub
990 3083 1076 3122 saxo
1099 3085 1294 3125 constituta

246 3144 369 3184 aperte
387 3145 485 3170 nunc
501 3133 674 3181 loquitur.
705 3133 882 3169 Nestor.

300 3209 381 3246 ¹54·
409 3197 593 3255 Areatas]
635 3197 782 3235 Acclivo
810 3197 961 3236 Putean.
983 3199 1021 3237 ὃ(
1043 3199 1104 3239 sex
1123 3201 1196 3240 alii.
1217 3202 1294 3243 vid,

248 3261 312 3289 ΧΠ.
342 3260 397 3298 13.
426 3261 549 3286 accitas
570 3261 720 3287 novem.

297 3311 379 3351 155.
410 3299 604 3350 Crass’brum
627 3301 776 3340 nominis
796 3300 926 3352 keren]
973 3302 1083 3342 Maio
1104 3313 1149 3342 ex
1171 3303 1291 3353 priscis

2276 1187 2391 1243 Fri-

1331 1319 1427 1358 libris
1447 1346 1458 1364 ,
1485 1318 1697 1364 Clausorum
1718 1320 1868 1359 nominis
1887 1320 1993 1363 heres.
2047 1324 2155 1363 Haec
2188 1323 2311 1375 Appia
2332 1325 2394 1366 illa

1334 1371 1489 1410 Claudia
1509 1371 1683 1421 probatae
1701 1372 1898 1421 pudicitiae
1919 1376 2069 1415 femina.
2098 1377 2223 1414 NEAP.

1390 1438 1474 1485 156.
1502 1443 1646 1486 Corpore
1659 1434 1755 1487 paffa
1777 1438 1940 1489 virum.]
1962 1442 2070 1488 Nefas
2087 1443 2224 1489 primus
2257 1443 2395 1482 Farne-
2429 1428 2435 1442 1
2488 1426 2490 1438 ¹

1334 1487 1453 1527 smnus
1470 1500 1537 1537 pro
1561 1488 1701 1527 diversa
1720 1490 1893 1528 led'tione.
1911 1492 2008 1529 forte
2026 1492 2171 1531 rectius.
2198 1495 2283 1543 quia
2297 1495 2395 1544 secu-

1336 1550 1375 1577 ta
1396 1540 1520 1578 virum
1541 1551 1632 1578 mox
1643 1539 1815 1590 sequitur.
1844 1541 1910 1579 nisi
1931 1543 2003 1582 illic
2019 1544 2130 1591 suum
2150 1546 2265 1583 malis.
2295 1555 2335 1584 ut
2347 1545 2395 1586 ad

1338 1592 1380 1628 τὸ
1402 1591 1574 1629 maritum
1593 1592 1782 1630 referatur.
1805 1602 1991 1641 praeterea
2005 1621 2016 1638 ,
2029 1594 2073 1643 est
2091 1595 2202 1641 omni,
2215 1595 2397 1637 Sarravia·

1337 1654 1406 1681 nus
1419 1671 1428 1687 ,
1441 1643 1580 1680 Mazar.
1600 1643 1640 1681 ὅ(
1659 1642 1794 1682 infiniti
1813 1645 1888 1682 alii.
1907 1646 2027 1691 forte,

1392 1705 1435 1737 Ut
1455 1701 1498 1748 est
1513 1702 1610 1740 omni
1621 1710 1723 1752 parte
1734 1709 1855 1752 secuta
1872 1704 1995 1754 suum.

1339 1752 1486 1790 Hfims.

1343 1854 1382 1893 N
1399 1815 1482 1849 157·
1512 1803 1620 1843 Livia
1643 1804 1832 1858 restituit.]
1863 1807 2231 1862 oetavianiAugusti
2247 1813 2401 1864 conqu.

1385 1867 1522 1894 nepot.

1401 1927 1485 1963 159.
1513 1915 1648 1974 Postera
1666 1930 1745 1956 cum
1762 1918 1932 1972 rafiam]
1960 1934 2015 1961 vr.
2035 1924 2165 1964 Nonas
2181 1925 2277 1977 Maji
2294 1925 2403 1977 spirat

1342 1975 1474 2006 ventus
1487 1995 1498 2013 ,
1511 1979 1570 2007 cui
1589 1980 1733 2008 nomen
1755 1970 1934 2020 Argestes.
1963 1975 2088 2013 NEAP.

1396 2042 1480 2089 159.
1506 2033 1741 2090 ljyperionis]
1769 2034 1915 2076 Festus:
1943 2040 2167 2089 Hyperionem
2185 2042 2253 2082 alii
2261 2053 2402 2093 patrem

1342 2081 1426 2120 Solu
1439 2111 1450 2128 ,
1475 2083 1542 2120 alu
1558 2087 1671 2134 zpsum
1684 2113 1695 2130 ‚
1723 2086 1815 2135 quod
1826 2089 1997 2143 eat-super
2016 2101 2128 2129 terras
2140 2119 2150 2136 ,
2177 2093 2232 2130 ita
2250 2094 2401 2143 appella-

1342 2143 1422 2222 iii?
1435 2133 1625 2183 putabant.
1657 2137 1804 2174 Patrem
1826 2137 1914 2176 facit
1933 2141 1972 2176 &
1991 2139 2214 2182 Stesichorus
2232 2144 2288 2183 his
2318 2157 2402 2184 ver-

1401 2229 1522 2277 Ἀλίος
1533 2233 1575 2270 δὲ
1587 2234 1825 2281 ’Ὑπεριονίδας
1844 2237 1962 2282 δέπας
1984 2239 2225 2288 ἐσκατέβαινε
2236 2247 2402 2293 χρύσεον.

1350 2293 1415 2334 801
1426 2306 1516 2334 vero
1538 2297 1768 2346 Hyperionis
1787 2297 1878 2337 filius
1897 2299 1934 2337 in
1957 2300 2134 2348 poculum
2157 2303 2402 2346 descendebat

1349 2358 1517 2386 aureum.
1537 2346 1723 2404 Hesiodus
1735 2349 1773 2387 in
1785 2349 2015 2400 Theogonia
2035 2353 2157 2399 canit,
2178 2355 2401 2404 Hyperiona

1348 2397 1421 2436 effe
1454 2397 1558 2456 Caeli
1577 2410 1622 2436 ex
1653 2399 1772 2439 Terra
1791 2399 1909 2440 filium
1927 2429 1938 2447 ,
1975 2402 2015 2440 &
2044 2404 2167 2451 postea
2188 2406 2330 2456 subjicit
2356 2409 2402 2448 ab

1348 2449 1572 2499 Hyperione
1589 2450 1629 2488 &
1650 2450 1762 2490 Thea
1788 2451 1912 2490 Solem
1927 2481 1938 2498 ‚
1969 2452 2117 2492 Lunam
2148 2457 2187 2494 ὃ(
2211 2457 2400 2499 Auroram

1346 2502 1492 2557 genitos
1504 2499 1588 2539 effe.
1599 2501 1761 2559 Oisiqlius
1772 2503 1884 2561 etiam
1905 2503 1980 2552 ipse
1999 2503 2061 2544 lib.
2071 2518 2127 2545 1v.
2141 2508 2400 2561 Metamorph.

1348 2551 1443 2591 Solis
1460 2560 1604 2604 patrem
1626 2552 1727 2591 dicit.
1748 2554 1809 2592 ubi
1829 2564 1878 2593 1ta
1898 2555 1970 2593 est:

1584 2615 1671 2663 quid
1689 2620 1782 2654 nunc
1801 2617 1991 2667 Hyperione
2011 2628 2094 2658 nate

1402 2668 1552 2709 Forma,
1579 2665 1733 2716 colorque
1749 2666 1838 2714 tibi,
1865 2669 2074 2719 radiataque
2084 2669 2222 2708 lumina
2236 2672 2401 2723 prostent?

1352 2723 1485 2763 Rursus
1496 2725 1557 2764 hic
1570 2727 1703 2768 Noster
1720 2730 1780 2769 lib.
1800 2743 1872 2769 nx.
1899 2731 2023 2770 Solem
2040 2731 2157 2779 ipsum
2178 2743 2313 2776 vocat:

1404 2782 1566 2841 Jamque
1587 2786 1676 2825 duas
1699 2787 1784 2826 lacis
1800 2798 1916 2839 partes
1935 2788 2124 2838 Hyperione
2141 2794 2256 2842 menft

1402 2835 1613 2884 Dtfiubuere
1630 2840 1714 2876 toris
1736 2839 1876 2888 Theseus
1895 2849 1969 2879 σε.

1355 2898 1394 2936 &
1414 2898 1515 2948 supra
1536 2900 1597 2939 lib.
1624 2914 1655 2941 1.
1676 2903 1711 2940 h.
1732 2913 1834 2950 oper.

1351 2999 1384 3036 C
1404 2949 1527 2987 Placat
1545 2964 1628 3001 equo
1650 2951 1757 3001 Perfis
1777 2950 1887 2989 radiis
1908 2951 2101 3003 Hyperiona
2120 2954 2288 2999 cinezum.

1388 3011 1523 3038 iorAN.

1405 3051 1487 3089 160.
1514 3051 1695 3108 Lampada
1716 3051 1846 3102 tolla]
1903 3055 2002 3104 Quia
2022 3059 2156 3104 poetae
2182 3061 2222 3100 δε
2240 3061 2403 3112 ρῐέὶοτεε

1350 3102 1519 3140 Aurorae
1539 3109 1779 3159 pro—lceptro
1811 3105 1933 3142 facem
1964 3106 2024 3144 vel
2043 3107 2211 3159 lampada
2230 3116 2331 3153 dant.
2360 3123 2401 3154 ut

1351 3153 1516 3192 observat
1529 3153 1710 3192 dot‘hssim
1718 3167 1755 3194 us
1766 3155 1982 3196 Sirmondus
1995 3157 2040 3196 ad
2052 3159 2108 3198 illa
2122 3161 2265 3204 Sidonii
2276 3165 2404 3207 Carm-

1350 3215 1588 3304 n'siae'egina
1601 3256 1699 3304 sedet
1710 3256 1816 3305 solio,
1834 3257 1960 3308 sceptri
1977 3260 2053 3299 vice
2074 3262 2242 3304 dextram

1399 3306 1596 3357 Lampadis
1606 3307 1707 3357 hasta
1725 3309 1840 3359 replet.
1858 3309 1993 3354 Eunu.

2209 3368 2297 3415 160.
2323 3367 2400 3418 Τοῖς
