2495 3675
226 180 330 237 774
723 111 1907 217 'ROVIDIINASONIS

523 261 702 335 Quam
730 263 825 319 tibi
850 264 1145 320 nostrarum
1170 260 1382 314 veniant
1410 258 1604 314 oblivia
1629 270 1826 315 rerum.

379 352 444 400 30
590 337 716 391 Non
747 337 961 408 itapars
987 337 1077 390 sati
1102 332 1326 388 candida
1353 332 1492 386 nulla
1514 333 1636 386 mei.

522 410 608 465 Ne
636 425 812 464 tamen
837 411 966 463 haec
994 409 1100 460 dici
1128 405 1285 478 possit
1314 405 1507 460 fiducia
1534 405 1797 469 mendax,

595 483 870 549 Stultaque
894 480 1176 534 credulitas
1201 477 1374 534 nostra
1399 477 1578 542 fuisse,
1618 497 1773 534 cave:

529 554 914 623 Constantique
940 552 1047 606 fide
1075 565 1313 607 veterem
1341 564 1513 606 tutare
1535 552 1797 616 sodalem,

607 629 728 699 Qua
751 627 906 689 licet,
941 625 997 679 ἅτ
1021 641 1282 699 quantum
1317 641 1428 679 non
1455 626 1708 680 onerosus
1733 642 1846 681 er0.

294 776 354 812 27·
385 771 456 803 Nec
477 763 630 811 Balylon
649 761 806 809 aestum,
836 774 894 799 nec
912 762 1049 811 frigora
1073 770 1202 801 Pontus
1221 762 1285 799 ha·
1342 762 1406 811 qui
1425 762 1461 799 in
1483 760 1660 810 segetibus
1688 761 1842 799 nascitur
1862 763 2033 802 caeruleo
2057 764 2184 803 colore
2199 793 2209 810 ‚
2235 772 2390 810 nuando

246 815 565 864 bebit,Calthaque
580 813 766 860 Paestanas
787 813 901 849 vincet
923 813 1020 850 odore
1038 817 1285 863 rosas:Qam
1343 815 1381 850 &
1413 813 1550 851 Plinius
1585 812 1604 850 a
1636 814 1760 850 colore
1798 813 1937 852 dicium
1980 817 2039 853 ait.
2093 806 2384 861 uvdvsav'autem

247 868 312 906 u‘bi
337 868 532 915 nostrarum
556 892 566 908 ‚
595 864 696 913 &c.]
750 863 898 912 Eclipfis
933 864 994 902 est.
1032 865 1284 914 Supplendum
1343 864 1552 902 caeruleum
1579 864 1651 908 est,
1680 876 1756 902 non
1780 865 1956 913 nigrum:
1997 875 2037 904 ut
2069 868 2105 905 ὃ(
2134 879 2306 915 gemmae
2325 885 2389 911 co·

249 920 347 955 enim
372 918 418 954 est
441 915 653 952 adverbium
689 915 804 950 Citius
829 944 838 957 ,
867 916 926 953 vel
950 920 1056 952 Ante.
1086 925 1124 954 ut
1146 916 1188 954 fit
1208 917 1287 954 sen·
1343 916 1399 954 lor
1419 914 1580 959 indicat,
1606 927 1717 964 quam
1742 916 1931 964 Cyaneam
1953 928 2102 955 vocant.
2131 920 2310 964 Mrcrrr..
2385 917 2390 920 ⁵

247 969 321 1007 sus:
351 968 450 1004 Ante
480 966 641 1015 Babylon
675 966 809 1002 aestum
840 978 916 1023 non
943 967 1114 1026 habe-bit,
1143 975 1205 1005 aut
1226 968 1287 1005 fri·
1397 991 1457 1026 27,
1483 980 1645 1030 ἧβαι]
1672 981 1812 1030 AEstum
1832 981 1947 1030 scripti
1969 984 2144 1031 potiores.
2172 986 2317 1026 Heius.

247 1030 332 1067 gora
354 1019 512 1055 Pontus:
543 1020 580 1055 ὃ(
606 1025 690 1054 ante
720 1017 836 1053 caltha
867 1026 992 1055 vincet
1022 1017 1207 1056 Paestanas
1227 1030 1288 1056 ro·
1399 1040 1462 1081 28.
1491 1041 1719 1089 Paestanas.]
1749 1049 1951 1091 Campanas
1974 1044 2083 1082 Polit.

246 1069 296 1106 sas
316 1067 457 1112 odore,
486 1081 596 1117 quam
617 1069 680 1104 tibi
703 1066 902 1105 nostrarum
927 1080 1048 1106 rerum
1074 1071 1198 1107 veniat
1224 1069 1292 1106 ob·
1560 1105 1566 1111 ,
1935 1110 1940 1114 .

246 1120 349 1158 livio.
405 1118 464 1156 Est
490 1128 615 1157 autem
641 1117 783 1163 caltha,
811 1128 849 1156 ut
870 1120 944 1157 hoc
972 1132 1125 1169 quoque
1146 1120 1293 1169 adjicia-
1389 1117 1461 1162 „30-
1493 1111 1566 1141 Μθῑ
1585 1105 1670 1155 effi]
1727 1110 1786 1153 Est
1808 1107 1903 1145 deest
1932 1120 1968 1146 Π]
2004 1110 2155 1158 ΑΥὲθΠῒ-
2188 1112 2225 1149 &
2253 1114 2390 1163 septem

249 1183 354 1214 mus,
383 1170 448 1207 flos
471 1171 587 1208 luteus
608 1170 666 1207 ille
681 1198 691 1214 ‚
719 1181 831 1218 quern
853 1170 925 1207 alio
947 1182 1103 1209 nomine
1116 1171 1294 1209 Calenda—
1351 1156 1439 1193 ³¹¹¹&
1467 1156 1569 1203 QUOd
1594 1159 1933 1213 mfflfleresseglefflt
1954 1159 2127 1200 Hemfius
2142 1190 2152 1207 ν
2179 1165 2242 1212 qUi
2265 1165 2299 1202 11¹
2316 1166 2394 1204 edi·

251 1222 322 1258 lam
345 1230 488 1258 vocant.
519 1224 566 1258 ita
588 1222 687 1258 enim
711 1220 896 1259 doctiores
920 1221 1091 1260 sentiunt.
1120 1224 1180 1260 De
1200 1227 1296 1269 Cya-
1350 1215 1456 1245 none
1479 1206 1537 1245 sua
1558 1207 1690 1256 abiem
1714 1220 1864 1256 Pflmus·

250 1286 293 1308 xo
312 1284 405 1321 quae
430 1272 544 1309 scribit
570 1273 736 1315 Merula,
764 1271 838 1320 ipse
859 1273 1002 1310 viderit.
1032 1273 1153 1310 Nostri
1177 1272 1295 1309 medi·
1408 1279 1468 1318 33.
1496 1275 1625 1310 Tueare
1647 1269 1840 1322 sodalem-J
1894 1276 2023 1311 :futare
2052 1273 2223 1317 meliores
2253 1281 2399 1319 omnesss

251 1323 287 1362 ci
312 1324 498 1373 vulgarem
518 1323 622 1363 illum
646 1323 778 1363 florem
809 1323 885 1363 hoc
905 1325 1062 1363 nomine
1087 1323 1295 1374 appellant,
1354 1319 1507 1361 Herm.

1003 1504 1556 1571 EPISTOLA
1656 1500 1738 1568 V.

778 1653 1882 1739 *SALANQ

555 1876 883 2020 COndita
907 1877 1197 1950 disparibus
1220 1878 1456 1932 numeris
1485 1893 1590 1948 ego
1612 1877 1755 1932 Naso
1781 1876 1970 1932 Salano

753 1951 1057 2022 Praeposuit
1085 1951 1196 2005 misi
1221 1951 1384 2004 verba
1410 1950 1572 2004 salute
1601 1969 1743 2005 me0.

550 2027 707 2098 Quae
733 2037 842 2077 rata
868 2024 928 2076 sit
954 2025 1144 2094 cupi0‚
1181 2022 1447 2096 rebusque
1474 2036 1533 2077 ut
1558 2021 1878 2094 comprobet
1907 2029 2104 2090 omem

626 2099 715 2152 Te
744 2112 936 2167 precor
961 2096 988 2147 a
1014 2095 1154 2148 salvo
1182 2094 1340 2167 poffit
1359 2135 1376 2158 ,
1416 2095 1613 2157 amice,
1650 2096 1771 2167 legi.

413 2190 442 2238 5
554 2171 803 2231 Candor,
844 2170 896 2222 in
923 2169 1026 2222 hoc
1054 2186 1188 2222 aevo
1215 2186 1300 2222 res
1326 2167 1679 2222 intermortua
1706 2184 1874 2240 pene,

632 2243 843 2313 Exigit,
882 2254 941 2295 ut
965 2240 1156 2295 faciam
1181 2241 1300 2295 talia
1325 2254 1474 2303 vota,
1524 2253 1660 2294 tuus,

560 2317 699 2373 Nam
725 2315 917 2369 fuerim
943 2315 1179 2384 quamvis
1202 2312 1425 2367 modico
1448 2312 1543 2367 tibi
1569 2314 1816 2385 cognitus
1840 2314 1964 2379 usn,

633 2388 843 2444 Diceris
868 2387 1056 2442 exfiliis
1080 2385 1392 2458 ingemuisse
1417 2386 1564 2441 meis,

2238 2513 2422 2572 Miffa.

329 2658 352 2680 ²¹²
381 2652 575 2704 Sumo]
624 2652 679 2690 Ita
700 2651 817 2700 scripti
840 2652 1026 2699 potiores,
1054 2661 1138 2689 cum
1162 2650 1317 2689 Somno
1376 2649 1515 2687 Consul
1536 2659 1634 2687 anno
1662 2649 1710 2685 V.
1735 2649 1775 2686 C.
1795 2660 1989 2687 ncctxxx.
2019 2659 2096 2699 quo
2123 2657 2297 2700 ternpore
2325 2654 2419 2701 Julia

280 2708 451 2747 haetenus
476 2706 517 2745 fit
537 2704 687 2743 lectum.
713 2702 772 2740 sed
799 2711 970 2739 neutrum
990 2713 1131 2740 nomen
1162 2704 1199 2739 in
1228 2702 1318 2738 civi·
1375 2700 1528 2749 Augusti
1551 2701 1668 2748 neptis
1689 2701 1726 2738 in
1753 2700 1877 2737 exsilio
1906 2700 1955 2738 est
1974 2711 2131 2739 mortua.
2179 2703 2249 2741 Sed
2270 2716 2354 2743 curn
2377 2708 2422 2744 in·
2490 2740 2495 2747 ,

279 2768 352 2798 rate
373 2760 541 2796 Romana
576 2756 779 2804 cognitum.
807 2761 966 2800 quatuor
994 2761 1137 2791 veteres
1156 2753 1317 2790 SALxNo.
1376 2752 1448 2788 Sila
1469 2753 1568 2799 prior
1583 2751 1715 2800 syllaba
1745 2752 1967 2800 producatur
1997 2752 2093 2801 apud
2117 2754 2348 2801 Martialem,
2376 2758 2416 2795 in

282 2813 408 2859 Quare
438 2809 636 2845 minimum
660 2803 755 2843 abest
779 2832 787 2846 ,
825 2805 915 2852 quin
945 2804 1071 2842 litteris
1093 2802 1319 2851 transpositis
1374 2802 1489 2839 silano
1509 2813 1662 2850 quoque
1683 2802 1837 2850 produci
1856 2801 2114 2840 fitverifimile.
2142 2803 2228 2842 Fors
2242 2805 2416 2853 scriptum

281 2861 413 2910 reponi
433 2859 565 2896 debere
585 2857 750 2895 censeam
781 2854 938 2891 Sumo.
968 2863 1005 2891 ut
1031 2855 1074 2890 C.
1093 2855 1237 2901 Jumus
1260 2854 1317 2890 Sx-
1374 2853 1416 2890 fit
1435 2864 1455 2890 a
1478 2852 1625 2890 Nasone
1640 2880 1650 2897 ‚
1677 2853 1810 2890 Salona.
1836 2854 1885 2890 ita
1906 2852 2022 2890 dietus
2043 2854 2102 2891 ille
2125 2882 2137 2898 ,
2164 2856 2200 2892 ὃ(
2224 2858 2324 2905 cujus
2342 2856 2415 2895 filia

286 2923 409 2948 uuus
438 2909 675 2957 intelligatur,
704 2907 768 2955 qui
786 2916 886 2942 anno
912 2905 955 2941 ab
980 2905 1029 2941 V.
1049 2905 1092 2942 C.
1114 2911 1317 2942 κακίω.
1376 2904 1471 2941 Cato
1494 2915 1650 2951 proavus
1681 2904 1833 2941 Catonis
1867 2903 2046 2941 Uticensis
2074 2905 2316 2954 octogenario
2338 2919 2419 2945 ma·
2486 2938 2490 2945 ,

285 2962 440 3000 Flamen
467 2959 640 2997 Martialis
674 2957 799 2994 Asiam
821 2955 1038 3004 proconsule
1066 2957 1249 2998 obtinuit,
1277 2966 1320 2992 ac
1371 2954 1433 3002 jor
1450 2953 1565 2991 filium
1587 2956 1725 3003 genuit.
1746 2954 1805 2992 sed
1828 2954 1972 2992 codices
1993 2955 2119 2992 vetusti
2139 2966 2212 2992 tam
2237 2957 2332 3003 apud
2347 2958 2419 2996 Pli-

286 3012 438 3050 biennio
457 3010 534 3059 post
555 3008 836 3058 repetundarum
858 3006 1040 3044 accusatus
1062 3008 1098 3044 &
1119 3009 1155 3044 in
1169 3005 1320 3044 insulam
1378 3007 1480 3042 nium
1502 3016 1614 3053 quam
1650 3005 1814 3043 Solinum
1846 3004 2003 3043 Salonem
2030 3007 2128 3043 hunc
2150 3005 2207 3042 vel
2238 3007 2419 3046 Salonium
2492 3032 2493 3035 =

290 3063 492 3112 Cytheram
511 3061 684 3108 relegatus
707 3058 766 3096 est.
791 3057 1033 3095 Sed&clarus
1052 3057 1113 3094 sub
1125 3058 1322 3095 haectem-
1378 3064 1525 3093 vocant.
1556 3056 1704 3093 Hfims.
1735 3056 1931 3105 v.Ryk.ad
1956 3057 2081 3105 Tacit2
2102 3066 2154 3091 xv.
2173 3055 2247 3092 An.
2266 3056 2328 3096 68.
2357 3059 2418 3097 sed
2489 3089 2492 3094 i

289 3125 381 3165 pora
403 3112 458 3149 M.
477 3111 602 3157 Junius
633 3110 769 3147 Silanus
798 3110 854 3145 M.
876 3108 913 3144 F.
936 3108 990 3143 M.
1013 3109 1058 3144 N.
1087 3109 1150 3155 qui
1172 3109 1323 3145 biennio
1378 3106 1516 3143 Silanus
1537 3107 1647 3144 etiam
1658 3106 1810 3143 silianus
1822 3115 1986 3144 vocatur.
1999 3117 2032 3141 v·
2051 3105 2125 3152 Pig.
2142 3106 2186 3142 ad
2202 3108 2360 3147 Ann.V.
2374 3109 2428 3148 C0.

291 3167 369 3204 fere
389 3161 466 3211 post
486 3161 661 3198 sublatum
683 3159 703 3196 e
721 3161 813 3196 vivis
827 3158 1013 3196 Nasonem
1039 3158 1140 3206 gessit
1161 3158 1325 3196 consula-
1381 3167 1467 3205 759.
1505 3157 1671 3195 solanum
1690 3166 1800 3194 vocat
1822 3157 1966 3203 Tanaq.
1988 3154 2074 3192 Fab.
2096 3167 2123 3193 1.
2157 3156 2267 3206 Epist·
2287 3169 2350 3208 40.
2379 3167 2422 3207 ut
2488 3167 2489 3170 ’

292 3225 376 3255 tum
399 3224 482 3251 curn
507 3212 551 3249 L.
571 3211 748 3248 Norbano
767 3209 890 3246 Balbo.
919 3219 939 3245 a
957 3209 1084 3257 quibus
1113 3205 1193 3246 L‘ex
1216 3209 1326 3255 Junia
1381 3209 1489 3247 multi
1509 3208 1608 3246 editi.

297 3264 473 3307 Norbana
499 3273 641 3300 nomen
662 3260 709 3297 est
732 3269 906 3296 mutuata.
957 3259 1078 3296 Notus
1096 3268 1238 3305 praeter
1258 3260 1326 3297 hos
1432 3271 1469 3307 4.
1497 3263 1535 3295 A
1554 3257 1699 3306 fidum]
1727 3262 1770 3292 Ut
1779 3255 1884 3305 salvo
1901 3255 1990 3304 Arg.
2012 3256 2048 3293 ὃ(
2069 3256 2207 3306 septem
2230 3259 2306 3298 alii.-

299 3319 343 3357 m
364 3314 456 3357 fastis
485 3312 556 3363 Ap.
581 3311 709 3361 Junius
736 3308 874 3349 Silanus
903 3320 989 3348 cuin
1019 3309 1057 3349 P.
1088 3309 1177 3363 Siiio
1203 3310 1330 3350 Nerva
1434 3309 1472 3348 6.
1500 3307 1623 3361 ἶφι]
1655 3306 1762 3360 {gerba
1784 3305 1891 3346 Leid.
1914 3307 1953 3345 δε
1974 3307 2126 3354 Putean.
2284 3363 2315 3398 E
2372 3360 2379 3368 ι
2418 3361 2422 3367 .
2480 3342 2482 3350 ‚

1135 3391 1139 3395 .
2222 3370 2264 3410 9.
2316 3372 2430 3416 uxmg-
