<?xml version="1.0" encoding="UTF-8"?>
<!DOCTYPE html PUBLIC "-//W3C//DTD XHTML 1.0 Transitional//EN"
    "http://www.w3.org/TR/xhtml1/DTD/xhtml1-transitional.dtd">
<html xmlns="http://www.w3.org/1999/xhtml" xml:lang="en" lang="en">
 <head>
  <title>
</title>
<meta http-equiv="Content-Type" content="text/html;charset=utf-8" />
  <meta name='ocr-system' content='tesseract 3.04.00' />
  <meta name='ocr-capabilities' content='ocr_page ocr_carea ocr_par ocr_line ocrx_word'/>
</head>
<body>
  <div class='ocr_page' id='page_1' title='image "./publiiovidiinaso03ovid_0879.png"; bbox 0 0 2495 3675; ppageno 0'>
   <div class='ocr_carea' id='block_1_1' title="bbox 478 221 2137 286">
    <p class='ocr_par' dir='ltr' id='par_1_1' title="bbox 478 221 2137 286">
     <span class='ocr_line' id='line_1_1' title="bbox 478 221 2137 286; baseline -0.002 -1"><span class='ocrx_word' id='word_1_1' title='bbox 478 221 1041 285; x_wconf 71' lang='lat' dir='ltr'>EPISTOLARUM</span> <span class='ocrx_word' id='word_1_2' title='bbox 1078 222 1185 281; x_wconf 82' lang='lat' dir='ltr'>EX</span> <span class='ocrx_word' id='word_1_3' title='bbox 1225 221 1493 281; x_wconf 86' lang='lat' dir='ltr'>PONTO</span> <span class='ocrx_word' id='word_1_4' title='bbox 1532 224 1652 281; x_wconf 76' lang='lat' dir='ltr'>Lm.</span> <span class='ocrx_word' id='word_1_5' title='bbox 1691 227 1784 284; x_wconf 88' lang='lat' dir='ltr'>IV.</span> <span class='ocrx_word' id='word_1_6' title='bbox 1825 226 2003 286; x_wconf 70' lang='lat' dir='ltr'>Emsr.</span> <span class='ocrx_word' id='word_1_7' title='bbox 2044 226 2137 285; x_wconf 85' lang='lat' dir='ltr'>VI.</span> 
     </span>
    </p>
   </div>
   <div class='ocr_carea' id='block_1_2' title="bbox 2259 228 2355 298">
    <p class='ocr_par' dir='ltr' id='par_1_2' title="bbox 2259 228 2355 298">
     <span class='ocr_line' id='line_1_2' title="bbox 2259 228 2355 298; baseline 0 0"><span class='ocrx_word' id='word_1_8' title='bbox 2259 228 2355 298; x_wconf 81' lang='lat'>859</span> 
     </span>
    </p>
   </div>
   <div class='ocr_carea' id='block_1_3' title="bbox 340 316 1935 685">
    <p class='ocr_par' dir='ltr' id='par_1_3' title="bbox 340 316 1935 685">
     <span class='ocr_line' id='line_1_3' title="bbox 491 316 1856 390; baseline -0.001 -15"><span class='ocrx_word' id='word_1_9' title='bbox 491 321 626 382; x_wconf 84' lang='lat' dir='ltr'>Sed,</span> <span class='ocrx_word' id='word_1_10' title='bbox 665 333 721 373; x_wconf 91' lang='lat' dir='ltr'>tu</span> <span class='ocrx_word' id='word_1_11' title='bbox 748 316 897 390; x_wconf 87' lang='lat' dir='ltr'>quod</span> <span class='ocrx_word' id='word_1_12' title='bbox 924 317 1119 378; x_wconf 78' lang='lat' dir='ltr'>nolles,</span> <span class='ocrx_word' id='word_1_13' title='bbox 1159 319 1326 372; x_wconf 85' lang='lat' dir='ltr'>voluit</span> <span class='ocrx_word' id='word_1_14' title='bbox 1355 317 1646 372; x_wconf 80' lang='lat' dir='ltr'>miserabile</span> <span class='ocrx_word' id='word_1_15' title='bbox 1671 318 1856 374; x_wconf 79' lang='lat' dir='ltr'>fatum.</span> 
     </span>
     <span class='ocr_line' id='line_1_4' title="bbox 559 390 1886 461; baseline -0.002 -13"><span class='ocrx_word' id='word_1_16' title='bbox 559 392 673 448; x_wconf 85' lang='lat' dir='ltr'>Hei</span> <span class='ocrx_word' id='word_1_17' title='bbox 699 392 857 454; x_wconf 75' lang='lat' dir='ltr'>milii,</span> <span class='ocrx_word' id='word_1_18' title='bbox 898 391 1010 460; x_wconf 86' lang='lat' dir='ltr'>plus</span> <span class='ocrx_word' id='word_1_19' title='bbox 1035 390 1194 453; x_wconf 88' lang='lat' dir='ltr'>illud,</span> <span class='ocrx_word' id='word_1_20' title='bbox 1233 408 1391 461; x_wconf 86' lang='lat' dir='ltr'>quam</span> <span class='ocrx_word' id='word_1_21' title='bbox 1421 406 1506 445; x_wconf 88' lang='lat' dir='ltr'>tua</span> <span class='ocrx_word' id='word_1_22' title='bbox 1533 406 1655 445; x_wconf 89' lang='lat' dir='ltr'>vota</span> <span class='ocrx_word' id='word_1_23' title='bbox 1674 431 1687 454; x_wconf 91' lang='lat'>,</span> <span class='ocrx_word' id='word_1_24' title='bbox 1726 393 1886 446; x_wconf 82' lang='lat' dir='ltr'>valet!</span> 
     </span>
     <span class='ocr_line' id='line_1_5' title="bbox 340 462 1913 538; baseline -0.002 -16"><span class='ocrx_word' id='word_1_25' title='bbox 340 485 372 538; x_wconf 73' lang='grc' dir='ltr'><strong><em>ς</em></strong></span> <span class='ocrx_word' id='word_1_26' title='bbox 484 466 542 522; x_wconf 91' lang='lat' dir='ltr'>In</span> <span class='ocrx_word' id='word_1_27' title='bbox 567 465 783 535; x_wconf 76' lang='lat' dir='ltr'>Scythia</span> <span class='ocrx_word' id='word_1_28' title='bbox 811 462 964 517; x_wconf 89' lang='lat' dir='ltr'>nobis</span> <span class='ocrx_word' id='word_1_29' title='bbox 990 463 1351 534; x_wconf 83' lang='lat' dir='ltr'>quinquennis</span> <span class='ocrx_word' id='word_1_30' title='bbox 1375 463 1651 535; x_wconf 82' lang='lat' dir='ltr'>Olympias</span> <span class='ocrx_word' id='word_1_31' title='bbox 1680 465 1790 519; x_wconf 65' lang='lat' dir='ltr'>acia</span> <span class='ocrx_word' id='word_1_32' title='bbox 1813 464 1913 519; x_wconf 83' lang='lat' dir='ltr'>est:</span> 
     </span>
     <span class='ocr_line' id='line_1_6' title="bbox 556 535 1640 609; baseline 0 -18"><span class='ocrx_word' id='word_1_33' title='bbox 556 539 673 609; x_wconf 83' lang='lat' dir='ltr'>Jam</span> <span class='ocrx_word' id='word_1_34' title='bbox 702 550 910 607; x_wconf 81' lang='lat' dir='ltr'>tempus</span> <span class='ocrx_word' id='word_1_35' title='bbox 941 535 1081 588; x_wconf 77' lang='lat' dir='ltr'>lustri</span> <span class='ocrx_word' id='word_1_36' title='bbox 1113 535 1292 589; x_wconf 78' lang='lat' dir='ltr'>transit</span> <span class='ocrx_word' id='word_1_37' title='bbox 1330 537 1384 590; x_wconf 88' lang='lat' dir='ltr'>in</span> <span class='ocrx_word' id='word_1_38' title='bbox 1413 538 1640 591; x_wconf 80' lang='lat' dir='ltr'>alterius,</span> 
     </span>
     <span class='ocr_line' id='line_1_7' title="bbox 480 606 1935 685; baseline -0.001 -17"><span class='ocrx_word' id='word_1_39' title='bbox 480 612 682 668; x_wconf 85' lang='lat' dir='ltr'>Perstat</span> <span class='ocrx_word' id='word_1_40' title='bbox 708 610 850 663; x_wconf 89' lang='lat' dir='ltr'>enim</span> <span class='ocrx_word' id='word_1_41' title='bbox 878 606 1114 661; x_wconf 85' lang='lat' dir='ltr'>Fortuna</span> <span class='ocrx_word' id='word_1_42' title='bbox 1139 621 1327 671; x_wconf 81' lang='lat' dir='ltr'>tenax,</span> <span class='ocrx_word' id='word_1_43' title='bbox 1362 609 1611 683; x_wconf 80' lang='lat' dir='ltr'>votisque</span> <span class='ocrx_word' id='word_1_44' title='bbox 1641 612 1935 685; x_wconf 85' lang='lat' dir='ltr'>malignum</span> 
     </span>
    </p>
   </div>
   <div class='ocr_carea' id='block_1_4' title="bbox 481 679 1796 900">
    <p class='ocr_par' dir='ltr' id='par_1_4' title="bbox 481 679 1796 900">
     <span class='ocr_line' id='line_1_8' title="bbox 554 679 1512 757; baseline -0.003 -18"><span class='ocrx_word' id='word_1_45' title='bbox 554 682 799 757; x_wconf 88' lang='lat' dir='ltr'>Opponit</span> <span class='ocrx_word' id='word_1_46' title='bbox 824 679 1011 734; x_wconf 79' lang='lat' dir='ltr'>nolh·is</span> <span class='ocrx_word' id='word_1_47' title='bbox 1034 680 1276 735; x_wconf 79' lang='lat' dir='ltr'>insidiosa</span> <span class='ocrx_word' id='word_1_48' title='bbox 1300 682 1512 754; x_wconf 90' lang='lat' dir='ltr'>pedem.</span> 
     </span>
     <span class='ocr_line' id='line_1_9' title="bbox 481 753 1459 825; baseline -0.004 -12"><span class='ocrx_word' id='word_1_49' title='bbox 481 760 678 814; x_wconf 80' lang='lat' dir='ltr'>Certus</span> <span class='ocrx_word' id='word_1_50' title='bbox 705 772 816 810; x_wconf 85' lang='lat' dir='ltr'>eras</span> <span class='ocrx_word' id='word_1_51' title='bbox 843 771 943 825; x_wconf 90' lang='lat' dir='ltr'>pro</span> <span class='ocrx_word' id='word_1_52' title='bbox 970 771 1086 816; x_wconf 90' lang='lat' dir='ltr'>me,</span> <span class='ocrx_word' id='word_1_53' title='bbox 1126 753 1317 808; x_wconf 77' lang='lat' dir='ltr'>Fabiae</span> <span class='ocrx_word' id='word_1_54' title='bbox 1343 755 1459 819; x_wconf 85' lang='lat' dir='ltr'>lux,</span> 
     </span>
     <span class='ocr_line' id='line_1_10' title="bbox 548 827 1796 900; baseline -0.002 -14"><span class='ocrx_word' id='word_1_55' title='bbox 548 832 766 887; x_wconf 86' lang='lat' dir='ltr'>Numen</span> <span class='ocrx_word' id='word_1_56' title='bbox 793 828 859 882; x_wconf 89' lang='lat' dir='ltr'>ad</span> <span class='ocrx_word' id='word_1_57' title='bbox 888 827 1187 897; x_wconf 83' lang='lat' dir='ltr'>Augustum</span> <span class='ocrx_word' id='word_1_58' title='bbox 1213 828 1446 900; x_wconf 81' lang='lat' dir='ltr'><strong>supplice</strong></span> <span class='ocrx_word' id='word_1_59' title='bbox 1472 847 1607 883; x_wconf 87' lang='lat' dir='ltr'>voce</span> <span class='ocrx_word' id='word_1_60' title='bbox 1634 830 1796 900; x_wconf 85' lang='lat' dir='ltr'>loqui.</span> 
     </span>
    </p>
   </div>
   <div class='ocr_carea' id='block_1_5' title="bbox 342 851 406 888">
    <p class='ocr_par' dir='ltr' id='par_1_5' title="bbox 342 851 406 888">
     <span class='ocr_line' id='line_1_11' title="bbox 342 851 406 888; baseline -0.016 0"><span class='ocrx_word' id='word_1_61' title='bbox 342 851 406 888; x_wconf 66' lang='lat'>10</span> 
     </span>
    </p>
   </div>
   <div class='ocr_carea' id='block_1_6' title="bbox 1500 754 2018 827">
    <p class='ocr_par' dir='ltr' id='par_1_6' title="bbox 1500 754 2018 827">
     <span class='ocr_line' id='line_1_12' title="bbox 1500 754 2018 827; baseline 0.006 -19"><span class='ocrx_word' id='word_1_62' title='bbox 1500 754 1770 819; x_wconf 72' lang='lat' dir='ltr'>Maxime,</span> <span class='ocrx_word' id='word_1_63' title='bbox 1810 756 1982 827; x_wconf 84' lang='lat' dir='ltr'>gentis</span> <span class='ocrx_word' id='word_1_64' title='bbox 2002 796 2018 821; x_wconf 90' lang='lat'>‚</span> 
     </span>
    </p>
   </div>
   <div class='ocr_carea' id='block_1_7' title="bbox 479 900 2180 1192">
    <p class='ocr_par' dir='ltr' id='par_1_7' title="bbox 483 900 2180 1046">
     <span class='ocr_line' id='line_1_13' title="bbox 483 900 2180 974; baseline -0.001 -16"><span class='ocrx_word' id='word_1_65' title='bbox 483 903 705 958; x_wconf 83' lang='lat' dir='ltr'>Occidis</span> <span class='ocrx_word' id='word_1_66' title='bbox 731 912 852 953; x_wconf 90' lang='lat' dir='ltr'>ante</span> <span class='ocrx_word' id='word_1_67' title='bbox 876 916 1094 970; x_wconf 85' lang='lat' dir='ltr'>preces;</span> <span class='ocrx_word' id='word_1_68' title='bbox 1137 900 1471 974; x_wconf 68' lang='lat' dir='ltr'>caussamque</span> <span class='ocrx_word' id='word_1_69' title='bbox 1495 902 1644 972; x_wconf 64' lang='lat' dir='ltr'>eg0,&#39;</span> <span class='ocrx_word' id='word_1_70' title='bbox 1673 903 1942 967; x_wconf 77' lang='lat' dir='ltr'>Maxime,</span> <span class='ocrx_word' id='word_1_71' title='bbox 1981 902 2180 958; x_wconf 78' lang='lat' dir='ltr'>mortis</span> 
     </span>
     <span class='ocr_line' id='line_1_14' title="bbox 560 971 1715 1046; baseline 0 -18"><span class='ocrx_word' id='word_1_72' title='bbox 560 975 711 1046; x_wconf 89' lang='lat' dir='ltr'>(Nec</span> <span class='ocrx_word' id='word_1_73' title='bbox 738 971 946 1026; x_wconf 88' lang='lat' dir='ltr'>fueram</span> <span class='ocrx_word' id='word_1_74' title='bbox 973 972 1144 1039; x_wconf 87' lang='lat' dir='ltr'>tanti)</span> <span class='ocrx_word' id='word_1_75' title='bbox 1186 991 1271 1027; x_wconf 90' lang='lat' dir='ltr'>me</span> <span class='ocrx_word' id='word_1_76' title='bbox 1296 993 1421 1029; x_wconf 86' lang='lat' dir='ltr'>reor</span> <span class='ocrx_word' id='word_1_77' title='bbox 1447 975 1550 1029; x_wconf 80' lang='lat' dir='ltr'>effe</span> <span class='ocrx_word' id='word_1_78' title='bbox 1577 989 1715 1031; x_wconf 89' lang='lat' dir='ltr'>tuae.</span> 
     </span>
    </p>

    <p class='ocr_par' dir='ltr' id='par_1_8' title="bbox 479 1044 1870 1192">
     <span class='ocr_line' id='line_1_15' title="bbox 479 1044 1870 1117; baseline -0.001 -14"><span class='ocrx_word' id='word_1_79' title='bbox 479 1054 597 1115; x_wconf 89' lang='lat' dir='ltr'>Jam</span> <span class='ocrx_word' id='word_1_80' title='bbox 624 1047 793 1100; x_wconf 88' lang='lat' dir='ltr'>timeo</span> <span class='ocrx_word' id='word_1_81' title='bbox 817 1045 1066 1117; x_wconf 85' lang='lat' dir='ltr'>cuiquam</span> <span class='ocrx_word' id='word_1_82' title='bbox 1092 1044 1319 1101; x_wconf 87' lang='lat' dir='ltr'>nostram</span> <span class='ocrx_word' id='word_1_83' title='bbox 1345 1049 1595 1102; x_wconf 85' lang='lat' dir='ltr'>mandare</span> <span class='ocrx_word' id='word_1_84' title='bbox 1625 1049 1870 1104; x_wconf 85' lang='lat' dir='ltr'>salutem:</span> 
     </span>
     <span class='ocr_line' id='line_1_16' title="bbox 553 1119 1613 1192; baseline 0 -17"><span class='ocrx_word' id='word_1_85' title='bbox 553 1121 726 1192; x_wconf 76' lang='lat' dir='ltr'>ipsum</span> <span class='ocrx_word' id='word_1_86' title='bbox 754 1132 931 1173; x_wconf 88' lang='lat' dir='ltr'>morte</span> <span class='ocrx_word' id='word_1_87' title='bbox 960 1119 1050 1171; x_wconf 66' lang='lat' dir='ltr'>tua</span> <span class='ocrx_word' id='word_1_88' title='bbox 1073 1120 1315 1173; x_wconf 84' lang='lat' dir='ltr'>concidit</span> <span class='ocrx_word' id='word_1_89' title='bbox 1342 1121 1613 1176; x_wconf 83' lang='lat' dir='ltr'>auxilium.</span> 
     </span>
    </p>
   </div>
   <div class='ocr_carea' id='block_1_8' title="bbox 338 1215 400 1267">
    <p class='ocr_par' dir='ltr' id='par_1_9' title="bbox 338 1215 400 1267">
     <span class='ocr_line' id='line_1_17' title="bbox 338 1215 400 1267; baseline 0 0"><span class='ocrx_word' id='word_1_90' title='bbox 338 1215 400 1267; x_wconf 70' lang='lat'>³15</span> 
     </span>
    </p>
   </div>
   <div class='ocr_carea' id='block_1_9' title="bbox 480 1190 1881 1269">
    <p class='ocr_par' dir='ltr' id='par_1_10' title="bbox 480 1190 1881 1269">
     <span class='ocr_line' id='line_1_18' title="bbox 480 1190 1881 1269; baseline 0.001 -21"><span class='ocrx_word' id='word_1_91' title='bbox 480 1197 751 1264; x_wconf 88' lang='lat' dir='ltr'>Coeperat</span> <span class='ocrx_word' id='word_1_92' title='bbox 777 1190 1046 1263; x_wconf 84' lang='lat' dir='ltr'>Augustus</span> <span class='ocrx_word' id='word_1_93' title='bbox 1070 1193 1331 1264; x_wconf 82' lang='lat' dir='ltr'>deceptae</span> <span class='ocrx_word' id='word_1_94' title='bbox 1358 1194 1636 1266; x_wconf 84' lang='lat' dir='ltr'>ignoscere</span> <span class='ocrx_word' id='word_1_95' title='bbox 1666 1196 1881 1269; x_wconf 82' lang='lat' dir='ltr'>culpae3</span> 
     </span>
    </p>
   </div>
   <div class='ocr_carea' id='block_1_10' title="bbox 471 1264 1862 1484">
    <p class='ocr_par' dir='ltr' id='par_1_11' title="bbox 471 1264 1862 1484">
     <span class='ocr_line' id='line_1_19' title="bbox 556 1264 1763 1340; baseline -0.002 -17"><span class='ocrx_word' id='word_1_96' title='bbox 556 1268 717 1337; x_wconf 84' lang='lat' dir='ltr'>Spem</span> <span class='ocrx_word' id='word_1_97' title='bbox 743 1264 1004 1328; x_wconf 87' lang='lat' dir='ltr'>nostram,</span> <span class='ocrx_word' id='word_1_98' title='bbox 1043 1278 1206 1319; x_wconf 87' lang='lat' dir='ltr'>terras</span> <span class='ocrx_word' id='word_1_99' title='bbox 1232 1266 1574 1340; x_wconf 86' lang='lat' dir='ltr'>deseruitque</span> <span class='ocrx_word' id='word_1_100' title='bbox 1601 1268 1763 1323; x_wconf 86' lang='lat' dir='ltr'>fimul.</span> 
     </span>
     <span class='ocr_line' id='line_1_20' title="bbox 471 1338 1862 1416; baseline 0.001 -21"><span class='ocrx_word' id='word_1_101' title='bbox 471 1342 647 1416; x_wconf 84' lang='lat' dir='ltr'>Quale</span> <span class='ocrx_word' id='word_1_102' title='bbox 678 1352 856 1392; x_wconf 80' lang='lat' dir='ltr'>tamen</span> <span class='ocrx_word' id='word_1_103' title='bbox 879 1338 1031 1409; x_wconf 89' lang='lat' dir='ltr'>potui</span> <span class='ocrx_word' id='word_1_104' title='bbox 1059 1338 1128 1392; x_wconf 90' lang='lat' dir='ltr'>de</span> <span class='ocrx_word' id='word_1_105' title='bbox 1152 1341 1374 1402; x_wconf 91' lang='lat' dir='ltr'>coelite,</span> <span class='ocrx_word' id='word_1_106' title='bbox 1412 1340 1607 1402; x_wconf 83' lang='lat' dir='ltr'>Brute,</span> <span class='ocrx_word' id='word_1_107' title='bbox 1648 1343 1862 1398; x_wconf 84' lang='lat' dir='ltr'>recenti·</span> 
     </span>
     <span class='ocr_line' id='line_1_21' title="bbox 554 1411 1793 1484; baseline 0 -12"><span class='ocrx_word' id='word_1_108' title='bbox 554 1412 743 1472; x_wconf 88' lang='lat' dir='ltr'>Vestra</span> <span class='ocrx_word' id='word_1_109' title='bbox 768 1412 957 1483; x_wconf 89' lang='lat' dir='ltr'>procul</span> <span class='ocrx_word' id='word_1_110' title='bbox 981 1411 1180 1484; x_wconf 75' lang='lat' dir='ltr'>positus</span> <span class='ocrx_word' id='word_1_111' title='bbox 1204 1431 1419 1469; x_wconf 88' lang='lat' dir='ltr'>carmen</span> <span class='ocrx_word' id='word_1_112' title='bbox 1446 1414 1501 1471; x_wconf 91' lang='lat' dir='ltr'>in</span> <span class='ocrx_word' id='word_1_113' title='bbox 1527 1432 1620 1470; x_wconf 90' lang='lat' dir='ltr'>ora</span> <span class='ocrx_word' id='word_1_114' title='bbox 1647 1416 1793 1473; x_wconf 88' lang='lat' dir='ltr'>dedi.</span> 
     </span>
    </p>
   </div>
   <div class='ocr_carea' id='block_1_11' title="bbox 189 1677 1240 2185">
    <p class='ocr_par' dir='ltr' id='par_1_12' title="bbox 189 1677 1240 2079">
     <span class='ocr_line' id='line_1_22' title="bbox 241 1677 1240 1731; baseline -0.004 -10"><span class='ocrx_word' id='word_1_115' title='bbox 241 1683 280 1721; x_wconf 88' lang='grc'>6.</span> <span class='ocrx_word' id='word_1_116' title='bbox 313 1677 457 1731; x_wconf 61' lang='lat' dir='ltr'>nestri]</span> <span class='ocrx_word' id='word_1_117' title='bbox 487 1678 648 1718; x_wconf 86' lang='lat' dir='ltr'>Alterius</span> <span class='ocrx_word' id='word_1_118' title='bbox 669 1677 946 1729; x_wconf 86' lang='lat' dir='ltr'>Quinquennii.</span> <span class='ocrx_word' id='word_1_119' title='bbox 971 1678 1154 1718; x_wconf 84' lang='lat' dir='ltr'>Horatius</span> <span class='ocrx_word' id='word_1_120' title='bbox 1182 1679 1240 1718; x_wconf 90' lang='lat' dir='ltr'>lu-</span> 
     </span>
     <span class='ocr_line' id='line_1_23' title="bbox 189 1730 1238 1781; baseline -0.005 -9"><span class='ocrx_word' id='word_1_121' title='bbox 189 1734 301 1775; x_wconf 75' lang='lat' dir='ltr'>strum</span> <span class='ocrx_word' id='word_1_122' title='bbox 324 1744 391 1781; x_wconf 87' lang='lat' dir='ltr'>pro</span> <span class='ocrx_word' id='word_1_123' title='bbox 422 1731 544 1769; x_wconf 90' lang='lat' dir='ltr'>seculo</span> <span class='ocrx_word' id='word_1_124' title='bbox 573 1730 719 1779; x_wconf 84' lang='lat' dir='ltr'>posuit,</span> <span class='ocrx_word' id='word_1_125' title='bbox 747 1742 854 1768; x_wconf 89' lang='lat' dir='ltr'>more</span> <span class='ocrx_word' id='word_1_126' title='bbox 885 1731 1066 1778; x_wconf 75' lang='lat' dir='ltr'>poetico,</span> <span class='ocrx_word' id='word_1_127' title='bbox 1096 1740 1135 1766; x_wconf 80' lang='lat' dir='ltr'>ut</span> <span class='ocrx_word' id='word_1_128' title='bbox 1164 1744 1238 1767; x_wconf 86' lang='lat' dir='ltr'>rem</span> 
     </span>
     <span class='ocr_line' id='line_1_24' title="bbox 189 1780 1239 1832; baseline -0.007 -7"><span class='ocrx_word' id='word_1_129' title='bbox 189 1793 385 1831; x_wconf 77' lang='lat' dir='ltr'>Romanam</span> <span class='ocrx_word' id='word_1_130' title='bbox 408 1784 620 1832; x_wconf 79' lang='lat' dir='ltr'>Latiumque</span> <span class='ocrx_word' id='word_1_131' title='bbox 633 1781 722 1825; x_wconf 79' lang='lat' dir='ltr'>felix</span> <span class='ocrx_word' id='word_1_132' title='bbox 744 1782 912 1818; x_wconf 81' lang='lat' dir='ltr'>Alterum</span> <span class='ocrx_word' id='word_1_133' title='bbox 943 1782 981 1817; x_wconf 85' lang='lat' dir='ltr'>in</span> <span class='ocrx_word' id='word_1_134' title='bbox 999 1780 1145 1828; x_wconf 83' lang='lat' dir='ltr'>lustrum</span> <span class='ocrx_word' id='word_1_135' title='bbox 1167 1795 1239 1818; x_wconf 81' lang='lat' dir='ltr'>me-</span> 
     </span>
     <span class='ocr_line' id='line_1_25' title="bbox 191 1833 1239 1886; baseline -0.004 -13"><span class='ocrx_word' id='word_1_136' title='bbox 191 1837 325 1886; x_wconf 78' lang='lat' dir='ltr'>liusque</span> <span class='ocrx_word' id='word_1_137' title='bbox 342 1838 470 1883; x_wconf 79' lang='lat' dir='ltr'>semper</span> <span class='ocrx_word' id='word_1_138' title='bbox 498 1840 655 1881; x_wconf 60' lang='lat' dir='ltr'>Proroget</span> <span class='ocrx_word' id='word_1_139' title='bbox 676 1846 819 1869; x_wconf 79' lang='lat' dir='ltr'>aevum.</span> <span class='ocrx_word' id='word_1_140' title='bbox 850 1834 1016 1868; x_wconf 74' lang='lat' dir='ltr'><strong>MERUL.</strong></span> <span class='ocrx_word' id='word_1_141' title='bbox 1048 1833 1172 1869; x_wconf 68' lang='lat' dir='ltr'>Locus</span> <span class='ocrx_word' id='word_1_142' title='bbox 1190 1833 1239 1870; x_wconf 89' lang='lat' dir='ltr'>est</span> 
     </span>
     <span class='ocr_line' id='line_1_26' title="bbox 191 1881 1239 1931; baseline -0.007 -4"><span class='ocrx_word' id='word_1_143' title='bbox 191 1889 230 1927; x_wconf 88' lang='lat' dir='ltr'>in</span> <span class='ocrx_word' id='word_1_144' title='bbox 252 1886 414 1925; x_wconf 83' lang='lat' dir='ltr'>carmine</span> <span class='ocrx_word' id='word_1_145' title='bbox 435 1884 606 1926; x_wconf 89' lang='lat' dir='ltr'>seculari,</span> <span class='ocrx_word' id='word_1_146' title='bbox 634 1882 695 1922; x_wconf 88' lang='lat' dir='ltr'>sed</span> <span class='ocrx_word' id='word_1_147' title='bbox 728 1893 854 1921; x_wconf 85' lang='lat' dir='ltr'>tamen</span> <span class='ocrx_word' id='word_1_148' title='bbox 874 1894 942 1931; x_wconf 89' lang='lat' dir='ltr'>pro</span> <span class='ocrx_word' id='word_1_149' title='bbox 965 1881 1178 1920; x_wconf 87' lang='lat' dir='ltr'>lustratione</span> <span class='ocrx_word' id='word_1_150' title='bbox 1197 1895 1239 1921; x_wconf 90' lang='lat' dir='ltr'>ac</span> 
     </span>
     <span class='ocr_line' id='line_1_27' title="bbox 192 1933 1239 1985; baseline -0.007 -8"><span class='ocrx_word' id='word_1_151' title='bbox 192 1940 288 1983; x_wconf 84' lang='lat' dir='ltr'>ritu,</span> <span class='ocrx_word' id='word_1_152' title='bbox 315 1937 448 1985; x_wconf 84' lang='lat' dir='ltr'>quoin</span> <span class='ocrx_word' id='word_1_153' title='bbox 478 1935 572 1973; x_wconf 86' lang='lat' dir='ltr'>ludis</span> <span class='ocrx_word' id='word_1_154' title='bbox 602 1933 823 1973; x_wconf 59' lang='lat' dir='ltr'>secularibus,</span> <span class='ocrx_word' id='word_1_155' title='bbox 858 1933 1057 1970; x_wconf 82' lang='lat' dir='ltr'>utebantur</span> <span class='ocrx_word' id='word_1_156' title='bbox 1082 1960 1092 1976; x_wconf 78' lang='lat'>‚</span> <span class='ocrx_word' id='word_1_157' title='bbox 1122 1934 1239 1981; x_wconf 87' lang='lat' dir='ltr'>accipi</span> 
     </span>
     <span class='ocr_line' id='line_1_28' title="bbox 192 1983 1238 2038; baseline -0.008 -10"><span class='ocrx_word' id='word_1_158' title='bbox 192 1989 309 2038; x_wconf 82' lang='lat' dir='ltr'>magis</span> <span class='ocrx_word' id='word_1_159' title='bbox 324 2015 333 2031; x_wconf 93' lang='lat'>‚</span> <span class='ocrx_word' id='word_1_160' title='bbox 353 1997 463 2035; x_wconf 82' lang='lat' dir='ltr'>quam</span> <span class='ocrx_word' id='word_1_161' title='bbox 487 1984 697 2032; x_wconf 69' lang='lat' dir='ltr'>simpliciter</span> <span class='ocrx_word' id='word_1_162' title='bbox 717 1996 784 2033; x_wconf 86' lang='lat' dir='ltr'>pro</span> <span class='ocrx_word' id='word_1_163' title='bbox 804 1992 1001 2032; x_wconf 88' lang='lat' dir='ltr'>tempore,</span> <span class='ocrx_word' id='word_1_164' title='bbox 1031 1983 1177 2029; x_wconf 83' lang='lat' dir='ltr'>lustrum</span> <span class='ocrx_word' id='word_1_165' title='bbox 1190 1995 1238 2020; x_wconf 87' lang='lat' dir='ltr'>eo</span> 
     </span>
     <span class='ocr_line' id='line_1_29' title="bbox 191 2037 671 2079; baseline -0.017 0"><span class='ocrx_word' id='word_1_166' title='bbox 191 2039 282 2079; x_wconf 86' lang='lat' dir='ltr'>loco</span> <span class='ocrx_word' id='word_1_167' title='bbox 306 2037 462 2076; x_wconf 87' lang='lat' dir='ltr'>videtur.</span> <span class='ocrx_word' id='word_1_168' title='bbox 493 2037 671 2073; x_wconf 76' lang='lat' dir='ltr'>Mrcrtr..</span> 
     </span>
    </p>

    <p class='ocr_par' dir='ltr' id='par_1_13' title="bbox 191 2081 1239 2185">
     <span class='ocr_line' id='line_1_30' title="bbox 246 2081 1239 2134; baseline -0.002 -11"><span class='ocrx_word' id='word_1_169' title='bbox 246 2100 284 2134; x_wconf 83' lang='lat'>7.</span> <span class='ocrx_word' id='word_1_170' title='bbox 313 2088 445 2132; x_wconf 81' lang='lat' dir='ltr'>Perstat</span> <span class='ocrx_word' id='word_1_171' title='bbox 461 2087 554 2123; x_wconf 85' lang='lat' dir='ltr'>enim</span> <span class='ocrx_word' id='word_1_172' title='bbox 576 2087 726 2131; x_wconf 83' lang='lat' dir='ltr'>fortuna</span> <span class='ocrx_word' id='word_1_173' title='bbox 746 2081 896 2134; x_wconf 58' lang='lat' dir='ltr'>tenax]</span> <span class='ocrx_word' id='word_1_174' title='bbox 936 2083 1175 2122; x_wconf 85' lang='lat' dir='ltr'>Contrarium</span> <span class='ocrx_word' id='word_1_175' title='bbox 1195 2083 1239 2121; x_wconf 80' lang='lat' dir='ltr'>il-</span> 
     </span>
     <span class='ocr_line' id='line_1_31' title="bbox 191 2137 626 2185; baseline -0.011 -6"><span class='ocrx_word' id='word_1_176' title='bbox 191 2137 242 2185; x_wconf 78' lang='lat' dir='ltr'>li,</span> <span class='ocrx_word' id='word_1_177' title='bbox 269 2149 304 2176; x_wconf 89' lang='lat' dir='ltr'>v.</span> <span class='ocrx_word' id='word_1_178' title='bbox 328 2138 439 2176; x_wconf 85' lang='lat' dir='ltr'>Trist.</span> <span class='ocrx_word' id='word_1_179' title='bbox 458 2149 547 2176; x_wconf 82' lang='lat' dir='ltr'>vm.</span> <span class='ocrx_word' id='word_1_180' title='bbox 571 2138 626 2175; x_wconf 87' lang='lat'>16.</span> 
     </span>
    </p>
   </div>
   <div class='ocr_carea' id='block_1_12' title="bbox 189 2203 1105 2308">
    <p class='ocr_par' dir='ltr' id='par_1_14' title="bbox 189 2203 1105 2308">
     <span class='ocr_line' id='line_1_32' title="bbox 245 2203 1013 2254; baseline -0.005 -10"><span class='ocrx_word' id='word_1_181' title='bbox 245 2212 290 2244; x_wconf 83' lang='lat' dir='ltr'>Et</span> <span class='ocrx_word' id='word_1_182' title='bbox 312 2217 430 2243; x_wconf 83' lang='lat' dir='ltr'>manet</span> <span class='ocrx_word' id='word_1_183' title='bbox 452 2206 489 2243; x_wconf 78' lang='lat' dir='ltr'>in</span> <span class='ocrx_word' id='word_1_184' title='bbox 510 2206 607 2243; x_wconf 83' lang='lat' dir='ltr'>nullo</span> <span class='ocrx_word' id='word_1_185' title='bbox 627 2216 719 2243; x_wconf 85' lang='lat' dir='ltr'>certa</span> <span class='ocrx_word' id='word_1_186' title='bbox 741 2215 916 2254; x_wconf 80' lang='lat' dir='ltr'>tenaxque</span> <span class='ocrx_word' id='word_1_187' title='bbox 935 2203 1013 2240; x_wconf 86' lang='lat' dir='ltr'>loco.</span> 
     </span>
     <span class='ocr_line' id='line_1_33' title="bbox 189 2254 1105 2308; baseline -0.008 -11"><span class='ocrx_word' id='word_1_188' title='bbox 189 2259 363 2308; x_wconf 58' lang='lat' dir='ltr'>Vulgaris</span> <span class='ocrx_word' id='word_1_189' title='bbox 381 2259 482 2294; x_wconf 88' lang='lat' dir='ltr'>enirn</span> <span class='ocrx_word' id='word_1_190' title='bbox 504 2257 616 2294; x_wconf 70' lang='lat' dir='ltr'>lectio</span> <span class='ocrx_word' id='word_1_191' title='bbox 636 2259 757 2294; x_wconf 89' lang='lat' dir='ltr'>minus</span> <span class='ocrx_word' id='word_1_192' title='bbox 780 2256 910 2304; x_wconf 88' lang='lat' dir='ltr'>placet.</span> <span class='ocrx_word' id='word_1_193' title='bbox 939 2254 1105 2291; x_wconf 52' lang='lat' dir='ltr'>Fame.</span> 
     </span>
    </p>
   </div>
   <div class='ocr_carea' id='block_1_13' title="bbox 190 2317 1242 3392">
    <p class='ocr_par' dir='ltr' id='par_1_15' title="bbox 190 2317 1240 2780">
     <span class='ocr_line' id='line_1_34' title="bbox 248 2317 1240 2371; baseline -0.005 -12"><span class='ocrx_word' id='word_1_194' title='bbox 248 2334 281 2364; x_wconf 88' lang='lat'>7.</span> <span class='ocrx_word' id='word_1_195' title='bbox 310 2329 475 2371; x_wconf 79' lang='lat' dir='ltr'>Vetusque</span> <span class='ocrx_word' id='word_1_196' title='bbox 495 2321 692 2370; x_wconf 78' lang='lat' dir='ltr'>malignum</span> <span class='ocrx_word' id='word_1_197' title='bbox 713 2320 862 2369; x_wconf 82' lang='lat' dir='ltr'>opponit</span> <span class='ocrx_word' id='word_1_198' title='bbox 883 2319 975 2357; x_wconf 79' lang='lat' dir='ltr'>votis</span> <span class='ocrx_word' id='word_1_199' title='bbox 993 2317 1170 2367; x_wconf 76' lang='lat' dir='ltr'>invidiosa</span> <span class='ocrx_word' id='word_1_200' title='bbox 1183 2320 1240 2368; x_wconf 55' lang='lat' dir='ltr'>pess</span> 
     </span>
     <span class='ocr_line' id='line_1_35' title="bbox 196 2369 1238 2423; baseline -0.005 -12"><span class='ocrx_word' id='word_1_201' title='bbox 196 2372 315 2423; x_wconf 70' lang='lat' dir='ltr'>dem]</span> <span class='ocrx_word' id='word_1_202' title='bbox 346 2374 447 2421; x_wconf 84' lang='lat' dir='ltr'>Lege</span> <span class='ocrx_word' id='word_1_203' title='bbox 459 2385 502 2410; x_wconf 85' lang='lat' dir='ltr'>ex</span> <span class='ocrx_word' id='word_1_204' title='bbox 525 2372 831 2412; x_wconf 78' lang='lat' dir='ltr'>veteribuslibris‚</span> <span class='ocrx_word' id='word_1_205' title='bbox 871 2372 1028 2420; x_wconf 84' lang='lat' dir='ltr'>Votisque</span> <span class='ocrx_word' id='word_1_206' title='bbox 1041 2369 1238 2417; x_wconf 77' lang='lat' dir='ltr'>malignum</span> 
     </span>
     <span class='ocr_line' id='line_1_36' title="bbox 196 2420 1240 2473; baseline -0.003 -12"><span class='ocrx_word' id='word_1_207' title='bbox 196 2424 343 2473; x_wconf 80' lang='lat' dir='ltr'>opponit</span> <span class='ocrx_word' id='word_1_208' title='bbox 364 2424 493 2469; x_wconf 78' lang='lat' dir='ltr'>nostris.</span> <span class='ocrx_word' id='word_1_209' title='bbox 529 2425 699 2460; x_wconf 66' lang='lat' dir='ltr'>Cxorm.</span> <span class='ocrx_word' id='word_1_210' title='bbox 739 2421 960 2471; x_wconf 86' lang='lat' dir='ltr'>Metaphora</span> <span class='ocrx_word' id='word_1_211' title='bbox 992 2420 1013 2458; x_wconf 71' lang='lat' dir='ltr'>a</span> <span class='ocrx_word' id='word_1_212' title='bbox 1038 2421 1240 2458; x_wconf 84' lang='lat' dir='ltr'>cursoribus</span> 
     </span>
     <span class='ocr_line' id='line_1_37' title="bbox 196 2472 1240 2525; baseline -0.005 -12"><span class='ocrx_word' id='word_1_213' title='bbox 196 2475 304 2525; x_wconf 82' lang='lat' dir='ltr'>Virg.</span> <span class='ocrx_word' id='word_1_214' title='bbox 326 2488 360 2512; x_wconf 89' lang='lat' dir='ltr'>v.</span> <span class='ocrx_word' id='word_1_215' title='bbox 386 2483 471 2523; x_wconf 73' lang='lat'>335.</span> <span class='ocrx_word' id='word_1_216' title='bbox 499 2488 584 2511; x_wconf 79' lang='lat' dir='ltr'>nam</span> <span class='ocrx_word' id='word_1_217' title='bbox 610 2475 673 2524; x_wconf 68' lang='lat' dir='ltr'>fhse</span> <span class='ocrx_word' id='word_1_218' title='bbox 693 2473 837 2522; x_wconf 82' lang='lat' dir='ltr'>opposuit</span> <span class='ocrx_word' id='word_1_219' title='bbox 858 2472 959 2511; x_wconf 83' lang='lat' dir='ltr'>Salio.</span> <span class='ocrx_word' id='word_1_220' title='bbox 988 2472 1137 2509; x_wconf 64' lang='lat' dir='ltr'>Brasm.</span> <span class='ocrx_word' id='word_1_221' title='bbox 1181 2477 1240 2508; x_wconf 88' lang='lat' dir='ltr'>In·</span> 
     </span>
     <span class='ocr_line' id='line_1_38' title="bbox 194 2524 1238 2576; baseline -0.004 -13"><span class='ocrx_word' id='word_1_222' title='bbox 194 2527 334 2576; x_wconf 84' lang='lat' dir='ltr'>vidiosa</span> <span class='ocrx_word' id='word_1_223' title='bbox 353 2525 469 2573; x_wconf 83' lang='lat' dir='ltr'>scripti</span> <span class='ocrx_word' id='word_1_224' title='bbox 493 2527 529 2562; x_wconf 67' lang='grc' dir='ltr'>ὃ(</span> <span class='ocrx_word' id='word_1_225' title='bbox 558 2524 645 2562; x_wconf 90' lang='lat' dir='ltr'>editi</span> <span class='ocrx_word' id='word_1_226' title='bbox 666 2524 830 2574; x_wconf 80' lang='lat' dir='ltr'>qnidam.</span> <span class='ocrx_word' id='word_1_227' title='bbox 849 2536 926 2561; x_wconf 90' lang='lat' dir='ltr'>non</span> <span class='ocrx_word' id='word_1_228' title='bbox 946 2524 1055 2561; x_wconf 85' lang='lat' dir='ltr'>male.</span> <span class='ocrx_word' id='word_1_229' title='bbox 1073 2534 1159 2560; x_wconf 86' lang='lat' dir='ltr'>nam</span> <span class='ocrx_word' id='word_1_230' title='bbox 1181 2533 1238 2571; x_wconf 85' lang='lat' dir='ltr'>op·</span> 
     </span>
     <span class='ocr_line' id='line_1_39' title="bbox 190 2573 1240 2628; baseline -0.003 -13"><span class='ocrx_word' id='word_1_231' title='bbox 190 2587 314 2628; x_wconf 84' lang='lat' dir='ltr'>ponere</span> <span class='ocrx_word' id='word_1_232' title='bbox 338 2577 455 2627; x_wconf 82' lang='lat' dir='ltr'>pedem</span> <span class='ocrx_word' id='word_1_233' title='bbox 484 2576 531 2613; x_wconf 91' lang='lat' dir='ltr'>est</span> <span class='ocrx_word' id='word_1_234' title='bbox 554 2576 785 2615; x_wconf 76' lang='lat' dir='ltr'>insidiatoris.</span> <span class='ocrx_word' id='word_1_235' title='bbox 814 2575 926 2612; x_wconf 79' lang='lat' dir='ltr'>utitur</span> <span class='ocrx_word' id='word_1_236' title='bbox 954 2575 1021 2612; x_wconf 85' lang='lat' dir='ltr'>hac</span> <span class='ocrx_word' id='word_1_237' title='bbox 1052 2573 1169 2621; x_wconf 74' lang='lat' dir='ltr'>phrasi</span> <span class='ocrx_word' id='word_1_238' title='bbox 1201 2575 1240 2612; x_wconf 91' lang='lat'>&amp;</span> 
     </span>
     <span class='ocr_line' id='line_1_40' title="bbox 194 2624 1240 2676; baseline -0.005 -9"><span class='ocrx_word' id='word_1_239' title='bbox 194 2629 347 2667; x_wconf 86' lang='lat' dir='ltr'>Petron.</span> <span class='ocrx_word' id='word_1_240' title='bbox 368 2640 444 2676; x_wconf 89' lang='lat' dir='ltr'>cap.</span> <span class='ocrx_word' id='word_1_241' title='bbox 465 2639 562 2664; x_wconf 74' lang='lat' dir='ltr'>tvir.</span> <span class='ocrx_word' id='word_1_242' title='bbox 583 2627 752 2664; x_wconf 82' lang='lat' dir='ltr'>habebam</span> <span class='ocrx_word' id='word_1_243' title='bbox 783 2627 820 2663; x_wconf 86' lang='lat' dir='ltr'>in</span> <span class='ocrx_word' id='word_1_244' title='bbox 843 2626 942 2662; x_wconf 84' lang='lat' dir='ltr'>domo</span> <span class='ocrx_word' id='word_1_245' title='bbox 957 2653 966 2668; x_wconf 92' lang='lat'>,</span> <span class='ocrx_word' id='word_1_246' title='bbox 997 2626 1057 2676; x_wconf 76' lang='lat' dir='ltr'>qui</span> <span class='ocrx_word' id='word_1_247' title='bbox 1077 2624 1166 2662; x_wconf 80' lang='lat' dir='ltr'>mihi</span> <span class='ocrx_word' id='word_1_248' title='bbox 1184 2634 1240 2672; x_wconf 82' lang='lat' dir='ltr'>pe-</span> 
     </span>
     <span class='ocr_line' id='line_1_41' title="bbox 195 2676 1239 2730; baseline -0.001 -13"><span class='ocrx_word' id='word_1_249' title='bbox 195 2680 275 2717; x_wconf 86' lang='lat' dir='ltr'>dem</span> <span class='ocrx_word' id='word_1_250' title='bbox 297 2690 479 2730; x_wconf 84' lang='lat' dir='ltr'>opponeret.</span> <span class='ocrx_word' id='word_1_251' title='bbox 505 2690 616 2727; x_wconf 79' lang='lat' dir='ltr'>quare</span> <span class='ocrx_word' id='word_1_252' title='bbox 637 2679 731 2717; x_wconf 81' lang='lat' dir='ltr'>male</span> <span class='ocrx_word' id='word_1_253' title='bbox 746 2705 758 2724; x_wconf 91' lang='lat'>‚</span> <span class='ocrx_word' id='word_1_254' title='bbox 781 2677 918 2727; x_wconf 73' lang='lat' dir='ltr'>apponit</span> <span class='ocrx_word' id='word_1_255' title='bbox 945 2676 1010 2715; x_wconf 75' lang='lat' dir='ltr'>hie</span> <span class='ocrx_word' id='word_1_256' title='bbox 1030 2685 1100 2715; x_wconf 86' lang='lat' dir='ltr'>tres</span> <span class='ocrx_word' id='word_1_257' title='bbox 1119 2676 1239 2726; x_wconf 83' lang='lat' dir='ltr'>scripti</span> 
     </span>
     <span class='ocr_line' id='line_1_42' title="bbox 198 2730 612 2780; baseline -0.01 -10"><span class='ocrx_word' id='word_1_258' title='bbox 198 2732 238 2770; x_wconf 85' lang='lat'>&amp;</span> <span class='ocrx_word' id='word_1_259' title='bbox 261 2734 370 2780; x_wconf 86' lang='lat' dir='ltr'>prim.</span> <span class='ocrx_word' id='word_1_260' title='bbox 392 2731 459 2769; x_wconf 75' lang='lat' dir='ltr'>Ed.</span> <span class='ocrx_word' id='word_1_261' title='bbox 483 2730 612 2767; x_wconf 66' lang='lat' dir='ltr'>Euam.</span> 
     </span>
    </p>

    <p class='ocr_par' dir='ltr' id='par_1_16' title="bbox 195 2778 1237 2932">
     <span class='ocr_line' id='line_1_43' title="bbox 253 2778 1237 2829; baseline -0.002 -10"><span class='ocrx_word' id='word_1_262' title='bbox 253 2794 289 2829; x_wconf 85' lang='lat'>9.</span> <span class='ocrx_word' id='word_1_263' title='bbox 316 2789 408 2818; x_wconf 83' lang='lat' dir='ltr'>Laus</span> <span class='ocrx_word' id='word_1_264' title='bbox 436 2782 596 2818; x_wconf 81' lang='lat' dir='ltr'>maxima</span> <span class='ocrx_word' id='word_1_265' title='bbox 613 2778 760 2829; x_wconf 84' lang='lat' dir='ltr'>gentis.]</span> <span class='ocrx_word' id='word_1_266' title='bbox 809 2779 984 2816; x_wconf 67' lang='lat' dir='ltr'>Maxime</span> <span class='ocrx_word' id='word_1_267' title='bbox 996 2786 1137 2817; x_wconf 85' lang='lat' dir='ltr'>veteres</span> <span class='ocrx_word' id='word_1_268' title='bbox 1160 2778 1237 2828; x_wconf 82' lang='lat' dir='ltr'>ple·</span> 
     </span>
     <span class='ocr_line' id='line_1_44' title="bbox 195 2829 1235 2882; baseline -0.001 -12"><span class='ocrx_word' id='word_1_269' title='bbox 195 2833 313 2882; x_wconf 89' lang='lat' dir='ltr'>rique.</span> <span class='ocrx_word' id='word_1_270' title='bbox 341 2834 485 2870; x_wconf 71' lang='lat' dir='ltr'>Hfflus.</span> <span class='ocrx_word' id='word_1_271' title='bbox 516 2834 604 2870; x_wconf 84' lang='lat' dir='ltr'>Duo</span> <span class='ocrx_word' id='word_1_272' title='bbox 625 2834 735 2869; x_wconf 84' lang='lat' dir='ltr'>etiam</span> <span class='ocrx_word' id='word_1_273' title='bbox 758 2831 903 2868; x_wconf 88' lang='lat' dir='ltr'>codices</span> <span class='ocrx_word' id='word_1_274' title='bbox 919 2831 1029 2876; x_wconf 62' lang='lat' dir='ltr'>dux,</span> <span class='ocrx_word' id='word_1_275' title='bbox 1044 2829 1092 2868; x_wconf 75' lang='lat' dir='ltr'>lic</span> <span class='ocrx_word' id='word_1_276' title='bbox 1113 2832 1150 2868; x_wconf 67' lang='grc' dir='ltr'>δε</span> <span class='ocrx_word' id='word_1_277' title='bbox 1171 2831 1235 2869; x_wconf 88' lang='lat' dir='ltr'>ali·</span> 
     </span>
     <span class='ocr_line' id='line_1_45' title="bbox 197 2882 830 2932; baseline -0.002 -12"><span class='ocrx_word' id='word_1_278' title='bbox 197 2882 234 2921; x_wconf 90' lang='lat' dir='ltr'>bi</span> <span class='ocrx_word' id='word_1_279' title='bbox 254 2882 346 2932; x_wconf 80' lang='lat' dir='ltr'>sidus</span> <span class='ocrx_word' id='word_1_280' title='bbox 369 2884 536 2932; x_wconf 85' lang='lat' dir='ltr'>appellat.</span> <span class='ocrx_word' id='word_1_281' title='bbox 564 2883 638 2919; x_wconf 76' lang='lat' dir='ltr'>dux</span> <span class='ocrx_word' id='word_1_282' title='bbox 661 2883 830 2920; x_wconf 77' lang='lat' dir='ltr'>Francos.</span> 
     </span>
    </p>

    <p class='ocr_par' dir='ltr' id='par_1_17' title="bbox 195 2932 1236 3033">
     <span class='ocr_line' id='line_1_46' title="bbox 254 2932 1236 2984; baseline 0 -12"><span class='ocrx_word' id='word_1_283' title='bbox 254 2947 267 2972; x_wconf 92' lang='lat'>1</span> <span class='ocrx_word' id='word_1_284' title='bbox 281 2948 309 2972; x_wconf 89' lang='lat'>1.</span> <span class='ocrx_word' id='word_1_285' title='bbox 338 2940 436 2972; x_wconf 84' lang='lat' dir='ltr'>Ante</span> <span class='ocrx_word' id='word_1_286' title='bbox 452 2934 601 2984; x_wconf 59' lang='lat' dir='ltr'>preces]</span> <span class='ocrx_word' id='word_1_287' title='bbox 636 2941 730 2970; x_wconf 79' lang='lat' dir='ltr'>Ante</span> <span class='ocrx_word' id='word_1_288' title='bbox 750 2933 840 2969; x_wconf 81' lang='lat' dir='ltr'>diem</span> <span class='ocrx_word' id='word_1_289' title='bbox 855 2932 1132 2981; x_wconf 73' lang='lat' dir='ltr'>Putean.pedem</span> <span class='ocrx_word' id='word_1_290' title='bbox 1145 2933 1236 2972; x_wconf 89' lang='lat' dir='ltr'>Mo·</span> 
     </span>
     <span class='ocr_line' id='line_1_47' title="bbox 195 2984 1213 3033; baseline -0.003 -9"><span class='ocrx_word' id='word_1_291' title='bbox 195 2986 264 3024; x_wconf 87' lang='lat' dir='ltr'>reti</span> <span class='ocrx_word' id='word_1_292' title='bbox 289 2986 326 3023; x_wconf 89' lang='lat'>&amp;</span> <span class='ocrx_word' id='word_1_293' title='bbox 348 2987 436 3023; x_wconf 82' lang='lat' dir='ltr'>alius</span> <span class='ocrx_word' id='word_1_294' title='bbox 477 2986 758 3023; x_wconf 78' lang='lat' dir='ltr'>Concidisctiam</span> <span class='ocrx_word' id='word_1_295' title='bbox 774 2985 917 3031; x_wconf 31' lang='lat' dir='ltr'>Juniani</span> <span class='ocrx_word' id='word_1_296' title='bbox 941 2995 979 3022; x_wconf 91' lang='lat' dir='ltr'>ut</span> <span class='ocrx_word' id='word_1_297' title='bbox 1001 2984 1104 3033; x_wconf 78' lang='lat' dir='ltr'>saepe</span> <span class='ocrx_word' id='word_1_298' title='bbox 1117 2984 1213 3022; x_wconf 77' lang='lat' dir='ltr'>alibi.</span> 
     </span>
    </p>

    <p class='ocr_par' dir='ltr' id='par_1_18' title="bbox 193 3036 1242 3392">
     <span class='ocr_line' id='line_1_48' title="bbox 253 3036 1238 3085; baseline -0.001 -11"><span class='ocrx_word' id='word_1_299' title='bbox 253 3048 310 3074; x_wconf 86' lang='lat'>11.</span> <span class='ocrx_word' id='word_1_300' title='bbox 335 3038 557 3085; x_wconf 72' lang='lat' dir='ltr'>Causamqae</span> <span class='ocrx_word' id='word_1_301' title='bbox 577 3051 649 3085; x_wconf 63' lang='lat' dir='ltr'>ego,</span> <span class='ocrx_word' id='word_1_302' title='bbox 668 3036 847 3080; x_wconf 74' lang='lat' dir='ltr'>Maxime,</span> <span class='ocrx_word' id='word_1_303' title='bbox 870 3037 990 3072; x_wconf 76' lang='lat' dir='ltr'>mortis</span> <span class='ocrx_word' id='word_1_304' title='bbox 1012 3042 1071 3072; x_wconf 86' lang='lat' dir='ltr'>Me</span> <span class='ocrx_word' id='word_1_305' title='bbox 1089 3049 1162 3072; x_wconf 82' lang='lat' dir='ltr'>reor</span> <span class='ocrx_word' id='word_1_306' title='bbox 1182 3037 1238 3084; x_wconf 79' lang='lat' dir='ltr'>effe</span> 
     </span>
     <span class='ocr_line' id='line_1_49' title="bbox 197 3086 1237 3134; baseline 0.002 -11"><span class='ocrx_word' id='word_1_307' title='bbox 197 3086 318 3134; x_wconf 65' lang='lat' dir='ltr'>tuae]</span> <span class='ocrx_word' id='word_1_308' title='bbox 357 3087 416 3125; x_wconf 92' lang='lat' dir='ltr'>De</span> <span class='ocrx_word' id='word_1_309' title='bbox 440 3097 560 3126; x_wconf 73' lang='lat' dir='ltr'>morte</span> <span class='ocrx_word' id='word_1_310' title='bbox 583 3088 739 3125; x_wconf 61' lang='lat' dir='ltr'>Maximi</span> <span class='ocrx_word' id='word_1_311' title='bbox 762 3088 932 3124; x_wconf 80' lang='lat' dir='ltr'>meminit</span> <span class='ocrx_word' id='word_1_312' title='bbox 954 3088 1108 3125; x_wconf 82' lang='lat' dir='ltr'>Tacitus</span> <span class='ocrx_word' id='word_1_313' title='bbox 1129 3087 1188 3124; x_wconf 89' lang='lat' dir='ltr'>lib.</span> <span class='ocrx_word' id='word_1_314' title='bbox 1211 3100 1237 3125; x_wconf 83' lang='lat'>1.</span> 
     </span>
     <span class='ocr_line' id='line_1_50' title="bbox 197 3136 1238 3187; baseline 0.001 -13"><span class='ocrx_word' id='word_1_315' title='bbox 197 3137 253 3175; x_wconf 82' lang='lat' dir='ltr'>his</span> <span class='ocrx_word' id='word_1_316' title='bbox 277 3136 392 3175; x_wconf 83' lang='lat' dir='ltr'>verbis</span> <span class='ocrx_word' id='word_1_317' title='bbox 414 3152 423 3176; x_wconf 72' lang='grc' dir='ltr'>ι</span> <span class='ocrx_word' id='word_1_318' title='bbox 460 3140 590 3187; x_wconf 51' lang='lat' dir='ltr'>Quippe</span> <span class='ocrx_word' id='word_1_319' title='bbox 620 3153 738 3175; x_wconf 80' lang='lat' dir='ltr'>rumor</span> <span class='ocrx_word' id='word_1_320' title='bbox 765 3138 938 3186; x_wconf 65' lang='lat' dir='ltr'>incefflerat</span> <span class='ocrx_word' id='word_1_321' title='bbox 959 3166 969 3183; x_wconf 97' lang='lat'>,</span> <span class='ocrx_word' id='word_1_322' title='bbox 1004 3147 1127 3187; x_wconf 88' lang='lat' dir='ltr'>paucos</span> <span class='ocrx_word' id='word_1_323' title='bbox 1156 3149 1238 3175; x_wconf 83' lang='lat' dir='ltr'>ame</span> 
     </span>
     <span class='ocr_line' id='line_1_51' title="bbox 197 3189 1239 3237; baseline -0.001 -11"><span class='ocrx_word' id='word_1_324' title='bbox 197 3189 325 3237; x_wconf 78' lang='lat' dir='ltr'>menses</span> <span class='ocrx_word' id='word_1_325' title='bbox 338 3215 348 3230; x_wconf 88' lang='lat'>‚</span> <span class='ocrx_word' id='word_1_326' title='bbox 377 3191 572 3236; x_wconf 83' lang='lat' dir='ltr'>Augustum</span> <span class='ocrx_word' id='word_1_327' title='bbox 593 3190 702 3226; x_wconf 63' lang='lat' dir='ltr'>eleciis</span> <span class='ocrx_word' id='word_1_328' title='bbox 720 3190 877 3237; x_wconf 83' lang='lat' dir='ltr'>consciis,</span> <span class='ocrx_word' id='word_1_329' title='bbox 904 3201 947 3230; x_wconf 66' lang='grc' dir='ltr'>(φ’</span> <span class='ocrx_word' id='word_1_330' title='bbox 959 3190 1078 3226; x_wconf 82' lang='lat' dir='ltr'>comite</span> <span class='ocrx_word' id='word_1_331' title='bbox 1092 3202 1158 3225; x_wconf 81' lang='lat' dir='ltr'>uno</span> <span class='ocrx_word' id='word_1_332' title='bbox 1175 3196 1239 3225; x_wconf 79' lang='lat' dir='ltr'>Fa-</span> 
     </span>
     <span class='ocr_line' id='line_1_52' title="bbox 196 3239 1238 3289; baseline 0 -13"><span class='ocrx_word' id='word_1_333' title='bbox 196 3239 251 3277; x_wconf 84' lang='lat' dir='ltr'>bio</span> <span class='ocrx_word' id='word_1_334' title='bbox 272 3242 456 3282; x_wconf 78' lang='lat' dir='ltr'>Maximo,</span> <span class='ocrx_word' id='word_1_335' title='bbox 487 3239 684 3287; x_wconf 76' lang='lat' dir='ltr'>Planafiam</span> <span class='ocrx_word' id='word_1_336' title='bbox 713 3243 874 3286; x_wconf 63' lang='lat' dir='ltr'>veebum,</span> <span class='ocrx_word' id='word_1_337' title='bbox 903 3242 951 3278; x_wconf 82' lang='lat' dir='ltr'>ad</span> <span class='ocrx_word' id='word_1_338' title='bbox 980 3241 1164 3289; x_wconf 77' lang='lat' dir='ltr'>viscndum</span> <span class='ocrx_word' id='word_1_339' title='bbox 1185 3246 1238 3276; x_wconf 86' lang='lat' dir='ltr'>A·</span> 
     </span>
     <span class='ocr_line' id='line_1_53' title="bbox 193 3287 1239 3344; baseline 0.001 -18"><span class='ocrx_word' id='word_1_340' title='bbox 193 3292 369 3341; x_wconf 83' lang='lat' dir='ltr'>grippam.·</span> <span class='ocrx_word' id='word_1_341' title='bbox 406 3287 542 3326; x_wconf 73' lang='lat' dir='ltr'>Mulms</span> <span class='ocrx_word' id='word_1_342' title='bbox 560 3291 658 3329; x_wconf 78' lang='lat' dir='ltr'>illinc</span> <span class='ocrx_word' id='word_1_343' title='bbox 678 3295 838 3344; x_wconf 79' lang='lat' dir='ltr'>utrinque</span> <span class='ocrx_word' id='word_1_344' title='bbox 859 3293 1032 3341; x_wconf 71' lang='lat' dir='ltr'>lacrymas</span> <span class='ocrx_word' id='word_1_345' title='bbox 1045 3320 1055 3335; x_wconf 87' lang='lat'><strong><em>‚</em></strong></span> <span class='ocrx_word' id='word_1_346' title='bbox 1084 3304 1126 3330; x_wconf 66' lang='lat'>&amp;⁴</span> <span class='ocrx_word' id='word_1_347' title='bbox 1139 3289 1239 3339; x_wconf 74' lang='lat' dir='ltr'>figna</span> 
     </span>
     <span class='ocr_line' id='line_1_54' title="bbox 199 3341 1242 3392; baseline 0 -13"><span class='ocrx_word' id='word_1_348' title='bbox 199 3341 410 3384; x_wconf 79' lang='lat' dir='ltr'>eharitatis,</span> <span class='ocrx_word' id='word_1_349' title='bbox 439 3350 590 3388; x_wconf 61' lang='lat' dir='ltr'>memque</span> <span class='ocrx_word' id='word_1_350' title='bbox 611 3356 651 3377; x_wconf 84' lang='lat' dir='ltr'>ex</span> <span class='ocrx_word' id='word_1_351' title='bbox 675 3357 708 3379; x_wconf 90' lang='lat' dir='ltr'>eo</span> <span class='ocrx_word' id='word_1_352' title='bbox 721 3345 796 3390; x_wconf 82' lang='lat' dir='ltr'>sore</span> <span class='ocrx_word' id='word_1_353' title='bbox 821 3371 830 3387; x_wconf 93' lang='lat'>‚</span> <span class='ocrx_word' id='word_1_354' title='bbox 869 3354 909 3380; x_wconf 82' lang='lat' dir='ltr'>ut</span> <span class='ocrx_word' id='word_1_355' title='bbox 935 3345 1078 3392; x_wconf 74' lang='lat' dir='ltr'>juvenis</span> <span class='ocrx_word' id='word_1_356' title='bbox 1104 3343 1242 3391; x_wconf 77' lang='lat' dir='ltr'>penati-</span> 
     </span>
    </p>
   </div>
   <div class='ocr_carea' id='block_1_14' title="bbox 196 3391 1254 3446">
    <p class='ocr_par' dir='ltr' id='par_1_19' title="bbox 196 3391 1254 3446">
     <span class='ocr_line' id='line_1_55' title="bbox 196 3391 1254 3446; baseline 0.002 -16"><span class='ocrx_word' id='word_1_357' title='bbox 196 3391 261 3446; x_wconf 52' lang='lat' dir='ltr'>big</span> <span class='ocrx_word' id='word_1_358' title='bbox 282 3392 348 3433; x_wconf 85' lang='lat' dir='ltr'>avi</span> <span class='ocrx_word' id='word_1_359' title='bbox 368 3391 580 3431; x_wconf 74' lang='lat' dir='ltr'>redderetur.</span> <span class='ocrx_word' id='word_1_360' title='bbox 608 3394 710 3442; x_wconf 68' lang='lat' dir='ltr'>Qod</span> <span class='ocrx_word' id='word_1_361' title='bbox 730 3396 937 3434; x_wconf 79' lang='lat' dir='ltr'>Maximum</span> <span class='ocrx_word' id='word_1_362' title='bbox 960 3395 1062 3435; x_wconf 76' lang='lat' dir='ltr'>uxori</span> <span class='ocrx_word' id='word_1_363' title='bbox 1085 3397 1254 3434; x_wconf 75' lang='lat' dir='ltr'>Martiae.</span> 
     </span>
    </p>
   </div>
   <div class='ocr_carea' id='block_1_15' title="bbox 2188 1539 2357 1615">
    <p class='ocr_par' dir='ltr' id='par_1_20' title="bbox 2188 1539 2357 1615">
     <span class='ocr_line' id='line_1_56' title="bbox 2188 1539 2357 1615; baseline 0.024 -19"><span class='ocrx_word' id='word_1_364' title='bbox 2188 1539 2357 1615; x_wconf 44' lang='lat' dir='ltr'>Quae*</span> 
     </span>
    </p>
   </div>
   <div class='ocr_carea' id='block_1_16' title="bbox 1286 1679 2348 2237">
    <p class='ocr_par' dir='ltr' id='par_1_21' title="bbox 1286 1679 2348 2123">
     <span class='ocr_line' id='line_1_57' title="bbox 1296 1679 2336 1731; baseline 0.005 -14"><span class='ocrx_word' id='word_1_365' title='bbox 1296 1679 1477 1731; x_wconf 72' lang='lat' dir='ltr'>aperuisse,</span> <span class='ocrx_word' id='word_1_366' title='bbox 1504 1679 1608 1719; x_wconf 81' lang='lat' dir='ltr'>illam</span> <span class='ocrx_word' id='word_1_367' title='bbox 1622 1681 1768 1728; x_wconf 64' lang='lat' dir='ltr'>Liviae,</span> <span class='ocrx_word' id='word_1_368' title='bbox 1797 1680 2013 1719; x_wconf 82' lang='lat' dir='ltr'>C.Nanium</span> <span class='ocrx_word' id='word_1_369' title='bbox 2031 1680 2068 1717; x_wconf 84' lang='lat' dir='ltr'>id</span> <span class='ocrx_word' id='word_1_370' title='bbox 2081 1682 2234 1731; x_wconf 81' lang='lat' dir='ltr'>Caesari.</span> <span class='ocrx_word' id='word_1_371' title='bbox 2265 1690 2336 1722; x_wconf 89' lang='lat' dir='ltr'>Ne-</span> 
     </span>
     <span class='ocr_line' id='line_1_58' title="bbox 1296 1732 2347 1784; baseline 0.005 -16"><span class='ocrx_word' id='word_1_372' title='bbox 1296 1746 1362 1782; x_wconf 78' lang='lat' dir='ltr'>que</span> <span class='ocrx_word' id='word_1_373' title='bbox 1383 1732 1494 1770; x_wconf 85' lang='lat' dir='ltr'>multo</span> <span class='ocrx_word' id='word_1_374' title='bbox 1508 1733 1578 1783; x_wconf 86' lang='lat' dir='ltr'>post</span> <span class='ocrx_word' id='word_1_375' title='bbox 1597 1734 1752 1771; x_wconf 71' lang='lat' dir='ltr'>extinb‘t&#39;o</span> <span class='ocrx_word' id='word_1_376' title='bbox 1781 1735 1944 1770; x_wconf 77' lang='lat' dir='ltr'>Maximo</span> <span class='ocrx_word' id='word_1_377' title='bbox 1958 1761 1967 1777; x_wconf 97' lang='lat'>,</span> <span class='ocrx_word' id='word_1_378' title='bbox 1997 1732 2142 1769; x_wconf 77' lang='lat' dir='ltr'>dubium</span> <span class='ocrx_word' id='word_1_379' title='bbox 2164 1748 2212 1770; x_wconf 86' lang='lat' dir='ltr'>an</span> <span class='ocrx_word' id='word_1_380' title='bbox 2239 1749 2347 1784; x_wconf 85' lang='lat' dir='ltr'>quae·</span> 
     </span>
     <span class='ocr_line' id='line_1_59' title="bbox 1287 1782 2348 1834; baseline 0.005 -15"><span class='ocrx_word' id='word_1_381' title='bbox 1287 1782 1362 1832; x_wconf 81' lang='lat' dir='ltr'>fita</span> <span class='ocrx_word' id='word_1_382' title='bbox 1388 1795 1497 1821; x_wconf 86' lang='lat' dir='ltr'>morte</span> <span class='ocrx_word' id='word_1_383' title='bbox 1519 1812 1531 1829; x_wconf 91' lang='lat'>‚</span> <span class='ocrx_word' id='word_1_384' title='bbox 1569 1786 1707 1821; x_wconf 78' lang='lat' dir='ltr'>auditos</span> <span class='ocrx_word' id='word_1_385' title='bbox 1739 1785 1776 1821; x_wconf 86' lang='lat' dir='ltr'>in</span> <span class='ocrx_word' id='word_1_386' title='bbox 1799 1786 1927 1830; x_wconf 83' lang='lat' dir='ltr'>sunere</span> <span class='ocrx_word' id='word_1_387' title='bbox 1956 1784 2027 1832; x_wconf 83' lang='lat' dir='ltr'>ejus</span> <span class='ocrx_word' id='word_1_388' title='bbox 2059 1786 2215 1821; x_wconf 82' lang='lat' dir='ltr'>Martiae</span> <span class='ocrx_word' id='word_1_389' title='bbox 2241 1787 2348 1834; x_wconf 79' lang='lat' dir='ltr'>gemi-</span> 
     </span>
     <span class='ocr_line' id='line_1_60' title="bbox 1296 1834 2346 1884; baseline 0.005 -15"><span class='ocrx_word' id='word_1_390' title='bbox 1296 1844 1355 1869; x_wconf 80' lang='lat' dir='ltr'>tus</span> <span class='ocrx_word' id='word_1_391' title='bbox 1376 1861 1386 1877; x_wconf 86' lang='lat'>‚</span> <span class='ocrx_word' id='word_1_392' title='bbox 1415 1835 1527 1882; x_wconf 77' lang='lat' dir='ltr'>semet</span> <span class='ocrx_word' id='word_1_393' title='bbox 1558 1834 1752 1882; x_wconf 76' lang='lat' dir='ltr'>incusantis</span> <span class='ocrx_word' id='word_1_394' title='bbox 1772 1862 1782 1878; x_wconf 89' lang='lat'><em>‚</em></span> <span class='ocrx_word' id='word_1_395' title='bbox 1821 1834 1912 1884; x_wconf 81' lang='lat' dir='ltr'><em>quod</em></span> <span class='ocrx_word' id='word_1_396' title='bbox 1945 1835 2047 1882; x_wconf 81' lang='lat' dir='ltr'>causa</span> <span class='ocrx_word' id='word_1_397' title='bbox 2080 1835 2178 1870; x_wconf 78' lang='lat' dir='ltr'>exitii</span> <span class='ocrx_word' id='word_1_398' title='bbox 2210 1836 2346 1874; x_wconf 81' lang='lat' dir='ltr'>marito</span> 
     </span>
     <span class='ocr_line' id='line_1_61' title="bbox 1286 1883 2343 1933; baseline 0.003 -13"><span class='ocrx_word' id='word_1_399' title='bbox 1286 1883 1430 1932; x_wconf 75' lang='lat' dir='ltr'>fmffit,</span> <span class='ocrx_word' id='word_1_400' title='bbox 1457 1896 1529 1925; x_wconf 62' lang='lat' dir='ltr'>&amp;a</span> <span class='ocrx_word' id='word_1_401' title='bbox 1581 1885 1692 1922; x_wconf 85' lang='lat' dir='ltr'>Hanc</span> <span class='ocrx_word' id='word_1_402' title='bbox 1723 1886 1832 1933; x_wconf 86' lang='lat' dir='ltr'>igitur</span> <span class='ocrx_word' id='word_1_403' title='bbox 1856 1884 1997 1922; x_wconf 82' lang='lat' dir='ltr'>causam</span> <span class='ocrx_word' id='word_1_404' title='bbox 2014 1912 2024 1929; x_wconf 92' lang='lat'>,</span> <span class='ocrx_word' id='word_1_405' title='bbox 2051 1885 2136 1933; x_wconf 86' lang='lat' dir='ltr'>quia</span> <span class='ocrx_word' id='word_1_406' title='bbox 2155 1886 2343 1932; x_wconf 85' lang='lat' dir='ltr'>Ovidius,</span> 
     </span>
     <span class='ocr_line' id='line_1_62' title="bbox 1295 1935 2348 1984; baseline 0.006 -13"><span class='ocrx_word' id='word_1_407' title='bbox 1295 1943 1427 1982; x_wconf 89' lang='lat' dir='ltr'>utpote</span> <span class='ocrx_word' id='word_1_408' title='bbox 1447 1943 1525 1973; x_wconf 84' lang='lat' dir='ltr'>tam</span> <span class='ocrx_word' id='word_1_409' title='bbox 1546 1935 1659 1983; x_wconf 84' lang='lat' dir='ltr'>longe</span> <span class='ocrx_word' id='word_1_410' title='bbox 1681 1944 1848 1973; x_wconf 83' lang='lat' dir='ltr'>remotus</span> <span class='ocrx_word' id='word_1_411' title='bbox 1877 1963 1887 1980; x_wconf 91' lang='lat'><strong>,</strong></span> <span class='ocrx_word' id='word_1_412' title='bbox 1911 1935 1998 1973; x_wconf 88' lang='lat' dir='ltr'>scire</span> <span class='ocrx_word' id='word_1_413' title='bbox 2018 1948 2095 1972; x_wconf 88' lang='lat' dir='ltr'>non</span> <span class='ocrx_word' id='word_1_414' title='bbox 2119 1936 2254 1984; x_wconf 75' lang='lat' dir='ltr'>posset:</span> <span class='ocrx_word' id='word_1_415' title='bbox 2283 1947 2348 1977; x_wconf 84' lang='lat' dir='ltr'>aut</span> 
     </span>
     <span class='ocr_line' id='line_1_63' title="bbox 1295 1985 2344 2037; baseline 0.005 -16"><span class='ocrx_word' id='word_1_416' title='bbox 1295 1986 1406 2021; x_wconf 83' lang='lat' dir='ltr'>ctiam</span> <span class='ocrx_word' id='word_1_417' title='bbox 1424 2012 1435 2029; x_wconf 90' lang='lat'><strong><em>,</em></strong></span> <span class='ocrx_word' id='word_1_418' title='bbox 1463 1985 1490 2023; x_wconf 89' lang='lat' dir='ltr'><strong>fi</strong></span> <span class='ocrx_word' id='word_1_419' title='bbox 1519 1985 1653 2023; x_wconf 86' lang='lat' dir='ltr'>sciebat</span> <span class='ocrx_word' id='word_1_420' title='bbox 1673 2014 1684 2030; x_wconf 91' lang='lat'>‚</span> <span class='ocrx_word' id='word_1_421' title='bbox 1723 1987 1841 2034; x_wconf 86' lang='lat' dir='ltr'>palam</span> <span class='ocrx_word' id='word_1_422' title='bbox 1874 1985 1984 2023; x_wconf 89' lang='lat' dir='ltr'>edere</span> <span class='ocrx_word' id='word_1_423' title='bbox 2006 1986 2142 2030; x_wconf 81' lang='lat' dir='ltr'>nollet,</span> <span class='ocrx_word' id='word_1_424' title='bbox 2174 1987 2277 2037; x_wconf 85' lang='lat' dir='ltr'>fingit</span> <span class='ocrx_word' id='word_1_425' title='bbox 2309 1989 2344 2026; x_wconf 92' lang='lat' dir='ltr'>se</span> 
     </span>
     <span class='ocr_line' id='line_1_64' title="bbox 1297 2035 2348 2085; baseline 0.007 -14"><span class='ocrx_word' id='word_1_426' title='bbox 1297 2035 1464 2072; x_wconf 86' lang='lat' dir='ltr'>dubitare</span> <span class='ocrx_word' id='word_1_427' title='bbox 1490 2062 1501 2080; x_wconf 94' lang='lat'><strong>,</strong></span> <span class='ocrx_word' id='word_1_428' title='bbox 1541 2045 1663 2073; x_wconf 87' lang='lat' dir='ltr'>utrum</span> <span class='ocrx_word' id='word_1_429' title='bbox 1687 2035 1760 2085; x_wconf 87' lang='lat' dir='ltr'>ipse</span> <span class='ocrx_word' id='word_1_430' title='bbox 1781 2035 1883 2074; x_wconf 83' lang='lat' dir='ltr'>causa</span> <span class='ocrx_word' id='word_1_431' title='bbox 1906 2036 1998 2074; x_wconf 88' lang='lat' dir='ltr'>illius</span> <span class='ocrx_word' id='word_1_432' title='bbox 2021 2039 2151 2074; x_wconf 82' lang='lat' dir='ltr'>mortis</span> <span class='ocrx_word' id='word_1_433' title='bbox 2173 2040 2348 2079; x_wconf 85' lang='lat' dir='ltr'>extiterit.</span> 
     </span>
     <span class='ocr_line' id='line_1_65' title="bbox 1297 2085 1478 2123; baseline 0.011 -2"><span class='ocrx_word' id='word_1_434' title='bbox 1297 2085 1478 2123; x_wconf 71' lang='lat' dir='ltr'>M1crtr..</span> 
     </span>
    </p>

    <p class='ocr_par' dir='ltr' id='par_1_22' title="bbox 1287 2136 2344 2237">
     <span class='ocr_line' id='line_1_66' title="bbox 1354 2136 2344 2186; baseline 0.006 -14"><span class='ocrx_word' id='word_1_435' title='bbox 1354 2145 1413 2173; x_wconf 91' lang='lat'>12.</span> <span class='ocrx_word' id='word_1_436' title='bbox 1442 2136 1629 2186; x_wconf 70' lang='lat' dir='ltr'>fueram]</span> <span class='ocrx_word' id='word_1_437' title='bbox 1660 2138 1799 2176; x_wconf 81' lang='lat' dir='ltr'>Fuerim</span> <span class='ocrx_word' id='word_1_438' title='bbox 1821 2136 2005 2175; x_wconf 89' lang='lat' dir='ltr'>Medonii.</span> <span class='ocrx_word' id='word_1_439' title='bbox 2022 2137 2134 2176; x_wconf 86' lang='lat' dir='ltr'>etiam</span> <span class='ocrx_word' id='word_1_440' title='bbox 2155 2138 2344 2178; x_wconf 62' lang='lat' dir='ltr'>benenom</span> 
     </span>
     <span class='ocr_line' id='line_1_67' title="bbox 1287 2188 1728 2237; baseline 0.005 -14"><span class='ocrx_word' id='word_1_441' title='bbox 1287 2188 1431 2234; x_wconf 84' lang='lat' dir='ltr'>fueram</span> <span class='ocrx_word' id='word_1_442' title='bbox 1454 2188 1543 2225; x_wconf 84' lang='lat' dir='ltr'>editi</span> <span class='ocrx_word' id='word_1_443' title='bbox 1562 2188 1728 2237; x_wconf 80' lang='lat' dir='ltr'>quidam.</span> 
     </span>
    </p>
   </div>
   <div class='ocr_carea' id='block_1_17' title="bbox 1290 2249 2342 2913">
    <p class='ocr_par' dir='ltr' id='par_1_23' title="bbox 1292 2249 2342 2747">
     <span class='ocr_line' id='line_1_68' title="bbox 1355 2249 2340 2303; baseline 0.005 -17"><span class='ocrx_word' id='word_1_444' title='bbox 1355 2261 1412 2297; x_wconf 85' lang='lat'>13.</span> <span class='ocrx_word' id='word_1_445' title='bbox 1440 2249 1535 2295; x_wconf 78' lang='lat' dir='ltr'>Jam</span> <span class='ocrx_word' id='word_1_446' title='bbox 1567 2251 1668 2288; x_wconf 83' lang='lat' dir='ltr'>timeo</span> <span class='ocrx_word' id='word_1_447' title='bbox 1691 2251 1842 2297; x_wconf 77' lang='lat' dir='ltr'>nestram</span> <span class='ocrx_word' id='word_1_448' title='bbox 1871 2251 2036 2303; x_wconf 82' lang='lat' dir='ltr'>cuiquam</span> <span class='ocrx_word' id='word_1_449' title='bbox 2055 2254 2340 2302; x_wconf 82' lang='lat' dir='ltr'>mandaresalu-</span> 
     </span>
     <span class='ocr_line' id='line_1_69' title="bbox 1297 2299 2341 2354; baseline 0.008 -18"><span class='ocrx_word' id='word_1_450' title='bbox 1297 2299 1408 2353; x_wconf 63' lang='lat' dir='ltr'>rem]</span> <span class='ocrx_word' id='word_1_451' title='bbox 1439 2301 1596 2338; x_wconf 82' lang='lat' dir='ltr'>Salutem</span> <span class='ocrx_word' id='word_1_452' title='bbox 1618 2303 1759 2350; x_wconf 86' lang='lat' dir='ltr'>accipio</span> <span class='ocrx_word' id='word_1_453' title='bbox 1775 2330 1785 2347; x_wconf 93' lang='lat'><strong>,</strong></span> <span class='ocrx_word' id='word_1_454' title='bbox 1813 2315 1890 2341; x_wconf 89' lang='lat' dir='ltr'>non</span> <span class='ocrx_word' id='word_1_455' title='bbox 1913 2316 2008 2353; x_wconf 89' lang='lat' dir='ltr'>quae</span> <span class='ocrx_word' id='word_1_456' title='bbox 2030 2306 2064 2341; x_wconf 89' lang='lat' dir='ltr'>in</span> <span class='ocrx_word' id='word_1_457' title='bbox 2088 2306 2268 2354; x_wconf 83' lang='lat' dir='ltr'>principio</span> <span class='ocrx_word' id='word_1_458' title='bbox 2291 2306 2341 2343; x_wconf 85' lang='grc' dir='ltr'>Ε-</span> 
     </span>
     <span class='ocr_line' id='line_1_70' title="bbox 1296 2350 2342 2404; baseline 0.007 -17"><span class='ocrx_word' id='word_1_459' title='bbox 1296 2350 1505 2398; x_wconf 79' lang='lat' dir='ltr'>pistolarum</span> <span class='ocrx_word' id='word_1_460' title='bbox 1530 2353 1636 2390; x_wconf 86' lang='lat' dir='ltr'>alicui</span> <span class='ocrx_word' id='word_1_461' title='bbox 1667 2353 1858 2392; x_wconf 78' lang='lat' dir='ltr'>scribendo</span> <span class='ocrx_word' id='word_1_462' title='bbox 1890 2357 2110 2399; x_wconf 81' lang='lat' dir='ltr'>nunciatur,</span> <span class='ocrx_word' id='word_1_463' title='bbox 2140 2356 2212 2393; x_wconf 80' lang='lat' dir='ltr'>sive</span> <span class='ocrx_word' id='word_1_464' title='bbox 2234 2365 2342 2404; x_wconf 86' lang='lat' dir='ltr'>opta·</span> 
     </span>
     <span class='ocr_line' id='line_1_71' title="bbox 1295 2402 2341 2450; baseline 0.006 -11"><span class='ocrx_word' id='word_1_465' title='bbox 1295 2409 1372 2440; x_wconf 81' lang='lat' dir='ltr'>tur:</span> <span class='ocrx_word' id='word_1_466' title='bbox 1404 2402 1463 2440; x_wconf 88' lang='lat' dir='ltr'>sed</span> <span class='ocrx_word' id='word_1_467' title='bbox 1486 2415 1612 2441; x_wconf 87' lang='lat' dir='ltr'>revera</span> <span class='ocrx_word' id='word_1_468' title='bbox 1635 2403 1783 2441; x_wconf 78' lang='lat' dir='ltr'>salutem</span> <span class='ocrx_word' id='word_1_469' title='bbox 1800 2433 1810 2450; x_wconf 96' lang='lat'>,</span> <span class='ocrx_word' id='word_1_470' title='bbox 1838 2406 1914 2443; x_wconf 90' lang='lat' dir='ltr'>hoc</span> <span class='ocrx_word' id='word_1_471' title='bbox 1937 2406 1984 2443; x_wconf 88' lang='lat' dir='ltr'>est</span> <span class='ocrx_word' id='word_1_472' title='bbox 2000 2433 2010 2449; x_wconf 89' lang='lat'>,</span> <span class='ocrx_word' id='word_1_473' title='bbox 2037 2407 2152 2443; x_wconf 82' lang='lat' dir='ltr'>vitam</span> <span class='ocrx_word' id='word_1_474' title='bbox 2179 2407 2215 2444; x_wconf 73' lang='grc' dir='ltr'>ὅ(</span> <span class='ocrx_word' id='word_1_475' title='bbox 2235 2409 2341 2445; x_wconf 88' lang='lat' dir='ltr'>inco·</span> 
     </span>
     <span class='ocr_line' id='line_1_72' title="bbox 1295 2452 2338 2505; baseline 0.003 -12"><span class='ocrx_word' id='word_1_476' title='bbox 1295 2452 1517 2493; x_wconf 84' lang='lat' dir='ltr'>lumitatem.</span> <span class='ocrx_word' id='word_1_477' title='bbox 1540 2462 1579 2492; x_wconf 87' lang='lat' dir='ltr'>ut</span> <span class='ocrx_word' id='word_1_478' title='bbox 1609 2454 1650 2492; x_wconf 84' lang='lat' dir='ltr'>fit</span> <span class='ocrx_word' id='word_1_479' title='bbox 1680 2455 1797 2493; x_wconf 88' lang='lat' dir='ltr'>sensus</span> <span class='ocrx_word' id='word_1_480' title='bbox 1820 2469 1829 2493; x_wconf 89' lang='lat'>:</span> <span class='ocrx_word' id='word_1_481' title='bbox 1867 2457 1967 2504; x_wconf 84' lang='lat' dir='ltr'>Quia</span> <span class='ocrx_word' id='word_1_482' title='bbox 1989 2457 2099 2505; x_wconf 84' lang='lat' dir='ltr'>igitur</span> <span class='ocrx_word' id='word_1_483' title='bbox 2121 2457 2310 2496; x_wconf 82' lang='lat' dir='ltr'>Maximus</span> <span class='ocrx_word' id='word_1_484' title='bbox 2327 2486 2338 2503; x_wconf 80' lang='lat'><strong>,</strong></span> 
     </span>
     <span class='ocr_line' id='line_1_73' title="bbox 1294 2504 2341 2554; baseline 0.004 -12"><span class='ocrx_word' id='word_1_485' title='bbox 1294 2504 1379 2542; x_wconf 87' lang='lat' dir='ltr'>isin</span> <span class='ocrx_word' id='word_1_486' title='bbox 1406 2517 1483 2554; x_wconf 90' lang='lat' dir='ltr'>quo</span> <span class='ocrx_word' id='word_1_487' title='bbox 1509 2505 1689 2543; x_wconf 85' lang='lat' dir='ltr'>summam</span> <span class='ocrx_word' id='word_1_488' title='bbox 1720 2506 1819 2554; x_wconf 83' lang='lat' dir='ltr'>spem</span> <span class='ocrx_word' id='word_1_489' title='bbox 1846 2507 1998 2554; x_wconf 81' lang='lat' dir='ltr'>positam</span> <span class='ocrx_word' id='word_1_490' title='bbox 2025 2507 2203 2546; x_wconf 83' lang='lat' dir='ltr'>habebam</span> <span class='ocrx_word' id='word_1_491' title='bbox 2227 2537 2237 2553; x_wconf 90' lang='lat'><em>,</em></span> <span class='ocrx_word' id='word_1_492' title='bbox 2276 2509 2341 2546; x_wconf 89' lang='lat' dir='ltr'>de-</span> 
     </span>
     <span class='ocr_line' id='line_1_74' title="bbox 1295 2556 2342 2606; baseline 0.007 -14"><span class='ocrx_word' id='word_1_493' title='bbox 1295 2556 1418 2600; x_wconf 84' lang='lat' dir='ltr'>ceffit,</span> <span class='ocrx_word' id='word_1_494' title='bbox 1448 2568 1579 2594; x_wconf 88' lang='lat' dir='ltr'>vereor</span> <span class='ocrx_word' id='word_1_495' title='bbox 1601 2557 1772 2605; x_wconf 79' lang='lat' dir='ltr'>deinceps</span> <span class='ocrx_word' id='word_1_496' title='bbox 1793 2558 1854 2595; x_wconf 90' lang='lat' dir='ltr'>ulli</span> <span class='ocrx_word' id='word_1_497' title='bbox 1884 2558 2039 2606; x_wconf 88' lang='lat' dir='ltr'>amplius</span> <span class='ocrx_word' id='word_1_498' title='bbox 2068 2571 2190 2597; x_wconf 87' lang='lat' dir='ltr'>curam</span> <span class='ocrx_word' id='word_1_499' title='bbox 2221 2559 2342 2599; x_wconf 74' lang='lat' dir='ltr'>salutis</span> 
     </span>
     <span class='ocr_line' id='line_1_75' title="bbox 1294 2604 2251 2649; baseline 0.005 -6"><span class='ocrx_word' id='word_1_500' title='bbox 1294 2606 1334 2643; x_wconf 87' lang='lat'>&amp;</span> <span class='ocrx_word' id='word_1_501' title='bbox 1353 2607 1618 2645; x_wconf 84' lang='lat' dir='ltr'>incolumitatis</span> <span class='ocrx_word' id='word_1_502' title='bbox 1640 2619 1746 2645; x_wconf 88' lang='lat' dir='ltr'>meae</span> <span class='ocrx_word' id='word_1_503' title='bbox 1767 2609 2044 2647; x_wconf 83' lang='lat' dir='ltr'>commendare.</span> <span class='ocrx_word' id='word_1_504' title='bbox 2073 2604 2251 2649; x_wconf 65' lang='lat' dir='ltr'>Micrtz..</span> 
     </span>
     <span class='ocr_line' id='line_1_76' title="bbox 1292 2658 2339 2746; baseline 0.006 -51"><span class='ocrx_word' id='word_1_505' title='bbox 1292 2668 1409 2746; x_wconf 47' lang='lat' dir='ltr'>rbi-3.</span> <span class='ocrx_word' id='word_1_506' title='bbox 1436 2658 1640 2709; x_wconf 83' lang='lat' dir='ltr'>Concidit.]</span> <span class='ocrx_word' id='word_1_507' title='bbox 1680 2659 1849 2697; x_wconf 77' lang='lat' dir='ltr'>Condidit</span> <span class='ocrx_word' id='word_1_508' title='bbox 1877 2659 2024 2707; x_wconf 79' lang='lat' dir='ltr'>Junian.</span> <span class='ocrx_word' id='word_1_509' title='bbox 2054 2672 2163 2698; x_wconf 83' lang='lat' dir='ltr'>morte</span> <span class='ocrx_word' id='word_1_510' title='bbox 2174 2663 2243 2710; x_wconf 87' lang='lat' dir='ltr'>sua</span> <span class='ocrx_word' id='word_1_511' title='bbox 2267 2670 2339 2702; x_wconf 87' lang='lat' dir='ltr'>tres</span> 
     </span>
     <span class='ocr_line' id='line_1_77' title="bbox 1306 2721 1383 2747; baseline 0.013 -1"><span class='ocrx_word' id='word_1_512' title='bbox 1306 2721 1316 2746; x_wconf 88' lang='lat'>1</span> <span class='ocrx_word' id='word_1_513' title='bbox 1344 2721 1383 2747; x_wconf 86' lang='lat' dir='ltr'>r1.</span> 
     </span>
    </p>

    <p class='ocr_par' dir='ltr' id='par_1_24' title="bbox 1290 2761 2339 2913">
     <span class='ocr_line' id='line_1_78' title="bbox 1348 2761 2339 2812; baseline 0.001 -13"><span class='ocrx_word' id='word_1_514' title='bbox 1348 2770 1407 2809; x_wconf 72' lang='lat'>15.</span> <span class='ocrx_word' id='word_1_515' title='bbox 1437 2766 1598 2811; x_wconf 78' lang='lat' dir='ltr'>Coeperat</span> <span class='ocrx_word' id='word_1_516' title='bbox 1631 2761 1805 2810; x_wconf 81' lang='lat' dir='ltr'><em>Augustus</em></span> <span class='ocrx_word' id='word_1_517' title='bbox 1837 2763 1988 2812; x_wconf 79' lang='lat' dir='ltr'>deceptae</span> <span class='ocrx_word' id='word_1_518' title='bbox 2014 2761 2176 2811; x_wconf 63' lang='lat' dir='ltr'>ignoscere</span> <span class='ocrx_word' id='word_1_519' title='bbox 2201 2762 2316 2812; x_wconf 82' lang='lat' dir='ltr'>culpae</span> <span class='ocrx_word' id='word_1_520' title='bbox 2326 2790 2339 2809; x_wconf 67' lang='lat'>9</span> 
     </span>
     <span class='ocr_line' id='line_1_79' title="bbox 1291 2812 2335 2865; baseline 0.005 -17"><span class='ocrx_word' id='word_1_521' title='bbox 1291 2817 1385 2860; x_wconf 75' lang='lat' dir='ltr'>Spem</span> <span class='ocrx_word' id='word_1_522' title='bbox 1409 2814 1559 2858; x_wconf 79' lang='lat' dir='ltr'>nostram</span> <span class='ocrx_word' id='word_1_523' title='bbox 1574 2839 1583 2857; x_wconf 93' lang='lat'>‚</span> <span class='ocrx_word' id='word_1_524' title='bbox 1612 2823 1721 2849; x_wconf 82' lang='lat' dir='ltr'>terras</span> <span class='ocrx_word' id='word_1_525' title='bbox 1753 2814 1964 2865; x_wconf 54' lang='lat' dir='ltr'>destruitque</span> <span class='ocrx_word' id='word_1_526' title='bbox 1977 2812 2124 2865; x_wconf 77' lang='lat' dir='ltr'>fimul.]</span> <span class='ocrx_word' id='word_1_527' title='bbox 2171 2814 2232 2852; x_wconf 81' lang='lat' dir='ltr'>De</span> <span class='ocrx_word' id='word_1_528' title='bbox 2253 2815 2335 2853; x_wconf 84' lang='lat' dir='ltr'>Au·</span> 
     </span>
     <span class='ocr_line' id='line_1_80' title="bbox 1290 2864 2127 2913; baseline 0 -12"><span class='ocrx_word' id='word_1_529' title='bbox 1290 2864 1380 2912; x_wconf 85' lang='lat' dir='ltr'>gulli</span> <span class='ocrx_word' id='word_1_530' title='bbox 1401 2872 1521 2902; x_wconf 84' lang='lat' dir='ltr'>morte</span> <span class='ocrx_word' id='word_1_531' title='bbox 1543 2865 1636 2901; x_wconf 77' lang='lat' dir='ltr'>infra</span> <span class='ocrx_word' id='word_1_532' title='bbox 1659 2864 1761 2913; x_wconf 76' lang='lat' dir='ltr'>Eleg.</span> <span class='ocrx_word' id='word_1_533' title='bbox 1782 2876 1853 2902; x_wconf 76' lang='lat' dir='ltr'>ux.</span> <span class='ocrx_word' id='word_1_534' title='bbox 2125 2864 2127 2866; x_wconf 71' lang='grc'><strong>’</strong></span> 
     </span>
    </p>
   </div>
   <div class='ocr_carea' id='block_1_18' title="bbox 1343 2930 2344 3034">
    <p class='ocr_par' dir='ltr' id='par_1_25' title="bbox 1343 2930 2344 3034">
     <span class='ocr_line' id='line_1_81' title="bbox 1343 2930 2344 2981; baseline -0.002 -12"><span class='ocrx_word' id='word_1_535' title='bbox 1343 2937 1389 2970; x_wconf 80' lang='lat' dir='ltr'>Et</span> <span class='ocrx_word' id='word_1_536' title='bbox 1411 2933 1510 2969; x_wconf 83' lang='lat' dir='ltr'>modo</span> <span class='ocrx_word' id='word_1_537' title='bbox 1522 2934 1650 2980; x_wconf 80' lang='lat' dir='ltr'>Caesar</span> <span class='ocrx_word' id='word_1_538' title='bbox 1671 2946 1782 2968; x_wconf 84' lang='lat' dir='ltr'>avum</span> <span class='ocrx_word' id='word_1_539' title='bbox 1797 2960 1806 2976; x_wconf 90' lang='lat'>,</span> <span class='ocrx_word' id='word_1_540' title='bbox 1821 2946 1921 2981; x_wconf 82' lang='lat' dir='ltr'>quem</span> <span class='ocrx_word' id='word_1_541' title='bbox 1935 2932 2050 2969; x_wconf 74' lang='lat' dir='ltr'>virtus</span> <span class='ocrx_word' id='word_1_542' title='bbox 2062 2931 2204 2970; x_wconf 70' lang='lat' dir='ltr'>addidit</span> <span class='ocrx_word' id='word_1_543' title='bbox 2215 2930 2315 2979; x_wconf 78' lang='lat' dir='ltr'>astrit</span> <span class='ocrx_word' id='word_1_544' title='bbox 2327 2956 2344 2978; x_wconf 71' lang='lat'><em>,</em></span> 
     </span>
     <span class='ocr_line' id='line_1_82' title="bbox 1397 2983 2156 3034; baseline 0.001 -13"><span class='ocrx_word' id='word_1_545' title='bbox 1397 2990 1589 3022; x_wconf 77' lang='lat' dir='ltr'>sacrarunt</span> <span class='ocrx_word' id='word_1_546' title='bbox 1608 2983 1730 3034; x_wconf 75' lang='lat' dir='ltr'>aliqua</span> <span class='ocrx_word' id='word_1_547' title='bbox 1748 2986 1906 3022; x_wconf 73' lang='lat' dir='ltr'>carmina</span> <span class='ocrx_word' id='word_1_548' title='bbox 1921 2994 2022 3034; x_wconf 82' lang='lat' dir='ltr'>parte</span> <span class='ocrx_word' id='word_1_549' title='bbox 2041 2995 2156 3022; x_wconf 85' lang='lat' dir='ltr'>tuum.</span> 
     </span>
    </p>
   </div>
   <div class='ocr_carea' id='block_1_19' title="bbox 1295 3051 1414 3090">
    <p class='ocr_par' dir='ltr' id='par_1_26' title="bbox 1295 3051 1414 3090">
     <span class='ocr_line' id='line_1_83' title="bbox 1295 3051 1414 3090; baseline 0 0"><span class='ocrx_word' id='word_1_550' title='bbox 1295 3051 1342 3090; x_wconf 87' lang='lat' dir='ltr'>Et</span> <span class='ocrx_word' id='word_1_551' title='bbox 1361 3065 1414 3090; x_wconf 83' lang='lat' dir='ltr'>xx.</span> 
     </span>
    </p>
   </div>
   <div class='ocr_carea' id='block_1_20' title="bbox 1348 3115 2199 3218">
    <p class='ocr_par' dir='ltr' id='par_1_27' title="bbox 1348 3115 2199 3218">
     <span class='ocr_line' id='line_1_84' title="bbox 1348 3115 2199 3166; baseline -0.009 -10"><span class='ocrx_word' id='word_1_552' title='bbox 1348 3124 1400 3156; x_wconf 75' lang='lat' dir='ltr'>Tu</span> <span class='ocrx_word' id='word_1_553' title='bbox 1420 3128 1506 3155; x_wconf 84' lang='lat' dir='ltr'>certe</span> <span class='ocrx_word' id='word_1_554' title='bbox 1517 3117 1583 3166; x_wconf 83' lang='lat' dir='ltr'>scis</span> <span class='ocrx_word' id='word_1_555' title='bbox 1605 3117 1707 3161; x_wconf 77' lang='lat' dir='ltr'>haec,</span> <span class='ocrx_word' id='word_1_556' title='bbox 1723 3116 1851 3165; x_wconf 79' lang='lat' dir='ltr'>superis</span> <span class='ocrx_word' id='word_1_557' title='bbox 1870 3116 1974 3163; x_wconf 77' lang='lat' dir='ltr'>ascite</span> <span class='ocrx_word' id='word_1_558' title='bbox 1987 3143 1997 3161; x_wconf 91' lang='lat'><strong>,</strong></span> <span class='ocrx_word' id='word_1_559' title='bbox 2025 3115 2199 3163; x_wconf 71' lang='lat' dir='ltr'>videsque·</span> 
     </span>
     <span class='ocr_line' id='line_1_85' title="bbox 1397 3167 2180 3218; baseline -0.011 -11"><span class='ocrx_word' id='word_1_560' title='bbox 1397 3175 1526 3218; x_wconf 77' lang='lat' dir='ltr'>Caesar</span> <span class='ocrx_word' id='word_1_561' title='bbox 1542 3198 1551 3214; x_wconf 95' lang='lat'>‚</span> <span class='ocrx_word' id='word_1_562' title='bbox 1577 3181 1616 3207; x_wconf 79' lang='lat' dir='ltr'>ut</span> <span class='ocrx_word' id='word_1_563' title='bbox 1636 3172 1678 3216; x_wconf 83' lang='lat' dir='ltr'>est</span> <span class='ocrx_word' id='word_1_564' title='bbox 1699 3167 1958 3217; x_wconf 76' lang='lat' dir='ltr'>oculisficbdua</span> <span class='ocrx_word' id='word_1_565' title='bbox 1982 3178 2075 3204; x_wconf 69' lang='lat' dir='ltr'>terra</span> <span class='ocrx_word' id='word_1_566' title='bbox 2099 3176 2180 3201; x_wconf 69' lang='grc' dir='ltr'>τως.</span> 
     </span>
    </p>
   </div>
   <div class='ocr_carea' id='block_1_21' title="bbox 1294 3227 2338 3475">
    <p class='ocr_par' dir='ltr' id='par_1_28' title="bbox 1294 3227 2332 3287">
     <span class='ocr_line' id='line_1_86' title="bbox 1294 3227 2332 3287; baseline -0.011 -12"><span class='ocrx_word' id='word_1_567' title='bbox 1294 3238 1403 3275; x_wconf 88' lang='lat' dir='ltr'>Periit</span> <span class='ocrx_word' id='word_1_568' title='bbox 1439 3246 1562 3275; x_wconf 79' lang='lat' dir='ltr'>autem</span> <span class='ocrx_word' id='word_1_569' title='bbox 1604 3236 1787 3285; x_wconf 81' lang='lat' dir='ltr'>Augustus</span> <span class='ocrx_word' id='word_1_570' title='bbox 1831 3247 1930 3273; x_wconf 78' lang='lat' dir='ltr'>anno</span> <span class='ocrx_word' id='word_1_571' title='bbox 1962 3236 2004 3270; x_wconf 87' lang='lat' dir='ltr'>ab</span> <span class='ocrx_word' id='word_1_572' title='bbox 2043 3232 2142 3287; x_wconf 63' lang='lat' dir='ltr'>Urbe</span> <span class='ocrx_word' id='word_1_573' title='bbox 2181 3227 2332 3266; x_wconf 75' lang='lat' dir='ltr'>condita</span> 
     </span>
    </p>

    <p class='ocr_par' dir='ltr' id='par_1_29' title="bbox 1297 3284 2338 3475">
     <span class='ocr_line' id='line_1_87' title="bbox 1297 3284 2213 3335; baseline -0.015 -8"><span class='ocrx_word' id='word_1_574' title='bbox 1297 3301 1485 3327; x_wconf 74' lang='lat' dir='ltr'>ucetxvr.</span> <span class='ocrx_word' id='word_1_575' title='bbox 1518 3287 1649 3325; x_wconf 78' lang='lat' dir='ltr'>AEtatis</span> <span class='ocrx_word' id='word_1_576' title='bbox 1673 3299 1762 3324; x_wconf 73' lang='lat' dir='ltr'>vcro</span> <span class='ocrx_word' id='word_1_577' title='bbox 1783 3286 1864 3323; x_wconf 81' lang='lat' dir='ltr'>suae</span> <span class='ocrx_word' id='word_1_578' title='bbox 1891 3295 2014 3322; x_wconf 67' lang='lat' dir='ltr'>mcxvi.</span> <span class='ocrx_word' id='word_1_579' title='bbox 2045 3284 2213 3335; x_wconf 51' lang='lat' dir='ltr'>Quem:</span> 
     </span>
     <span class='ocr_line' id='line_1_88' title="bbox 1351 3328 2330 3388; baseline -0.01 -11"><span class='ocrx_word' id='word_1_580' title='bbox 1351 3353 1404 3387; x_wconf 83' lang='lat'>17.</span> <span class='ocrx_word' id='word_1_581' title='bbox 1418 3339 1534 3388; x_wconf 50' lang='lat' dir='ltr'>{Quale</span> <span class='ocrx_word' id='word_1_582' title='bbox 1546 3351 1665 3375; x_wconf 83' lang='lat' dir='ltr'>tamen</span> <span class='ocrx_word' id='word_1_583' title='bbox 1676 3337 1770 3385; x_wconf 72' lang='lat' dir='ltr'>potui</span> <span class='ocrx_word' id='word_1_584' title='bbox 1783 3339 1822 3374; x_wconf 82' lang='lat' dir='ltr'>de</span> <span class='ocrx_word' id='word_1_585' title='bbox 1835 3337 2225 3386; x_wconf 54' lang='lat' dir='ltr'>coelite,Bmteffecentt,</span> <span class='ocrx_word' id='word_1_586' title='bbox 2237 3328 2330 3378; x_wconf 41' lang='grc' dir='ltr'>ΘΕ),</span> 
     </span>
     <span class='ocr_line' id='line_1_89' title="bbox 1297 3381 2332 3459; baseline -0.014 -27"><span class='ocrx_word' id='word_1_587' title='bbox 1297 3393 1505 3444; x_wconf 76' lang='lat' dir='ltr'>Augustum</span> <span class='ocrx_word' id='word_1_588' title='bbox 1537 3391 1704 3440; x_wconf 48' lang='lat' dir='ltr'>intelligit</span> <span class='ocrx_word' id='word_1_589' title='bbox 1725 3417 1736 3434; x_wconf 89' lang='lat'>‚</span> <span class='ocrx_word' id='word_1_590' title='bbox 1782 3390 1839 3426; x_wconf 87' lang='lat' dir='ltr'>cui</span> <span class='ocrx_word' id='word_1_591' title='bbox 1863 3382 2039 3423; x_wconf 50' lang='lat' dir='ltr'>defuntffo</span> <span class='ocrx_word' id='word_1_592' title='bbox 2070 3382 2187 3420; x_wconf 75' lang='lat' dir='ltr'>statim</span> <span class='ocrx_word' id='word_1_593' title='bbox 2211 3381 2332 3459; x_wconf 53' lang='grc' dir='ltr'>ξὶινιηῑ</span> 
     </span>
     <span class='ocr_line' id='line_1_90' title="bbox 2214 3444 2338 3475; baseline -0.016 -5"><span class='ocrx_word' id='word_1_594' title='bbox 2214 3444 2338 3475; x_wconf 50' lang='lat' dir='ltr'>„LOU-¹23⁶,</span> 
     </span>
    </p>
   </div>
  </div>
 </body>
</html>
