2495 3675
247 211 346 264 7C2

706 183 766 240 Ρ.
842 180 1864 256 ov-1D11NASQN15
1941 160 1945 161 ἢ

535 283 590 339 Si
616 299 795 350 vacat,
837 287 1067 357 hospitio
1094 283 1427 357 peregrinos,
1469 281 1668 364 Brute,
1707 287 1913 347 libellos

607 358 842 431 Excipe,
885 360 1123 429 dumque
1149 357 1327 426 aliquo
1355 396 1365 414 ‚
1405 356 1645 424 quolibet
1672 357 1808 412 abde
1836 363 1975 422 loco,

400 452 429 501 5
538 431 756 487 Publica
783 449 892 485 non
917 429 1114 482 audent
1139 427 1277 481 inter
1305 441 1652 482 monumenta
1676 432 1890 499 venire,

614 505 701 559 Ne
727 504 843 559 suus
871 503 974 556 hoc
1003 500 1099 554 illis
1126 499 1365 554 clauserit
1392 499 1574 555 audior
1601 502 1718 561 iter.

476 576 478 579 ’
545 578 634 632 Ah
659 578 867 649 quoties
895 574 1033 634 dixi,
1072 570 1240 626 Certe
1264 572 1336 626 nil
1375 585 1530 644 turpe
1555 574 1789 633 docetis!

623 650 729 703 lie:
770 659 912 719 patet
939 644 1087 701 castis
1114 643 1344 701 versibus
1367 643 1454 701 ille
1479 646 1642 704 locuS.

255 911 297 953 8<
318 911 479 964 Epislolas
501 922 541 946 ex
565 914 672 947 Ponto
693 907 887 959 indigitare
909 906 1009 946 Naso
1040 909 1161 946 noster
1182 907 1306 956 potuit

256 965 332 1004 hoc
355 973 457 1012 opus.
486 959 594 997 Trist.
616 973 653 1000 v.
676 960 777 1009 Eleg.
800 972 843 997 11.

313 1031 444 1080 Ecquid
460 1057 468 1071 ,
498 1037 535 1064 ut
558 1026 573 1062 ἒ
597 1033 703 1063 Ponto
724 1037 818 1062 nova
839 1023 939 1061 venit
961 1021 1116 1070 epistrla‚
1131 1022 1257 1071 palles.

264 1099 406 1136 Hnms.
446 1094 564 1131 Barth.
589 1091 638 1128 lib
671 1102 729 1127 xr..
756 1088 892 1126 advers.
929 1099 985 1125 12.
1019 1087 1154 1125 nullam
1180 1089 1216 1125 in
1241 1086 1308 1126 suis

262 1149 356 1187 libris
370 1144 642 1183 distinctionem
658 1139 726 1178 effe
739 1140 868 1178 harum
883 1138 1116 1188 epistolarum
1132 1138 1169 1175 in
1181 1138 1308 1184 libros,

264 1207 305 1237 ut
324 1209 423 1235 nunc
445 1195 556 1243 vulgo
574 1222 584 1238 ,
604 1199 762 1241 quatuor
790 1199 905 1229 notat.
933 1190 1028 1227 libro
1047 1200 1136 1226 vero
1160 1201 1308 1244 xxxvii.

267 1261 326 1288 10.
348 1251 381 1286 ὅ(
408 1247 467 1285 lib.
489 1256 615 1282 xxxix.
641 1255 696 1280 ic.
723 1242 821 1279 hunc
842 1242 1004 1290 primum
1025 1240 1157 1295 librum
1184 1239 1308 1276 multis

262 1301 301 1338 in
320 1299 420 1337 iocis.
443 1295 640 1335 emendare
661 1301 815 1332 conatur
839 1319 851 1337 ,
888 1291 947 1330 sed
966 1291 1072 1338 saepe
1102 1289 1310 1328 infeliciter.

263 1350 399 1389 Bunm.

318 1416 341 1439 ²¹⁵
368 1415 433 1452 Ad
455 1411 643 1461 Brutum]
673 1416 779 1448 Bruto
799 1408 933 1456 optimi
956 1405 1114 1445 codices.
1141 1405 1312 1454 atqueita

263 1468 406 1516 semper
439 1465 612 1512 deinceps
642 1473 705 1511 per
740 1459 859 1498 casum
881 1459 1042 1496 tertium.
1072 1455 1181 1513 reete.
1206 1455 1309 1504 quod

265 1517 376 1556 semel
404 1516 491 1554 loco
518 1516 592 1552 hoc
624 1512 645 1550 a
678 1523 740 1549 me
771 1509 915 1548 moneri
937 1508 1129 1546 suffecerit.
1165 1507 1312 1545 Hims.

265 1569 361 1618 Quis
388 1578 475 1605 vero
507 1565 567 1603 hic
596 1564 727 1601 Brutus
752 1561 882 1604 fuerit,
911 1559 1124 1608 investigare
1139 1557 1310 1614 nondum

264 1620 383 1670 potui.
440 1618 536 1655 Nam
570 1615 730 1653 duorum
764 1610 1011 1661 percussorum
1041 1609 1222 1653 Caesaris,
1248 1619 1313 1658 qui

264 1670 378 1709 ambo
402 1669 498 1716 Junii
522 1666 621 1704 Bruti
641 1665 744 1702 fuere
759 1691 769 1707 ,
793 1661 1012 1699 filiosnullos
1024 1661 1137 1698 video
1163 1672 1312 1717 meino-

265 1721 334 1760 rari
348 1748 358 1764 ,
386 1721 449 1769 qui
463 1721 500 1756 in
511 1718 602 1754 haec
614 1724 783 1762 tempora
801 1720 1057 1761 congruerent.
1079 1712 1116 1750 &
1134 1724 1211 1749 non
1225 1711 1311 1749 alie-

265 1783 357 1811 num
380 1768 482 1808 fiiiffe
501 1767 523 1805 a
542 1767 655 1805 Bruto
685 1763 884 1803 Ciceronis
904 1763 1029 1802 amico
1050 1763 1172 1812 colligi
1192 1760 1310 1811 poffet

268 1834 313 1863 ex
333 1821 389 1866 Jl's.
405 1831 464 1866 24.

321 1894 355 1923 ι.
384 1882 477 1932 Nafi'
498 1881 701 1919 Tomitanae
715 1879 793 1927 jam
817 1890 885 1915 non
906 1889 1017 1915 novus
1035 1876 1146 1914 incola
1167 1875 1309 1926 terrae]

265 1934 423 1975 'Incolam
449 1946 516 1969 non
540 1944 669 1969 novum
699 1929 733 1967 se
764 1939 874 1966 vocat
895 1956 905 1971 ,
946 1938 1012 1976 pro
1044 1928 1185 1972 veteri,
1213 1929 1314 1984 nocebo

268 1987 466 2025 λιτότητα.
522 1984 618 2020 Nam
647 1982 724 2030 jam
758 1987 928 2028 quartum
957 1990 1073 2028 prope
1103 1990 1243 2016 annum
1276 1990 1315 2015 in

269 2038 394 2077 Ponto
425 2034 576 2084 agebat,
606 2031 642 2069 id
673 2030 775 2079 quod
807 2030 900 2067 infra
931 2041 1023 2067 mox
1046 2037 1193 2078 apparet
1211 2028 1316 2084 El'eg.

268 2099 362 2126 viii.
393 2086 589 2123 Caeterum
617 2090 656 2120 ut
676 2081 751 2117 hoc
771 2079 969 2124 addamus,
995 2080 1132 2128 septem
1157 2090 1314 2117 omnino

269 2148 388 2178 annos
407 2137 443 2173 in
461 2125 581 2173 Ponto
613 2130 738 2170 vixiffe
762 2134 871 2178 poeta
900 2130 1056 2167 videtur.
1084 2140 1195 2179 atque
1222 2131 1316 2168 intra

270 2197 341 2227 tres
359 2187 496 2236 priores
509 2213 519 2230 ,
533 2196 574 2222 ea
588 2212 598 2230 ,
612 2192 772 2231 quorum
792 2181 916 2218 titulus
939 2180 986 2217 est
999 2180 1177 2218 Tristium
1194 2208 1204 2225 ,
1231 2181 1315 2219 scri-

269 2236 395 2287 psisse:
423 2236 570 2285 reliquis
589 2242 714 2271 autem
731 2260 740 2276 ‚
753 2233 842 2269 haec
856 2242 972 2279 ,quae
987 2230 1031 2268 de
1047 2231 1171 2269 Ponto
1194 2231 1316 2269 inscri-

269 2290 428 2331 buntur,
457 2294 496 2324 ut
519 2298 564 2323 ex
586 2283 665 2333 ipsis
684 2283 779 2321 libris
798 2289 959 2331 apparet.
986 2281 1083 2319 Nam
1106 2283 1216 2320 tertio
1228 2282 1318 2320 Tri-

270 2339 379 2379 fiium
396 2366 406 2383 ‚
435 2337 537 2386 Eleg.
563 2347 635 2373 xii⁴
673 2333 812 2381 Frigora
834 2359 844 2376 ‚
883 2332 1004 2379 inquit
1027 2359 1037 2376 ,
1066 2333 1146 2380 jam
1169 2332 1317 2382 Zephyri

273 2391 443 2429 minuunt
465 2416 476 2433 ,
512 2398 670 2434 annoque
697 2386 828 2433 peracre
859 2383 1005 2419 Tardior
1035 2383 1191 2433 antiquis
1214 2384 1314 2431 visaj,

273 2440 397 2479 recedit
435 2438 533 2488 (sive
556 2446 596 2475 ut
626 2435 738 2483 vulgo
765 2435 945 2482 legimus,
976 2434 1150 2482 Maeotis)
1187 2434 1317 2483 hyems,

272 2492 404 2541 quibus
437 2489 554 2527 verbis
583 2486 756 2537 fignificat
777 2512 786 2530 ,
824 2484 857 2521 se
874 2484 952 2532 jam
975 2496 1112 2522 annum
1135 2485 1174 2523 in
1193 2486 1316 2524 Ponto

270 2540 400 2586 fuisse,
427 2539 605 2588 istamque
635 2546 763 2575 tamen
790 2536 953 2572 exactam
990 2536 1169 2582 hyemem
1197 2537 1318 2575 multo

271 2592 483 2641 longiorem
506 2589 569 2627 fibi
588 2586 698 2626 visam
723 2613 734 2630 ,
770 2597 881 2635 quam
907 2587 1114 2634 praeteritas
1145 2598 1189 2640 ac
1217 2597 1322 2626 vete-

275 2654 353 2687 res,
382 2641 512 2692 quibus
535 2641 681 2678 Romae
701 2637 792 2676 vixit
819 2636 966 2674 scilicet.
1002 2636 1100 2674 Mox
1123 2637 1248 2687 Elegia
1267 2650 1323 2679 vx.

275 2692 334 2731 lib.
360 2703 398 2741 4.

331 2761 375 2792 Ut
391 2756 509 2803 patria
532 2767 646 2799 careo,
673 2752 723 2791 bis
735 2752 897 2801 frugibus
916 2766 997 2790 area
1016 2753 1105 2791 trita
1126 2753 1193 2801 est,

382 2805 536 2853 Diffiluit
555 2804 647 2843 nudo
664 2804 770 2854 preffa
791 2803 840 2841 bis
859 2816 933 2841 uva
948 2804 1043 2853 pede.

280 2884 329 2925 Et
354 2882 487 2922 eodem
508 2883 567 2920 lib.
599 2882 700 2930 Eleg.
721 2893 792 2918 vii.

331 2946 392 2985 Bis
411 2959 463 2982 me
477 2946 529 2992 sol
550 2945 640 2982 adiit
655 2944 808 2994 gelidam
823 2943 890 2992 post
907 2942 1029 2999 frigore
1057 2944 1245 2991 brumam,

385 2996 511 3047 Bisque
527 2998 629 3043 [uum
645 2997 736 3032 ταέῖο
751 2995 836 3044 pisce
852 3004 975 3043 peregit
991 3005 1069 3033 iter.

283 3074 387 3114 Hinc
405 3072 507 3122 Eleg.
527 3087 573 3112 ιι.
591 3074 652 3112 lib.
676 3087 710 3111 v.
737 3073 858 3112 addit:

335 3143 381 3174 Ut
395 3140 518 3186 sumus
536 3139 573 3175 in
590 3145 694 3176 Ponto
707 3166 717 3183 ,
745 3150 795 3176 ter
804 3139 934 3187 frigore
953 3137 1100 3184 constitit
1125 3140 1226 3187 Isterg

386 3191 493 3227 Facta
512 3189 556 3236 est
574 3189 705 3226 Euxini
726 3189 815 3225 dura
837 3199 888 3225 ter
905 3189 1002 3224 unda
1021 3190 1141 3227 maris.

282 3255 410 3304 Atque
423 3255 512 3292 haec
531 3255 569 3292 in
589 3253 682 3291 libris
704 3252 894 3291 Tristium.
926 3253 966 3290 In
989 3255 1032 3292 iis
1056 3262 1181 3297 autem
1196 3281 1207 3302 ‚
1229 3265 1323 3306 quos

277 3306 326 3355 de
347 3307 470 3347 Ponto
491 3304 708 3357 appellavit,
733 3303 794 3346 lib.
811 3315 843 3355 ι,
864 3303 968 3355 Eleg3
984 3315 1014 3356 ³⁰.

2275 789 2403 852 Non.
2458 819 2462 822 ⁴

1412 906 1481 946 Hic
1501 922 1554 947 me
1570 919 1783 999 praegnantem
1796 941 1806 958 ,
1835 912 1952 964 inquit
1965 945 1976 963 ,
1990 929 2067 956 cum
2080 920 2210 970 frigore
2224 951 2236 969 ,
2265 938 2405 979 cumque

1550 975 1603 998 ai
1640 976 1668 1000 ις

1467 965 1628 1061 Οηφζιξαε
1647 992 1718 1050 νηέο
1727 1015 1808 1059 fato
1822 1043 1833 1061 ,
1858 1028 1988 1068 quarta
2000 1019 2136 1070 fatigat
2157 1023 2288 1073 hyems.

1365 1075 1413 1114 Et
1434 1075 1568 1113 eodem
1593 1076 1654 1114 lib.
1674 1077 1777 1127 Eleg.
1798 1092 1888 1120 vm.

1419 1146 1462 1176 Ut
1482 1154 1576 1178 careo
1599 1141 1695 1178 vobis
1709 1145 1884 1192 Scythicas
1905 1147 2061 1198 detrusus
2080 1150 2117 1188 in
2140 1165 2237 1199 oras,

1466 1193 1650 1238 Qattuor
1669 1204 1856 1233 autumnos
1875 1197 1987 1234 Pleias
2011 1211 2086 1236 orta
2096 1203 2202 1248 facit.

1367 1251 1413 1289 Et
1433 1252 1506 1308 noc
1527 1265 1626 1292 anno
1647 1254 1790 1295 Tiberii
1811 1260 2017 1308 triumphus
2045 1261 2091 1300 de
2110 1264 2288 1306 Dalmatis
2308 1268 2346 1307 &
2366 1269 2413 1308 11⁴

1365 1303 1463 1350 lyriis
1479 1303 1580 1343 acius
1600 1332 1613 1350 ,
1651 1307 1754 1355 cujus
1774 1308 1847 1356 ipse
1875 1311 1913 1347 in
1943 1312 2122 1360 principio
2144 1314 2291 1356 secundi
2311 1318 2419 1366 libri,

1365 1353 1469 1410 Eleg.
1490 1367 1516 1394 1.
1540 1357 1578 1393 ὅ(
1605 1369 1650 1394 11.
1679 1358 1770 1395 item
1792 1359 1884 1398 libro
1906 1364 2016 1399 tertio
2030 1390 2040 1407 ,
2068 1363 2169 1413 Eleg.
2189 1376 2315 1415 quarta
2333 1382 2413 1408 me-

1369 1413 1489 1441 minit.
1518 1405 1567 1444 Et
1589 1406 1786 1447 Suetonius
1812 1410 1849 1447 in
1877 1410 2033 1450 Tiberio
2049 1441 2059 1458 ‚
2088 1415 2150 1462 qui
2172 1417 2273 1456 illum
2292 1422 2414 1467 proxi-

1368 1465 1434 1491 mo
1457 1466 1556 1492 anno
1577 1465 1662 1495 ante
1684 1459 1827 1497 obitum
1849 1461 2136 1510 Augustiaetum
2158 1467 2306 1508 indicat.
2331 1471 2416 1512 Post
2444 1468 2448 1473 ’

1367 1506 1459 1544 haec
1480 1505 1572 1546 libro
1594 1518 1724 1557 quarto
1740 1538 1749 1554 ,
1777 1511 1877 1561 Eleg.
1900 1513 2019 1553 sextat

1420 1575 1464 1608 In
1485 1572 1626 1622 Scythia
1647 1575 1741 1612 nobis
1762 1574 1995 1627 quinquennis
2015 1579 2194 1631 Olympias
2213 1585 2292 1621 ab't‘a
2311 1584 2367 1624 σθ.

1469 1621 1564 1668 Jam
1587 1634 1718 1675 tempus
1739 1626 1886 1671 lustrum
1906 1628 2032 1677 tranfit
2055 1631 2092 1668 in
2118 1633 2285 1680 alterius,

1366 1687 1428 1725 ait.
1456 1688 1549 1736 Quo
1562 1700 1662 1743 anno
1683 1691 1722 1727 &
1739 1688 1947 1740 Augustum
1973 1692 2099 1733 obiiffe
2113 1724 2122 1739 ,
2151 1699 2188 1733 ὃ(
2204 1697 2415 1740 Maximum

1365 1738 1456 1776 irem
1472 1766 1483 1784 ,
1505 1751 1618 1788 quem
1640 1740 1714 1789 ipse
1744 1741 1839 1779 inter
1858 1742 2062 1791 potiflimos
2083 1748 2222 1786 amicos
2242 1749 2430 1798 celebrat„

1365 1789 1495 1828 eadem
1516 1790 1643 1840 Elegia
1661 1791 1809 1831 indicat.
1836 1802 1899 1832 ut:

1421 1859 1546 1891 Certus
1564 1868 1638 1891 eras
1652 1865 1713 1904 pro
1732 1869 1803 1901 me,
1822 1856 1946 1895 Fabiae
1958 1857 2036 1896 laus
2048 1887 2058 1903 ‚
2081 1862 2243 1899 Maxime
2259 1890 2270 1908 ‚
2283 1863 2392 1912 gentis
2401 1863 2427 1906 5.

1470 1910 1612 1960 Numen
1630 1906 1678 1942 ad
1697 1907 1896 1957 Augustum
1909 1909 2058 1958 supplice
2079 1925 2159 1949 voce
2179 1913 2282 1963 loqui.

1422 1956 1556 1992 Occidis
1573 1966 1657 1994 ame
1674 1966 1783 2007 preces
1797 1986 1808 2005 ,

1369 2005 1438 2043 Etr

1423 2074 1587 2119 coeperat
1611 2072 1785 2124 Augustus
1802 2073 1954 2125 deceptae
1966 2076 2129 2126 ignoscere
2149 2078 2264 2129 culpae
2275 2094 2287 2124 ;

1479 2127 1576 2170 Spem
1596 2123 1745 2169 nostram
1759 2152 1770 2170 ‚
1798 2134 1908 2164 terras
1931 2127 2143 2179 deseruitque
2155 2128 2266 2180 simul
2279 2159 2290 2177 ‚
2318 2134 2392 2172 &03

1372 2185 1474 2223 Hinc
1495 2185 1598 2236 Eleg.
1617 2200 1652 2225 x.
1681 2188 1847 2237 ejusdem
1868 2192 1971 2236 libri,
1999 2193 2119 2231 addit:

1422 2252 1515 2283 Haec
1537 2246 1626 2284 mihi
1646 2247 1686 2285 in
1705 2251 1842 2288 Euxino
1874 2251 1924 2289 bis
1944 2252 2047 2289 tertia
2070 2253 2214 2301 ducitur,
2229 2254 2375 2304 aestas„

1477 2296 1629 2343 Lirtore,
1651 2298 1786 2348 pellitos
1804 2301 1896 2339 inter
1917 2303 2050 2351 agenda
2069 2308 2187 2343 Getas.

1370 2362 1420 2411 Et
1439 2362 1542 2414 Eleg.
1564 2377 1653 2404 xm.

1425 2431 1486 2469 Ille
1507 2432 1645 2480 quidem
1666 2433 1782 2471 dixit.-
1805 2435 1866 2482 βά
1889 2448 1942 2471 me
1953 2436 2032 2483 jam
2045 2462 2057 2479 ‚
2079 2441 2190 2479 Care,
2214 2436 2333 2475 nivali

1477 2487 1581 2520 Sexta
1601 2483 1790 2533 relegatum
1810 2484 1936 2522 bruma
1949 2485 2015 2534 sub
2036 2499 2101 2522 axe
2124 2487 2233 2526 videt.

1378 2547 1515 2596 Neque
1538 2557 1750 2598 temporum
1774 2549 1989 2588 ulteriorum
2021 2551 2194 2588 meminit
2209 2579 2218 2594 ‚
2247 2551 2313 2590 nisi
2330 2555 2418 2603 quad

1377 2606 1484 2637 tenus
1502 2599 1548 2637 de
1572 2600 1761 2638 consulatu
1783 2601 1952 2649 Pompeji
1973 2600 2090 2638 Flacci
2111 2603 2343 2642 mentionem
2364 2605 2427 2642 fa*

1379 2650 1450 2692 cit,
1478 2651 1540 2698 qui
1560 2650 1697 2687 octavo
1721 2651 1817 2688 exilii
1840 2651 1932 2688 illius
1952 2663 2051 2689 anno
2074 2652 2213 2689 futurus
2233 2662 2331 2692 erat:
2359 2653 2421 2694 cui

1376 2699 1450 2747 ipse
1473 2700 1535 2738 sub
1553 2701 1771 2748 principium
1796 2700 1964 2749 septimi,
1990 2701 2079 2740 dum
2108 2702 2222 2740 fratris
2249 2704 2419 2742 Graecini
2460 2719 2461 2722 ¹

1380 2750 1605 2788 consulatum
1636 2751 1792 2788 celebrat
1816 2779 1827 2795 ,
1864 2751 1963 2800 quasi
1987 2752 2153 2789 divinans
2175 2753 2301 2792 animo
2322 2755 2355 2793 se
2375 2753 2420 2793 ad

1378 2800 1416 2838 id
1437 2809 1582 2849 tempus
1608 2800 1835 2849 superstitem
1863 2814 1939 2840 non
1973 2804 2160 2846 futurum,
2185 2804 2418 2853 anticipando

1377 2851 1584 2899 gratulatur.
1613 2853 1740 2900 Quare
1761 2864 1845 2890 cum
1866 2853 1957 2890 haec
1977 2853 2156 2901 postrema
2178 2855 2269 2892 iilius
2291 2855 2430 2904 hyems-

1379 2902 1512 2946 fuerit,
1542 2902 1643 2951 cujus
1676 2914 1873 2940 numerum
1895 2903 2076 2941 recenseat
2100 2932 2111 2949 ‚
2139 2903 2234 2942 sexta
2255 2906 2419 2954 quidem,

1381 2962 1494 3000 quam
1512 2953 1549 2989 in
1572 2955 1693 2990 Ponto
1715 2955 1813 3001 egit,
1840 2953 1989 3001 septima
2010 2963 2131 2991 autem
2155 2956 2312 2993 omnino
2333 2955 2426 2994 rele-

1381 3010 1485 3049 gatus
1504 3003 1572 3039 fuit
1598 3003 1709 3048 (nam
1729 3005 1886 3051 primam
1908 3005 1943 3041 in
1967 3006 2095 3042 itinere
2113 3006 2422 3053 transegimdein-

1382 3051 1429 3090 de
1457 3064 1540 3089 cum
1581 3065 1703 3100 neque
1733 3065 1862 3092 eorum
1893 3055 1936 3092 ab
1963 3055 2025 3092 illo
2065 3055 2206 3092 mentio
2238 3056 2306 3093 nlla
2337 3056 2420 3101 fiat,

1380 3113 1475 3151 quae
1496 3101 1515 3139 a
1544 3102 1772 3142 Germanico
1801 3104 1927 3142 iisdem
1959 3103 2215 3152 posterioribus
2236 3105 2335 3143 hisce
2358 3118 2422 3144 an-

1379 3153 1433 3190 nis
1455 3162 1579 3190 contra
1603 3154 1757 3193 Chattos
1781 3157 1817 3191 ἃ
1849 3154 2048 3191 Cheruscos
2075 3153 2168 3200 gesta
2192 3155 2297 3200 sunt,
2325 3167 2418 3205 quae

1379 3203 1537 3240 minime
1555 3207 1726 3242 taciturus
1748 3203 1864 3242 fuiffet
1879 3231 1888 3248 ‚
1916 3203 1940 3240 fi
1969 3205 2064 3240 fama
2085 3215 2214 3242 eorum
2237 3205 2355 3256 aliqua
2375 3205 2434 3244 ad·

1377 3253 1492 3301 ipsum
1531 3254 1649 3292 adhuc
1679 3257 1806 3292 vivum
1834 3252 2075 3301 pervenisset,
2103 3255 2307 3301 praesertim
2335 3267 2419 3294 cum

1379 3304 1425 3344 de
1448 3305 1636 3355 triumpho
1657 3304 1701 3344 ab
1722 3315 1768 3345 eo
1791 3304 1935 3354 agendo
1959 3304 2156 3355 aliquoties
2176 3306 2276 3346 velut
2296 3307 2420 3394 vangi-

2297 3366 2367 3397 nan
2394 3365 2418 3394 Θ
