2495 3675
563 158 1198 249 TRIST'IUM
1281 189 1477 248 ιη.
1552 193 1590 251 1.
1664 194 1957 259 Ezsscx.

2135 206 2242 279 ’489

381 286 532 359 Ergo
558 301 616 344 ut
640 289 864 348 defendi
888 292 1034 347 nullo
1058 308 1178 348 mea
1204 289 1348 363 posse
1378 291 1562 347 colore
1578 330 1594 356 ‚

451 362 537 416 Sic
565 363 801 419 excusari
831 364 1050 418 erimina
1077 363 1222 436 poffe
1247 377 1396 434 puto.

230 437 297 501 65
372 433 497 506 Qua
523 448 708 505 potes,
745 435 960 490 excusa:
1002 453 1102 490 nec
1127 436 1283 490 amici
1312 435 1495 490 desere
1518 435 1758 491 cauflam.

446 506 577 580 Quo
603 507 739 562 bene
765 505 1012 579 coepisti,
1048 507 1117 561 fic
1144 507 1282 580 pede
1307 507 1512 581 semper
1536 527 1636 564 eas,

124 643 187 692 ¹63.
217 641 337 692 Mea.]
367 643 461 682 Mihi
481 643 595 683 Servi-i
614 643 746 682 codex.

128 695 185 740 65.
213 695 297 740 ἐξω
315 703 407 743 potes
431 694 592 743 excusa.]
647 693 757 732 Multi
788 700 955 740 veteres,
992 696 1115 743 §Quam

71 753 170 795 potes.
197 743 242 781 de
263 756 340 794 quo
364 745 519 783 Remed.
538 745 669 782 Amor.
680 745 733 788 vs.
750 755 833 793 325.
861 744 956 789 dixi;
987 747 1112 784 malim

10 799 13 816 ¹
71 796 181 832 etiam
198 821 208 838 ‚
236 795 387 831 amicam
407 795 547 843 causam
571 822 581 839 ,
608 806 718 845 quam
748 794 866 832 amici.
887 795 935 834 fic
959 797 1115 834 amicum

72 857 192 883 nomen
214 847 293 883 Art.
314 845 404 882 Am.
421 857 448 884 1.
474 844 528 888 fis.
551 845 633 893 585.
661 845 722 883 ubi
746 846 857 893 plura.
873 848 911 883 &
933 847 1048 883 amica
1070 848 1114 884 li-

72 906 131 932 ma
147 895 256 933 Pont.
278 908 322 932 11.
347 895 404 933 El.
423 908 477 933 1v.
513 895 562 934 sic
581 908 708 945 ungues
726 896 832 934 amici
851 896 1021 944 Juvenali
1042 898 1113 937 Sat.

68 955 106 991 y.
123 956 167 983 ex
187 946 346 995 antiquis
366 945 552 984 codicibus
565 974 575 990 ,
607 950 610 951 ’

369 997 472 1040 cuslos
488 996 613 1044 affixus
633 997 759 1036 ibidem
771 1026 782 1043 ‚

114 1045 189 1094 Qui
207 1057 362 1084 numeret
377 1061 531 1096 gemmas
549 1062 741 1100 unguesque
757 1048 907 1098 observet
925 1049 1065 1089 amicos.

40 1101 44 1105 ’
68 1096 128 1136 ubi
147 1107 264 1134 acutos
284 1108 383 1135 nunc
402 1098 545 1147 legitur.
563 1097 662 1151 feffos
691 1099 805 1148 opibus
827 1100 964 1147 fhlatur
985 1101 1108 1139 amicis

65 1147 158 1197 apud
180 1148 380 1185 Maronem
408 1149 578 1193 Acestes,
604 1149 755 1189 AEneid.
778 1162 814 1188 v.
842 1151 879 1188 &
900 1151 1037 1191 ibidem
1061 1165 1107 1192 ex

63 1197 298 1245 yetustiffimo
319 1198 448 1237 codice
470 1200 671 1245 Medice0‚

114 1249 252 1306 Emicat
269 1249 465 1299 Euryalus,
492 1263 535 1292 <9¹
556 1265 698 1290 munere
717 1250 829 1291 vie‘lor
846 1253 956 1292 amico

109 1306 234 1339 Prima
252 1308 356 1341 tenet.

1173 647 1209 683 δε
1232 646 1331 685 diuis
1351 645 1490 695 fi‘latur
1517 646 1639 683 amicis
1667 648 1800 688 eodem
1829 648 1933 688 libl'O.
1977 650 2120 691 HEINsi
2174 652 2217 694 In

1172 695 1339 784 {rancofi
1352 709 1372 735 a
1392 709 1504 736 manu
1524 699 1641 746 prima
1663 709 1759 747 erat,
1786 700 1951 740 amicam.
1969 703 2076 752 desere
2091 706 2218 753 cauffas

1209 759 1319 786 ovan.

1220 812 1281 850 66.
1301 814 1381 860 Qo
1398 811 1476 849 bene
1497 813 1659 864 coepisti]
1706 815 1794 854 Satis
1819 816 1912 855 haec
1931 818 2127 858 cohaerere
2154 822 2212 858 vi-

1165 860 1296 900 dentur
1328 863 1623 911 praecedentibus
1647 893 1657 910 ,
1694 865 1719 903 sl
1747 868 1950 915 tranpolitis
1974 871 2089 908 verbis
2118 872 2210 910 haec

1164 912 1290 961 Elegia
1309 914 1345 950 in
1368 923 1497 951 votum
1517 914 1562 951 de
1585 915 1750 963 processu
1774 918 1810 954 ὅ(
1833 918 2063 958 incremento
2083 922 2209 966 hono:

1163 974 1244 1001 rum
1276 965 1387 1002 amici
1415 964 1553 1002 definat
1576 993 1585 1010 ‚
1625 968 1662 1004 δί
1695 967 1855 1015 legatur,

1215 1022 1267 1060 Sic
1279 1051 1290 1069 ‚
1311 1022 1390 1060 bene
1408 1023 1531 1072 coepisti
1550 1037 1614 1073 que
1632 1024 1715 1075 pede
1728 1052 1738 1070 ‚
1757 1026 1889 1075 semper
1910 1039 1979 1065 eas.

1164 1091 1221 1131 vel
1235 1118 1245 1134 ‚

1213 1152 1287 1197 Sic,
1310 1153 1391 1202 pede
1410 1154 1534 1204 coepisti
1553 1168 1618 1203 que
1635 1154 1713 1193 bene
1727 1184 1736 1199 ‚
1755 1155 1887 1204 semper
1906 1156 1974 1194 easss

1158 1203 1308 1294 Etmlgjs.
1327 1206 1473 1255 plurimi
1493 1205 1654 1255 positum
1676 1208 1744 1245 τῶν
1770 1206 1872 1254 bene,
1900 1207 2033 1258 &pede
2049 1207 2202 1259 variant}

760 1445 1319 1514 ELEGIA
1418 1450 1509 1516 X.

460 1602 518 1657 St
547 1601 702 1667 mihi,
739 1601 931 1675 fitque,
972 1618 1190 1671 precor,
1229 1602 1395 1657 flavae
1421 1604 1583 1657 tutela
1613 1603 1892 1661 Minervae

530 1675 722 1736 Navis;
765 1676 819 1728 ὅζ
847 1677 874 1728 a
900 1674 1036 1746 picta
1064 1673 1258 1728 casside
1284 1694 1483 1730 nomen
1508 1676 1681 1731 habet.

343 1749 466 1802 Sive
493 1763 625 1818 opus
649 1747 722 1802 est
747 1747 906 1807 velis;
949 1746 1221 1800 minimam
1247 1747 1382 1801 bene
1409 1748 1575 1801 currit
1603 1749 1669 1802 ad
1695 1767 1899 1805 auram:

423 1820 546 1875 Sive
572 1836 704 1893 opus
729 1819 803 1876 est
827 1835 1007 1882 rem03
1046 1819 1249 1892 remige
1276 1820 1443 1893 carpit
1469 1821 1587 1874 iter.

34 2027 39 2068 ᾗ
107 2038 139 2067 1.
170 2029 225 2077 Est
244 2030 332 2069 mihi
353 2059 363 2076 ‚
389 2030 504 2084 fitque
526 2042 640 2084 precor
667 2031 786 2085 flavae
816 2031 928 2069 tutela
958 2033 1095 2069 Miner-

31 2075 153 2129 ἧμαι]
193 2081 372 2120 Continet
400 2084 491 2122 haec
512 2085 638 2133 Elegia
661 2085 772 2122 breve
794 2082 982 2132 quoddam
1008 2083 1092 2120 Ho-

42 2128 291 2179 'doeporicum
307 2161 318 2178 ‚
347 2133 421 2171 five
452 2136 680 2174 itinerarium
705 2137 840 2182 poetae
864 2161 875 2178 ,
911 2145 989 2171 non
1009 2134 1092 2183 qui-

51 2177 134 2218 dem
158 2184 269 2221 totius
291 2184 531 2232 profeetionis
548 2187 625 2235 ejus
656 2185 676 2223 a
700 2186 823 2222 Roma
843 2185 880 2221 in
902 2182 1064 2221 Pontum
1080 2212 1091 2229 ,

50 2228 109 2269 sed
127 2241 305 2281 quantum
335 2235 412 2284 ejus
441 2236 485 2274 ab
515 2235 759 2285 Hellesponto
780 2234 824 2272 ad
845 2234 970 2272 locum
992 2234 1092 2273 exilii

51 2282 231 2332 reliquum
252 2285 332 2323 fuit.
361 2286 514 2325 Orditur
535 2296 657 2326 autem
686 2285 706 2324 a
728 2285 835 2324 laude
854 2285 957 2323 navis
987 2285 1063 2334 ejus
1078 2313 1089 2330 2

51 2341 121 2380 qua
147 2331 167 2370 ὲ
206 2333 284 2373 finu
313 2335 554 2375 Corinthiaco
595 2339 630 2375 in
663 2335 945 2384 Hellespontum
974 2347 1088 2383 usque

23 2381 171 2421 -vestus
190 2385 269 2422 fuit.
295 2398 407 2435 quam
430 2389 469 2425 ὃς
498 2388 518 2425 a
547 2388 731 2426 celeritate
756 2385 1017 2428 commendat,
1051 2387 1089 2423 &

48 2431 93 2470 ad
114 2434 150 2471 id
169 2442 314 2482 tempus
328 2465 338 2481 ,
367 2449 530 2486 eumque
549 2438 674 2476 locum
690 2465 700 2481 ,
729 2436 748 2474 a
769 2448 846 2486 quo
867 2436 939 2482 ipse
958 2435 1087 2473 descri-

45 2483 212 2530 ptionem
231 2485 326 2523 hanc
343 2487 490 2534 incipit,
517 2488 748 2525 incolumem
771 2498 813 2523 ac
831 2485 962 2523 salvam
980 2498 1083 2524 man-

36 2530 126 2579 yfiffe
143 2533 242 2572 dicit.
280 2535 396 2583 Optat
417 2538 523 2585 igitur
543 2546 583 2575 ut
602 2538 639 2574 &
661 2537 842 2585 reliquum
863 2537 999 2576 itineris
1021 2548 1081 2573 ea-

22 2581 26 2588 '
47 2581 131 2620 dem
154 2584 388 2632 prosperitate
410 2595 568 2636 peragat.
611 2586 728 2637 quue
749 2587 837 2624 deos
852 2613 862 2630 ,
888 2587 1081 2634 praecipue

45 2640 167 2671 autem
182 2634 369 2674 Castorem
384 2637 422 2674 ὃς
438 2638 623 2675 Pollucem
639 2666 650 2682 ‚
671 2645 844 2685 precatur.
885 2637 1083 2675 Caeterum

48 2681 203 2723 dubitari
223 2687 316 2724 circa
345 2688 440 2725 hanc
470 2688 632 2737 Elegiam
664 2688 776 2732 solet,
805 2695 925 2725 utrum
948 2687 994 2724 de
1014 2699 1084 2725 una

47 2735 152 2780 navi,
180 2747 222 2773 ac
246 2736 305 2775 sua
331 2746 476 2776 tantum
502 2747 583 2787 agat
612 2740 728 2776 Poeta
751 2765 762 2782 ,
789 2749 835 2776 an
857 2737 902 2776 de
923 2737 1084 2784 duabus,

47 2793 236 2833 propterea
255 2788 358 2836 quod
378 2790 470 2827 circa
487 2788 599 2826 finem
624 2789 766 2837 inquit,

97 2843 229 2882 Altera
247 2858 398 2894 namque
412 2856 518 2895 parat
537 2846 776 2896 Symplegadas
794 2847 842 2885 ire
861 2855 920 2895 per
941 2846 1035 2883 altas
1047 2873 1057 2890 ‚

155 2895 283 2934 Altera
305 2896 469 2944 Bistonias
479 2897 635 2946 scindere
645 2898 763 2947 puppis
781 2911 891 2949 aquas
904 2925 914 2941 ‚
942 2909 1015 2936 επ.

49 2959 108 3000 'Ac
126 2963 270 3004 Merula
304 2968 455 3016 quidem
477 2968 514 3004 in
542 2978 583 3004 ea
612 2967 791 3015 opinione
810 2967 883 3010 est,
910 2975 950 3004 ut
979 2973 1082 3014 putet

50 3009 96 3068 fle
114 3013 249 3054 duabus
275 3017 555 3066 intelligendum
574 3016 656 3054 effe.
684 3018 808 3055 Altera
826 3018 982 3060 scilicet,
1009 3027 1081 3064 qua

51 3061 124 3108 lpse
142 3075 250 3112 poeta
268 3068 415 3113 vectus,
444 3069 604 3117 primum
626 3069 776 3116 quidem
798 3069 834 3105 in
855 3067 1052 3105 Thraciam
1070 3094 1080 3111 ‚

50 3110 181 3168 deinde
204 3117 241 3154 in
262 3117 392 3156 finistra
413 3120 519 3157 maris
539 3126 637 3166 parte
663 3118 863 3156 secundum
892 3119 990 3156 littus
1012 3117 1082 3154 Be-

49 3167 162 3202 ticum
184 3166 221 3204 in
247 3168 407 3207 Pontum
434 3170 473 3207 ὅτ
503 3169 663 3206 Tomon
694 3169 928 3217 pervenerit:
959 3168 1085 3206 Altera

51 3220 172 3251 autem
187 3242 198 3259 ,
223 3227 317 3265 quae
340 3219 455 3268 ipsum
473 3219 516 3257 ad
529 3219 810 3266 Hellespontum
832 3230 968 3268 usque,
998 3219 1084 3255 &in

51 3259 334 3306 Samothraciam
364 3271 563 3314 comitata,
591 3270 712 3317 postea
741 3271 778 3307 in
799 3269 986 3307 dexteram
1006 3279 1085 3316 par-

53 3315 128 3352 tem
154 3315 268 3354 rursus
298 3318 512 3367 deflexerit,
548 3320 652 3360 suum
683 3332 725 3360 ac
741 3321 931 3370 proprium
963 3318 1084 3366 domis

231 3371 325 3408 Tem.
353 3375 418 3408 ΙΙΙ.

2075 1893 2194 1950 Nec

1148 2031 1399 2070 numsecuta.
1442 2031 1512 2071 Sed
1534 2031 1683 2078 dehac,
1706 2033 1791 2082 quia
1813 2043 1934 2082 neque
1957 2030 1992 2069 in
2023 2032 2091 2070 hac
2110 2032 2195 2070 Ele-

1146 2085 1204 2131 gia
1218 2111 1228 2127 ,
1257 2094 1378 2131 neque
1399 2082 1482 2121 alibi
1505 2084 1632 2121 clarius
1653 2095 1695 2120 ac
1719 2085 1848 2121 certius
1867 2082 2002 2132 aliquid
2022 2083 2188 2128 traditur,

1148 2144 1219 2181 ego
1241 2133 1521 2182 descriptionem
1545 2135 1639 2171 hanc
1659 2133 1866 2182 fimpliciter
1887 2133 2028 2181 accipio
2041 2134 2085 2172 de
2098 2145 2192 2178 una,

1147 2195 1263 2232 eaque
1284 2184 1357 2221 sola
1380 2184 1464 2221 navi
1487 2211 1497 2229 ,
1534 2195 1606 2232 qua
1637 2184 1752 2221 Po‘e'ta
1773 2183 1794 2221 ὲ
1821 2193 1930 2234 portu
1958 2184 2130 2222 Corinthi
2151 2185 2191 2221 in

1147 2233 1347 2272 Thraciam
1374 2246 1488 2284 usque
1518 2234 1656 2273 delatus
1683 2235 1824 2278 fuerit,
1862 2246 1956 2284 quae
1973 2234 2105 2273 deinde
2128 2246 2192 2281 per

1145 2285 1318 2333 angustias
1352 2284 1581 2333 Hellesponti
1618 2287 1654 2323 in
1685 2285 1947 2333 Propontidem
1973 2313 1983 2329 ‚
2027 2287 2189 2333 indeque

1146 2335 1260 2373 rursus
1278 2347 1339 2384 per
1366 2335 1597 2383 Bosphorum
1626 2335 1830 2373 Thracium
1860 2337 1895 2373 in
1926 2336 2109 2379 Pontum,
2134 2344 2188 2370 at-

1144 2396 1218 2432 que
1236 2387 1282 2423 ita
1304 2386 1438 2423 sinistro
1460 2388 1549 2423 mari
1570 2386 1728 2423 Tomon
1745 2386 1882 2423 abierit.
1909 2386 2039 2422 Versus
2059 2395 2183 2423 autem

1143 2436 1190 2473 de
1209 2436 1344 2474 duabus
1379 2437 1529 2473 navibus
1556 2435 1656 2483 supra
1680 2436 1807 2472 citatos
1844 2436 2093 2482 metaphorice
2123 2445 2185 2473 ac-

1142 2486 1265 2533 cipio,
1295 2496 1332 2523 ut
1354 2488 1481 2532 puppis
1508 2485 1614 2522 altera
1631 2513 1641 2527 ‚
1669 2496 1735 2532 pro
1763 2484 1887 2528 cursu,
1915 2485 2024 2527 serie,
2052 2486 2183 2523 itinere

1140 2537 1292 2574 terrestri
1313 2545 1493 2584 ponatur,
1521 2547 1568 2572 eo
1590 2535 1723 2573 scilicet
1752 2534 1797 2572 de
1821 2546 1896 2583 quo
1920 2534 1991 2581 ipse
2013 2536 2104 2572 infra
2126 2535 2183 2575 di-

1139 2594 1210 2631 cit,

1194 2642 1293 2674 Nam
1331 2635 1422 2673 mihi
1458 2635 1617 2683 Bistonios
1648 2633 1776 2684 placuit
1799 2634 1879 2683 pede
1914 2644 2045 2684 carpere
2085 2648 2182 2674 cam-

1338 2702 1392 2731 os,
1420 2697 1492 2726 (γε.

1142 2738 1241 2775 Nam
1265 2738 1301 2775 ἃ
1315 2696 1403 2776 liubi
1422 2737 1466 2775 de
1488 2736 1634 2774 diversis
1654 2735 1891 2783 profectionis
1910 2735 1991 2773 suae
2014 2736 2078 2774 viis
2097 2749 2177 2776 me-

1141 2790 1272 2832 minit,
1301 2798 1340 2826 ut
1360 2790 1451 2826 infra
1468 2788 1527 2825 lib.
1549 2799 1611 2824 ιιι.
1633 2786 1734 2833 Eleg.
1755 2799 1800 2822 11.

1191 2839 1323 2875 Ultima
1344 2852 1436 2875 nunc
1451 2838 1583 2886 patior,
1597 2849 1654 2872 nec
1673 2849 1726 2871 me
1744 2849 1839 2872 mare
1859 2835 2020 2879 portubus
2039 2838 2177 2881 orbum,

1241 2889 1383 2925 Perdere
1402 2888 1556 2936 diversae
1575 2899 1634 2923 nec
1646 2895 1779 2935 potuere
1801 2887 1892 2925 viae.

1138 2953 1185 2991 Et
1202 2951 1262 2989 lib.
1283 2964 1317 2997 4.
1344 2952 1446 3001 Eleg.
1469 2964 1495 2989 1.

1187 3015 1280 3060 Jure
1301 3014 1380 3051 deas
1400 3014 1506 3062 igitur
1528 3027 1669 3051 veneror
1688 3013 1784 3050 mala
1805 3013 1915 3060 nostra
1936 3013 2117 3058 levantes,

1236 3065 1405 3101 sollicitae
1427 3065 1562 3101 comites
1577 3092 1586 3107 ,
1614 3078 1654 3099 ex
1677 3065 1851 3106 Helicone,
1869 3067 1998 3110 jugae,

1186 3120 1232 3152 Et
1248 3117 1380 3162 partim
1396 3116 1508 3163 pelago
1525 3142 1533 3155 ,
1562 3116 1692 3163 partim
1719 3114 1854 3160 vestigia
1875 3126 1965 3150 terra
1978 3141 1988 3158 ‚

1242 3165 1299 3201 Vel
1319 3176 1394 3201 rate
1414 3165 1573 3213 dignatas
1588 3192 1597 3208 ,
1626 3164 1681 3199 vel
1696 3166 1776 3213 pede
1794 3164 2022 3213 nostrasequi.

1142 3217 1235 3255 Item
1255 3215 1301 3252 de
1324 3216 1443 3253 Ponto
1466 3216 1524 3251 lib.
1545 3226 1597 3251 iv.
1617 3215 1713 3262 Lleg.
1739 3228 1772 3251 v.

1193 3264 1312 3314 Tefibi
1332 3279 1408 3301 cum
1423 3267 1556 3311 sugeret
1570 3293 1579 3308 ‚
1609 3265 1748 3301 memori
1760 3264 1844 3314 fialet
1867 3278 1919 3302 ore
1943 3265 2064 3312 referre
2077 3267 2091 3307 ‚'

1239 3315 1430 3355 Barbariae
1448 3325 1543 3353 imas
1565 3315 1744 3365 exhibuisse
1764 3316 1855 3354 vias.

1317 3368 1426 3415 Qqq

2091 3365 2178 3407 Sani
