2495 3675
240 235 360 284 ¹260

774 223 837 282 P.
909 212 1325 280 0V1D11
1398 206 1925 266 NASONIS

408 357 508 409 355
549 341 719 414 Quod
742 341 879 395 bene
906 336 1122 394 mutarit
1160 329 1340 388 sedem
1368 321 1752 405 Berecynthia,
1789 320 1925 377 dixit
1943 345 1965 385 ς

626 414 860 487 Captant
885 409 1098 467 mutatis
1124 403 1331 460 sedibus
1357 415 1519 453 omen
1546 396 1711 476 idernt

553 486 874 549 Institeram,
913 498 1076 555 quare
1105 476 1261 549 primi
1291 469 1577 543 Megalesia
1603 467 1713 522 ludi
1823 539 1833 549 .

636 559 784 614 Urbe
810 558 986 612 forent
1015 551 1217 607 nostra:
1259 563 1382 600 cum
1407 545 1526 598 Dea
1552 538 1727 611 (sensit
1751 556 1896 594 enim
1920 540 1958 608 z)

555 632 642 688 Illa
670 633 843 692 Deos,
881 627 1086 701 inquit,
1122 619 1349 694 peperit.
1389 615 1586 671 cessere
1610 613 1843 685 parenti:

421 710 521 770 360

632 703 1070 774 principiumque
1097 696 1209 751 dati
1234 691 1414 746 Mater
1439 689 1658 742 honoris
1684 684 1858 739 habet.

563 777 677 831 Cur
703 776 865 847 igitur
890 772 1102 834 Gallos,
1140 766 1230 840 q-ui
1258 764 1309 818 se
1331 761 1612 821 excidere,
1650 758 1931 812 vocamus?

643 849 788 903 Cum
813 861 963 902 tanto
990 842 1220 914 Phrygia
1245 835 1450 891 Gallica
1478 830 1631 886 distet
1657 829 1881 884 liumus?

566 920 736 984 Inter,
762 921 861 983 ait,
899 916 1129 973 viridem
1158 909 1402 982 Cybelen
1425 906 1656 976 altasque
1681 902 1963 965 CelaenaS,

637 994 828 1048 Amnis
855 993 895 1047 it
923 989 1129 1050 insana,
1170 982 1391 1040 nomine
1419 977 1636 1038 Gallus,
1675 976 1826 1047 aqua..

2314 1048 2424 1120 Qui

273 1209 335 1258 ‘per
355 1205 463 1245 habui
477 1205 622 1257 sodales.
673 1205 879 1243 Sodalitates
907 1214 1026 1242 autem
1058 1216 1111 1241 me
1139 1194 1322 1252 §Quaeflotre
1375 1191 1505 1242 ponit,
1533 1202 1603 1229 nec
1633 1188 1806 1238 cuiquam
1835 1185 2030 1225 obtrudere
2052 1184 2171 1224 invito
2195 1195 2330 1224 vocem
2353 1196 2424 1225 no-

281 1260 480 1306 constitutae
495 1260 581 1307 sunt
593 1256 704 1307 sacris
721 1257 827 1294 Idaeis
849 1263 999 1304 Magnae
1014 1253 1144 1292 Matris
1165 1257 1322 1296 acceptu:

278 1309 443 1359 epulabar
463 1310 568 1358 igitur
588 1322 665 1345 cum
674 1307 851 1356 fhdalibus
873 1307 1010 1344 omnino
1034 1303 1173 1342 modice.
1220 1299 1326 1354 Sacrja

262 1362 446 1408 ‘accipere
465 1388 475 1404 ,
511 1361 549 1398 &
573 1359 746 1404 μνεῒσθκι,
775 1358 872 1396 idem
890 1386 899 1402 ,
928 1358 1002 1395 five
1025 1353 1256 1391 ἑποπτείειντ
1279 1347 1324 1404 ¹li·

281 1419 340 1448 cet
363 1410 555 1459 distinguat
577 1419 678 1447 vetus
697 1410 871 1456 interpres
883 1406 1180 1457 Aristophanisin
1193 1403 1321 1439 Ranls:

262 1463 326 1500 ῥ’οῙ
346 1460 366 1510 5
387 1460 433 1499 ‘rol
451 1461 597 1512 μυςῆριοι
619 1460 945 1517 ωῧὲθιλοιμζοὲνοιτες
968 1489 978 1508 .,
1017 1461 1124 1509 μῦς-αι
1145 1455 1325 1493 καλὲντιιι·

284 1516 352 1566 0ἷῇ
480 1518 631 1558 λκςόντες
661 1515 754 1554 au’rd
775 1546 785 1566 ‚
814 1521 861 1567 ’τῷ
891 1510 990 1556 αὖθις
1021 1513 1163 1562 ἐνιαυτῷ
1190 1509 1326 1566 ἒφοῇἶῖῗῑ

284 1569 333 1609 va*
351 1587 497 1623 μυςκριοι
525 1577 556 1625 ’53
585 1569 792 1610 ἒποπτεῦεε-ι.
824 1572 1000 1608 NEAPOL.
1025 1573 1328 1605 Ineantconvtvta

283 1625 457 1675 quaedam
473 1627 530 1669 ,ὃς
545 1625 769 1662 concelebrent
791 1624 954 1672 sequenti
968 1622 1070 1659 versu
1093 1629 1232 1658 veteres
1254 1619 1329 1665 ple-

283 1677 401 1725 rique.
427 1677 494 1714 Sed
509 1676 647 1714 &illud
667 1681 755 1711 Tum
768 1675 874 1722 magis
887 1673 994 1710 habui
1008 1671 1205 1720 aliquando
1225 1681 1331 1706 meii-

284 1726 428 1764 dosum.
468 1727 550 1765 Nec
580 1726 790 1764 dubitabam
822 1726 884 1762 sub
906 1726 947 1762 iis
967 1724 1082 1760 verbis
1103 1732 1243 1760 nomen
1267 1719 1330 1756 ali-

284 1777 390 1826 quod
418 1777 530 1815 latere
560 1776 741 1824 peculiare
766 1803 775 1818 ‚
815 1787 891 1824 quo
922 1773 1125 1811 istiusmodi
1157 1771 1330 1810 convivia

283 1826 379 1865 ludis
402 1826 668 1876 Megalensibus
691 1825 849 1864 instituta
866 1824 1148 1873 designarentur.
1196 1820 1333 1860 Gellius

287 1887 413 1924 autem
433 1891 500 1915 nos
522 1879 633 1916 docet
649 1877 710 1915 lib.
733 1889 778 1914 11.
798 1888 874 1925 cap.
897 1888 954 1921 24.
981 1876 1017 1912 ὅ(
1047 1875 1105 1913 lib.
1126 1886 1240 1911 xv111.
1256 1883 1334 1920 cap.

287 1940 323 1966 2.
354 1929 527 1965 Mutitare
547 1928 620 1966 sive
644 1927 836 1964 mutuitare
868 1929 969 1974 (nam
999 1925 1044 1964 de
1072 1925 1233 1963 leetione
1257 1934 1334 1960 non

286 1978 367 2017 satis
387 1979 551 2027 constat)
580 1978 706 2017 dixisse
736 1987 877 2016 veteres
901 2005 911 2021 ,
948 1989 1014 2026 pro
1042 1975 1216 2014 convivia
1244 1972 1336 2012 inire

287 2029 571 2079 Megalensibus.
598 2038 707 2079 atque
729 2030 802 2067 huc
823 2027 981 2066 alludere
1004 2027 1186 2065 Ovidium
1219 2037 1263 2063 ex
1284 2024 1336 2062 se-

289 2082 418 2129 quenti
444 2081 546 2118 versu
575 2081 804 2129 colligebam.
832 2079 1026 2115 mutuitare
1056 2089 1180 2115 aurem
1209 2087 1335 2113 veram

274 2129 359 2168 else
380 2130 582 2169 leffionem
603 2130 699 2178 apud
720 2131 882 2168 Gellium
901 2130 1037 2176 opinor
1051 2156 1060 2173 ,
1088 2139 1199 2177 quam
1223 2128 1258 2164 8<
1273 2138 1338 2163 co-

290 2181 361 2219 dex
375 2182 522 2230 scriptus
542 2183 706 2230 optimae
726 2190 838 2219 notae
861 2179 1066 2218 confirmat.
1093 2190 1133 2215 ut
1145 2178 1339 2215 mutuitare

290 2231 333 2270 fit
352 2231 491 2269 dietum
513 2244 578 2280 pro
599 2242 772 2268 mutuare.
799 2231 898 2269 unde
926 2231 1095 2267 mutuiter
1122 2241 1189 2278 pro
1218 2228 1340 2265 mutub

291 2281 390 2331 apud
407 2282 615 2320 Varronem
637 2282 724 2320 teste
754 2282 896 2319 Nonio.
949 2282 1076 2329 Quare
1111 2281 1148 2317 ὃς
1180 2279 1338 2316 mutuita

293 2333 386 2370 haec
407 2334 582 2371 convivia
605 2332 796 2370 arbitrabar
816 2330 918 2371 fuiffe
938 2332 1045 2368 dicta.
1073 2342 1114 2367 ac
1134 2330 1288 2379 proinde
1302 2331 1339 2366 in

294 2383 432 2422 Nostro
454 2383 682 2422 scribendum
706 2384 808 2432 (nam
835 2383 915 2420 libri
935 2383 1106 2420 meliores
1122 2409 1131 2426 ,
1156 2385 1245 2417 Tum
1263 2393 1340 2418 ma-

293 2434 378 2483 sis)

347 2501 423 2534 Cur
443 2495 578 2534 vicibus
586 2496 698 2544 fae‘lis
714 2495 836 2534 ineunt
855 2496 1043 2541 convivia,
1070 2497 1212 2546 quaefh,

399 2548 563 2584 Mutuita
578 2576 587 2592 ‚
617 2548 766 2585 indifias
785 2548 1082 2597 concelebrantque
1099 2549 1198 2597 dapes
1210 2556 1227 2585 ἓ

295 2620 362 2656 pro
385 2608 520 2646 vicibus
532 2610 640 2656 fastis
663 2611 772 2648 etiarn
789 2610 900 2658 pactis
920 2610 1118 2658 legendum
1140 2610 1252 2648 rebar.
1281 2620 1341 2647 ce-

298 2668 418 2696 teruiii
460 2661 693 2708 patriciorum
732 2659 834 2698 fuiise
865 2660 1132 2707 Megalensibus
1165 2661 1342 2697 mutuita-

301 2719 338 2744 τε
354 2737 363 2752 ,
392 2710 503 2757 plebis
523 2711 731 2749 Cerealibus
744 2737 755 2754 ,
767 2710 865 2748 idem
881 2710 1018 2746 Gellius
1032 2709 1142 2746 docet
1159 2709 1345 2746 lib.xv111.

302 2769 377 2806 cap.
398 2772 431 2797 2.
459 2760 535 2810 quo
552 2762 706 2811 respexit
732 2760 830 2798 haud
858 2759 965 2797 dubie
993 2759 1179 2806 Juvenalis
1202 2759 1272 2795 Sat.
1293 2770 1346 2795 vi.

303 2808 357 2850 sss-
377 2815 434 2857 (29.
464 2823 546 2849 cum
577 2812 602 2849 ὰ
624 2811 756 2860 plebejis
784 2811 875 2859 longe
904 2808 1084 2858 Megalesia
1102 2809 1215 2852 dixit,
1244 2808 1346 2858 quod

305 2861 540 2906 patriciorum
573 2863 704 2899 festum
738 2860 823 2899 effer
848 2888 858 2904 ,
895 2861 998 2910 quod
1027 2861 1240 2908 interpretes
1269 2870 1346 2896 non

304 2920 511 2957 percepere.
549 2912 695 2949 Heius.
747 2915 879 2948 Coeant
911 2910 1076 2947 convivia
1106 2921 1209 2947 unus.
1246 2909 1349 2958 quod

305 2959 445 2996 dietum
478 2960 563 2998 effer
587 2990 596 3005 ‚
634 2972 671 2999 ut
698 2962 783 2998 coire
803 2962 999 3010 societatem
1020 2989 1029 3004 ,
1069 2961 1201 2998 Cicero
1233 2961 1270 2997 &
1290 2961 1351 2998 alii

306 3008 487 3047 dixerunt.
515 3012 648 3048 vicibus
669 3011 805 3060 aliquid
823 3014 943 3058 facere
963 3011 1059 3049 recle
1090 3011 1160 3048 dici
1179 3010 1222 3048 ad
1244 3010 1303 3049 lib.
1324 3024 1350 3049 1.

308 3060 498 3097 Memmi.
528 3061 763 3099 ostendimus.
790 3062 864 3106 Jac.
884 3063 1000 3098 Gron.
1031 3061 1076 3098 ad
1105 3061 1200 3099 Geil.
1226 3074 1257 3098 11
1292 3073 1350 3109 24.

308 3110 437 3148 acerbe
467 3110 546 3148 satis
578 3112 616 3147 in
658 3110 850 3147 Heinsiuin
883 3112 1067 3148 invehitur
1089 3139 1099 3155 ‚
1145 3112 1245 3161 quoti
1277 3114 1353 3150 for-

309 3173 410 3198 mare
439 3160 638 3198 stistinuerit
664 3172 801 3198 novam
833 3171 966 3197 vocem
998 3162 1172 3198 mutunus
1194 3191 1204 3205 ‚
1250 3165 1350 3211 qu‘us

293 3212 475 3249 -nuiiaeit
495 3212 702 3249 auctoritas.
720 3212 876 3248 fatemur
897 3210 1067 3260 equidem
1093 3213 1273 3260 vulgatam
1296 3215 1348 3251 le-

312 3263 474 3300 ctionem
509 3262 588 3300 satis
627 3261 722 3299 bene
754 3261 787 3299 se
813 3262 959 3298 habere.
1003 3272 1079 3298 tum
1109 3263 1218 3311 magis
1246 3265 1346 3301 enini

1378 1254 1466 1280 vain
1490 1242 1619 1279 voluit.
1647 1239 1778 1277 Romi.

1433 1304 1516 1341 354.
1547 1290 1741 1339 Indiam]
1804 1289 1953 1337 Proprie
1981 1287 2026 1327 de
2053 1299 2129 1325 tion
2161 1288 2300 1324 vocatis
2322 1314 2332 1330 ‚
2366 1286 2426 1326 sed

1381 1344 1445 1392 qui
1465 1343 1592 1390 sponte
1613 1341 1768 1377 veniunt
1787 1340 1829 1377 ad
1849 1340 1982 1388 epulas.
2011 1340 2107 1376 Suet>
2128 1339 2268 1375 Neron.
2284 1349 2341 1383 27.
2372 1344 2430 1375 In-

1384 1393 1517 1431 dicebat
1535 1389 1831 1437 &familiaribus
1853 1403 1977 1426 coenas.
2006 1391 2101 1428 ita&
2115 1389 2240 1426 Vitell.
2268 1400 2322 1437 13.
2344 1389 2430 1426 Ma-

1383 1444 1417 1482 le
1436 1445 1648 1492 interpretes
1669 1440 1689 1478 a
1711 1440 1953 1479 sacerdotibus
1972 1439 2122 1477 indicias
2142 1441 2298 1488 capiunt.
2330 1443 2432 1485 inve-

1385 1497 1457 1532 flas
1479 1497 1514 1532 in
1531 1496 1666 1531 Ma7ar.
1681 1493 1787 1529 male.
1815 1505 1874 1528 cur
1901 1489 2128 1539 celebremque
2140 1490 2278 1528 Sarrav.
2297 1489 2430 1530 BURM.

1439 1557 1524 1594 359.
1553 1544 1619 1581 Illa
1642 1543 1770 1592 Deos.]
1800 1544 1858 1579 En
1879 1540 2050 1579 caussam.
2098 1540 2222 1578 NEAP.

1439 1598 1522 1645 361.
1550 1595 1674 1643 {Qcise
1691 1593 1863 1637 excidere,
1893 1590 2091 1640 vocamus]
2123 1591 2157 1628 A
2171 1591 2279 1628 Gallo
2294 1592 2431 1642 ,Phry-

1385 1647 1467 1696 giae
1487 1647 1640 1684 flumine
1662 1657 1670 1681 ε
1700 1644 1828 1682 auctor
1853 1645 2056 1692 Stephanus
2079 1669 2088 1685 ,
2126 1643 2165 1679 &
2198 1642 2430 1683 Herodianus

1386 1699 1478 1736 libro
1509 1698 1660 1745 primo:
1699 1695 1760 1732 Ἐν
1781 1695 1822 1730 δὲ
1843 1696 1894 1741 ’τῷ
1926 1693 2152 1739 προειρημένῳ
2182 1695 2431 1738 Πεσσινοῖντι,

1388 1751 1508 1787 πάλαι
1527 1750 1591 1792 μὲν
1612 1748 1743 1791 Φρύγες
1772 1744 1951 1790 &miezae
1971 1743 2035 1779 ἐπὶ
2059 1746 2106 1790 τῷ
2128 1745 2280 1790 ποταμῷ
2299 1746 2432 1791 Γάλλῳ
2473 1763 2476 1766 ·

1388 1794 1616 1844 παραιρ’ῥέουτι
1638 1826 1648 1842 ,
1687 1791 1758 1844 ἀφ’
1778 1791 1816 1832 οὗ
1842 1800 1906 1837 τῆν
1925 1795 2129 1838 ἐπωνυμὶκν
2154 1794 2316 1840 Φέρουσιν
2338 1795 2369 1831 οἱ
2390 1796 2434 1842 τῇ

1390 1850 1446 1898 θεῷ
1469 1850 1586 1891 ταμίαι
1606 1849 1790 1894 ἱερωμένη.
1819 1846 1902 1884 Hos
1925 1857 2011 1884 vere
2030 1846 2147 1883 domo
2167 1844 2294 1882 Gallos
2317 1845 2434 1883 credi-

1389 1902 1442 1941 dit
1463 1901 1745 1948 Hieronymus,
1772 1909 1891 1947 quos,
1918 1897 1955 1935 in
1989 1908 2149 1945 poenam
2181 1897 2225 1932 ab
2257 1896 2324 1933 illis
2342 1895 2434 1934 olim

1391 1959 1620 2001 expugnatae
1642 1949 1735 1987 urbis
1750 1977 1759 1994 ‚
1789 1948 1951 1986 Romani
1977 1948 2174 1985 evirarent.
2210 1946 2332 1984 Verba
2354 1946 2434 1986 sunt

1392 2005 1428 2042 in
1452 2015 1528 2052 cap.
1550 2013 1605 2039 IV.
1627 2001 1746 2038 Oseae
1761 2027 1771 2044 ,
1802 1999 1859 2037 sed
1877 1998 2130 2036 hallucinatur.
2159 1998 2284 2035 NEAP.

1446 2055 1529 2102 362.
1557 2057 1650 2089 Cum
1676 2061 1820 2088 tantum
1852 2049 1877 2086 ὰ
1908 2047 2062 2098 Phrygia
2090 2047 2227 2085 Gallica
2248 2047 2346 2096 distet
2371 2048 2439 2086 hu-

1394 2103 1513 2152 mus.]
1544 2108 1635 2140 Cum
1659 2112 1758 2139 tantv
1787 2099 1909 2138 Ursin.
1929 2100 2053 2137 PetaV.
2076 2100 2114 2138 δε
2132 2099 2232 2136 alius.
2289 2099 2331 2135 Iri
2352 2100 2438 2136 Ma·

1395 2166 1464 2192 zar.
1489 2152 1591 2192 Voff.
1633 2152 1777 2190 Arond.
1817 2149 1958 2189 duobus
1998 2150 2074 2188 aliis
2125 2151 2165 2186 τὸ
2202 2147 2227 2184 ὰ
2269 2160 2345 2185 non
2376 2161 2440 2197 ap-

1397 2213 1508 2253 paret.
1544 2204 1632 2241 alter
1665 2204 1889 2246 Puteaneus,
1918 2200 2187 2237 Galliahumus.
2225 2197 2272 2235 sic
2303 2199 2442 2238 Galliae

1398 2255 1555 2292 mul-eres
1570 2253 1664 2302 apud
1689 2252 1877 2290 Salustium
1900 2262 1967 2298 pro
1999 2249 2164 2293 Gallicis,
2192 2249 2279 2286 teste
2298 2250 2443 2291 Nonio.

1397 2306 1515 2342 Gallia
1537 2316 1630 2341 terra
1652 2303 1747 2351 apud
1774 2305 1818 2339 A.
1839 2301 2000 2338 Gellium
2022 2300 2113 2337 libro
2134 2312 2178 2336 11.
2202 2311 2279 2348 cap.
2299 2311 2358 2338 22.
2380 2301 2440 2339 lib.

1398 2369 1462 2394 111.
1484 2367 1561 2404 cap.
1587 2367 1641 2392 10.
1671 2364 1765 2389 terra
1793 2351 1941 2388 Graecia
1963 2350 2058 2399 apud
2079 2349 2239 2388 eundem
2268 2351 2443 2400 frequen-

1398 2416 1464 2445 ter.
1492 2419 1585 2443 terra
1611 2404 1728 2441 Italia.
1756 2402 1898 2440 Umbria
1918 2412 2012 2438 terra
2036 2400 2096 2438 lib.
2117 2414 2182 2438 111.
2204 2413 2281 2448 cap.
2302 2413 2348 2439 11.
2371 2412 2440 2439 ter-

1399 2471 1439 2495 ra
1460 2457 1576 2494 Sicilia
1594 2456 1653 2493 lib.
1676 2467 1740 2491 111.
1771 2466 1846 2501 cap.
1871 2464 1903 2498 7.
1931 2463 2024 2488 terra
2054 2451 2157 2488 inflia
2177 2451 2267 2489 libro
2291 2465 2342 2490 ix.
2365 2464 2442 2502 cap.

1398 2521 1432 2555 4.
1468 2518 1560 2545 terra
1581 2507 1705 2552 Africa
1737 2506 1965 2553 Hispaniaque
1983 2502 2075 2539 libro
2100 2515 2131 2539 x.
2166 2514 2242 2550 cap.
2270 2514 2327 2549 27.
2350 2513 2444 2540 terra

1398 2559 1541 2596 Baeotia
1567 2557 1627 2595 lib.
1649 2568 1718 2594 xn.
1740 2567 1816 2605 cap.
1837 2568 1870 2604 ς.
1907 2566 2001 2591 ιεννα
2024 2550 2111 2603 Asta
2133 2552 2224 2591 libro
2257 2565 2339 2592 xix.
2368 2565 2447 2601 cap.

1397 2622 1433 2658 9.
1463 2610 1608 2647 Hmus.

1454 2661 1538 2709 36²·
1565 2657 1733 2708 Gallica]
1762 2657 1866 2696 Hinc
1886 2663 1977 2705 puto
1992 2656 2155 2706 liquere,
2181 2663 2273 2691 cura
2291 2652 2446 2702 Proper·

1401 2711 1454 2748 tio
1474 2710 1532 2747 lib.
1563 2721 1606 2746 11.
1636 2721 1670 2747 x,
1691 2708 1931 2755 47sdicatur:

1456 2760 1491 2796 Si
1510 2770 1586 2796 tam
1610 2758 1795 2807 longaevae
1817 2757 1987 2806 minuiffet
1997 2757 2082 2802 fata
2096 2754 2273 2801 senellae,

1510 2809 1664 2846 Gallicus
1691 2810 1814 2845 Iliacus
1830 2809 1924 2846 miles
1944 2808 1980 2842 in
1999 2803 2183 2853 aggeribus.

1405 2859 1506 2911 quod
1536 2870 1728 2907 tantopere
1762 2862 1800 2897 ὅ(
1828 2860 2018 2895 Muretuni
2054 2856 2088 2891 &
2122 2855 2210 2892 alios
2237 2855 2449 2905 interpretes

1407 2912 1586 2949 exercitos
1632 2910 1768 2948 habuit.
1817 2909 1967 2945 Douza.
2020 2905 2106 2943 Vid.
2146 2906 2194 2943 ibi
2230 2905 2447 2947 Broukhusii

1404 2972 1522 3000 notas.

1463 3014 1545 3060 363.
1574 3010 1748 3060 Altasque
1769 3006 1965 3056 Celaenas.]
1984 3007 2028 3044 Et
2050 3017 2157 3044 moris
2177 3007 2214 3044 ὃς
2237 3008 2318 3046 urbs
2341 3016 2446 3047 vetus

1406 3064 1444 3102 in
1465 3062 1602 3100 eodem
1628 3059 1689 3097 lita
1725 3059 1772 3096 est
1801 3059 1907 3106 hujus
1937 3058 2110 3095 nominis.
2137 3058 2264 3096 Strabo
2294 3059 2354 3096 lib.
2376 3071 2448 3097 xii.

1407 3113 1453 3150 de
1476 3110 1680 3150 Maeandro
1704 3123 1711 3147 :
1745 3109 1930 3155 Ἀρχεται
1961 3109 2001 3143 δεῖ
2029 3108 2104 3144 ἀπὸ
2133 3111 2313 3144 Κελαινῶν
2332 3110 2448 3156 λόφου

1408 3164 1520 3208 wag,
1543 3162 1578 3198 ἐν
1599 3157 1742 3208 ᾦπὸλις
1762 3158 1798 3202 ’γ’,ν
1818 3162 1989 3205 ὀμώνιμος
2014 3161 2063 3205 τῷ
2083 3158 2193 3206 λόφῳ.
2222 3160 2309 3197 Dixi
2323 3173 2444 3202 vetus:

1404 3224 1489 3252 narn
1515 3211 1640 3255 desiit,
1668 3214 1840 3260 civesque
1864 3213 1897 3247 in
1922 3213 2149 3258 Apamacam
2169 3221 2306 3247 novam
2322 3212 2446 3248 urbem

1405 3263 1593 3307 translati,
1638 3262 1734 3299 haud
1768 3259 1936 3309 procula
1970 3261 2150 3297 veteribus
2171 3260 2359 3297 Celaenis:
2391 3272 2456 3298 cu-

308 3314 357 3350 est
377 3340 387 3356 ‚
416 3325 462 3349 eo
481 3312 570 3350 festo
597 3313 719 3361 potius
757 3323 867 3361 quam
893 3312 966 3349 alio
991 3320 1173 3360 tempore.
1203 3313 1260 3351 sed
1283 3314 1349 3352 du·
1402 3316 1461 3365 jus
1485 3313 1711 3363 migrationis
1737 3311 1863 3350 auctor
1892 3312 1984 3366 olim
2016 3311 2083 3349 fuit
2107 3311 2314 3349 Antiochus
2335 3311 2466 3349 Soter.

307 3363 463 3402 bitariter
483 3362 688 3402 admodum
703 3361 877 3401 Heinsius
895 3362 1135 3413 suspicionem
1152 3363 1249 3402 suam
1264 3376 1349 3413 pro·

1407 3366 1589 3404 Nuper.

2217 3413 2297 3462 364.
2323 3409 2453 3449 Amnis
