2495 3675
0 3414 9 3675 ae.—⁴..-⁴‚⁴

420 125 1058 186 TRISTIUM
1133 126 1327 183 Lm.

1401 129 1484 184 111.
1560 132 1731 187 Eme.
1767 135 1885 191 XII.

2107 158 2208 209 595

357 229 596 304 Quoque
623 230 746 286 loco
771 230 844 285 est
872 231 1018 294 vitiS,
1058 230 1126 286 de
1151 230 1366 302 palmite
1390 248 1602 303 gemma
1633 248 1906 293 movetur:

426 304 562 357 Nam
594 304 776 374 procul
806 306 832 357 a
857 302 1059 358 Getico
1086 304 1242 358 litore
1266 303 1387 358 vitis
1411 304 1566 359 abest.

215 395 274 446 15
347 376 586 450 Quoque
614 378 736 431 loco
762 375 835 430 est
859 376 1043 436 arbor,
1083 376 1334 446 turgescit
1358 377 1413 431 in
1440 378 1630 432 arbore
1662 395 1867 434 ramus:

424 448 561 504 Nam
589 449 775 521 procul
809 449 836 501 ὲ
862 445 1070 500 Geticis
1092 448 1280 502 finibus
1305 449 1460 504 arbor
1486 451 1642 507 abest.

349 521 477 578 Otia
504 539 644 576 nunc
671 520 810 575 istic:
847 518 1147 592 junttisque
1178 538 1245 575 ex
1271 521 1461 577 ordine
1486 523 1622 578 ludis

422 594 643 649 Cedunt
665 590 870 645 verbofi
896 593 1098 661 garrula
1124 592 1254 646 bella
1280 593 1398 648 fori.

351 666 486 722 Usus
512 666 635 737 equi
659 680 800 717 nunc
829 662 929 725 est,
967 663 1166 718 levibus
1195 683 1334 719 nunc
1363 666 1562 721 luditur
1591 670 1776 725 armis:

206 759 277 802 20

60 1008 118 1043 cet
152 999 240 1040 illud
287 998 399 1039 Bootis
443 996 588 1037 Heinfii
635 997 841 1037 admodum
880 995 1096 1035 blandiatur.

57 1060 153 1094 cette
180 1052 320 1090 Moeotis
339 1051 494 1101 primam
518 1050 650 1099 corripi
681 1048 780 1098 posse
804 1048 939 1086 docere
962 1047 1097 1086 debue-

57 1111 137 1143 rant
156 1103 314 1152 magistri
338 1130 348 1146 ,
376 1103 414 1139 &
435 1100 543 1149 hujus
562 1101 664 1138 vocis
690 1099 865 1137 vindices.
894 1099 1024 1136 Maser.
1052 1098 1098 1137 ad

59 1153 142 1192 Val.
162 1153 282 1192 Flacc.
303 1164 357 1190 1v.
382 1163 468 1198 720.
496 1162 606 1199 agens
638 1151 684 1189 de
712 1151 785 1188 hoc
808 1149 894 1188 loco
918 1177 928 1195 ‚
966 1150 1100 1187 Ponta-

59 1217 150 1245 num
167 1204 229 1243 lib.
247 1215 283 1241 V.
304 1203 350 1241 de
372 1203 480 1240 Astris
502 1203 614 1239 etiarn
645 1202 837 1239 inductum
871 1201 939 1238 hac
970 1199 1099 1238 aueto-

59 1257 165 1295 ritate
205 1251 414 1304 corripuiffe
445 1252 602 1302 primam
633 1252 802 1302 syllabam
832 1251 980 1296 scribit,
1026 1252 1101 1288 hoc

59 1305 183 1346 versu:

112 1371 225 1410 Victor
241 1380 284 1412 φ’
305 1379 498 1408 extremam
513 1368 621 1418 pergit
642 1379 776 1407 tentare
795 1367 971 1407 Maeotim.

59 1434 120 1477 sed
140 1452 211 1479 nec
226 1440 335 1490 hujus
357 1439 425 1476 viri
437 1437 631 1477 auotoritas
652 1438 802 1476 sufficiet
814 1436 942 1475 doctis.
969 1435 1102 1475 Buam.

111 1512 148 1552 3.
175 1500 336 1551 Hellen]
363 1499 496 1538 Helleni
517 1499 592 1538 duo
609 1501 787 1538 Puteanei
809 1501 847 1538 ὅτ
871 1500 972 1539 alius.

111 1576 145 1612 ς.
174 1565 268 1610 Jam
297 1564 410 1602 violas
431 1564 593 1614 puerique
614 1564 753 1612 legunt,
788 1562 981 1614 hilaresque
1006 1563 1102 1614 puel·

59 1614 136 1659 lae,
163 1615 264 1665 tyn]
303 1615 400 1653 Vide
421 1626 532 1664 quam
563 1613 750 1663 ingeniose
774 1640 785 1658 ,
811 1625 923 1663 quam
951 1615 1101 1652 venuste

59 1676 126 1703 ver
145 1666 337 1704 describat:
366 1666 467 1715 cujus
486 1665 609 1703 similis
629 1665 822 1714 descriptio
837 1665 993 1704 estlib.1.
1012 1665 1100 1704 Fast.

66 1726 150 1763 149.
176 1717 230 1755 his
247 1717 386 1755 verbis:

114 1787 184 1825 Dic
206 1800 287 1836 age,
299 1784 485 1834 frigoribus
509 1797 616 1835 quare
643 1798 754 1822 novus
772 1784 891 1833 incipit
912 1798 1049 1831 annus,

166 1838 241 1885 Qui
261 1837 379 1874 melius
394 1846 451 1884 per
470 1850 532 1872 ver
551 1836 761 1885 incipiendus
780 1846 858 1873 erat
872 1845 887 1874 ἓ

112 1889 243 1927 Omnia
267 1898 349 1924 tunc
368 1886 511 1934 florent,
540 1896 624 1923 tunc
644 1885 686 1934 est
704 1900 797 1923 nova
815 1887 971 1935 temporis
989 1897 1099 1933 aetas,

166 1943 213 1975 Et
235 1951 329 1976 nova
349 1937 390 1974 de
409 1947 522 1974 tenero
539 1937 684 1986 palmite
698 1950 835 1986 gemma
848 1948 980 1975 tumet:
1001 1950 1076 1978 σε.

61 2004 232 2042 exona.
269 2002 362 2047 Jam
379 1999 510 2037 violam
539 2000 707 2038 Politian.
729 2000 840 2038 Palat.
862 2002 1002 2041 Medic.
1023 2002 1100 2039 Va-

61 2055 171 2093 tican.
183 2054 263 2102 jam
283 2050 460 2101 violasque
481 2051 597 2100 legunt
610 2051 708 2100 pueri
726 2051 873 2089 Lovan.

113 2131 148 2169 6.
176 2136 360 2179 Ruraque,
374 2139 461 2177 quae
481 2126 576 2163 nullo
586 2137 673 2164 nata
688 2126 818 2175 fhrente
839 2124 1007 2175 vehunt]
1037 2126 1104 2163 Li-

65 2181 118 2220 bri
136 2189 299 2223 veteres,
322 2178 459 2224 Rustica
479 2190 566 2227 quas
598 2177 692 2214 nullo
722 2187 815 2214 terra
838 2179 968 2226 serente
992 2177 1102 2213 vehit.

65 2231 262 2280 vulgatam
292 2228 493 2266 lectionem
535 2227 758 2276 sequendam
789 2237 894 2276 puto.
937 2228 1106 2265 Ciorau.

67 2281 186 2321 Valde
205 2280 349 2319 turbant
369 2279 430 2316 hic
449 2278 528 2316 libri
551 2287 706 2316 veteres.
733 2279 842 2327 prim.
860 2278 970 2317 Polit.

118 2345 252 2391 Rustica
272 2343 477 2393 quaennullo
500 2354 594 2382 terra
608 2345 742 2393 serente
761 2345 872 2382 venit.

65 2411 115 2451 fic
143 2411 254 2449 etiam
281 2409 380 2447 alter.
406 2410 471 2447 nisi
500 2409 602 2458 quod
632 2410 659 2447 is
680 2437 691 2455 ,
721 2410 820 2457 gerit.
846 2407 1044 2458 quomodo
1066 2408 1105 2446 &

65 2463 126 2500 alii
145 2459 324 2499 nonnulli.
360 2459 411 2496 At
429 2460 534 2507 prim.
556 2460 677 2496 Vatic.
698 2461 806 2508 prim.
825 2460 936 2499 Palat.
954 2461 991 2497 δε
1012 2470 1101 2508 qua·

64 2523 149 2553 tuot
169 2517 352 2559 praeterea
372 2521 416 2546 ex
440 2509 649 2546 melioribus
662 2537 671 2553 ,

118 2575 254 2620 Rustica
275 2587 361 2624 quac
379 2574 475 2612 nullo
495 2585 580 2612 nata
595 2576 727 2623 serente
747 2574 857 2613 venit.

67 2641 219 2693 quidam
236 2668 247 2686 ,

119 2709 253 2757 Rustica
274 2720 360 2759 quas
380 2706 475 2744 nullo
497 2717 590 2744 terra
607 2707 740 2756 serente
761 2707 871 2746 vehit.

67 2773 150 2818 vel,
174 2773 270 2822 gerit.
299 2771 447 2820 quidam
472 2772 607 2815 etiam,
638 2767 807 2818 Pomaque
823 2784 909 2821 quae
934 2770 1107 2807 nullvter-

70 2835 112 2860 ra
125 2825 256 2872 serente
275 2822 396 2866 vehit,
423 2823 506 2866 vel,
535 2835 619 2858 rura
639 2821 786 2858 vehunt.
823 2822 891 2860 Sed
915 2822 960 2859 de
987 2821 1107 2867 pomis

69 2884 200 2923 nugae.
229 2884 311 2911 cum
347 2882 471 2921 agatur
497 2873 543 2909 de
574 2885 689 2909 verno
720 2880 912 2920 tempore,
940 2884 1017 2909 non
1044 2882 1107 2908 au-

71 2924 235 2962 tumnali.
263 2923 321 2961 alii
343 2924 457 2960 aliter.
480 2924 575 2961 Puto
595 2922 824 2960 scribendum
840 2952 851 2968 ‚

124 2989 257 3040 Rustica
278 3001 384 3039 quam
406 2988 499 3025 nullo
519 2998 613 3025 terra
626 2991 757 3039 serente
775 2988 881 3026 dedit.

73 3068 160 3095 narn
180 3055 311 3092 violam
340 3066 407 3104 pro
433 3054 546 3091 violas
566 3054 686 3102 scripti
711 3062 870 3103 quatuor
897 3053 1110 3092 vetustiores

75 3106 283 3156 agnoscunt.
311 3106 424 3154 potest
445 3106 483 3143 ὃ(
502 3105 590 3154 gerit
608 3105 694 3153 legi,
721 3104 822 3154 quod
844 3105 881 3143 in
893 3105 1109 3153 quibusdam

78 3156 202 3194 exstat.
226 3156 368 3194 Hiems.
412 3155 583 3203 Rusticum
610 3155 681 3193 dici
703 3164 857 3200 terram,
885 3158 946 3193 vix
973 3166 1112 3192 conco-

81 3218 160 3256 quo
175 3233 185 3249 ,
210 3205 274 3243 nisi
294 3217 388 3254 quae
412 3208 550 3245 incolas
572 3207 734 3244 moribus
757 3206 946 3256 agrestibus
970 3206 1113 3243 habeat.

81 3267 162 3296 non
189 3256 229 3296 in
261 3266 334 3307 qua
359 3257 656 3308 rusticidegunt:
689 3257 851 3308 ideoque
872 3258 1114 3297 vehementer

421 740 580 794 Nunc
607 736 737 809 pila,
774 752 916 790 nunc
940 735 1100 790 celeri
1124 737 1356 792 volvitur
1381 739 1512 793 orbe
1539 744 1773 798 trochus,

2038 868 2197 923 Nunc

1152 997 1280 1036 dubito
1302 1009 1347 1035 an
1370 1011 1446 1038 non
1469 1003 1621 1049 praestet
1646 1003 1830 1053 vulgatam
1850 1004 1960 1054 sequi.
1989 1004 2047 1042 sed
2071 1004 2108 1042 in
2130 1015 2202 1042 vo·

1157 1060 1200 1086 ce
1221 1062 1371 1099 ruraque
1392 1051 1487 1090 floris
1506 1054 1654 1103 aliquod
1677 1066 1790 1103 genus
1806 1055 1919 1093 latete
1940 1055 2107 1104 suspicor.
2120 1054 2203 1093 nul-

1153 1100 1184 1137 lo
1205 1109 1299 1136 terra
1326 1100 1449 1138 colente
1480 1105 1590 1142 etiam
1613 1117 1718 1143 unus.
1755 1104 1889 1144 Buim.

1585 1171 1805 1217 Metaphora
1826 1171 1869 1208 ab
1892 1172 1983 1219 agris
2005 1171 2042 1208 ὅτ
2062 1170 2200 1209 arbori-

1155 1215 1244 1258 bus,
1272 1228 1366 1266 quae
1394 1229 1481 1255 vere
1503 1219 1618 1257 laetae
1649 1221 1685 1258 ὅ(
1716 1220 1865 1258 floridae
1886 1222 1976 1259 sunt.
2028 1221 2200 1265 Plautus,

1155 1267 1316 1304 aviculae
1339 1279 1505 1307 vernant.
1549 1270 1719 1308 Cxorim.
1783 1277 1918 1308 Cantat
1955 1272 2124 1309 Francof.
2157 1272 2197 1308 δε

1155 1318 1244 1355 oc’to
1274 1318 1347 1355 alii.
1373 1319 1495 1356 Garrit
1523 1320 1691 1359 Bernens.
1722 1322 1759 1358 ὅ(
1789 1330 1858 1359 tres
1891 1323 1960 1359 alii.
1991 1322 2041 1359 nil
2076 1329 2195 1359 muto.

1155 1380 1240 1406 nam
1271 1369 1351 1406 sunt
1374 1369 1609 1417 glossatorum
1634 1370 1892 1420 expositiones.
1949 1373 1996 1410 ita
2019 1372 2201 1409 Paullinus

1157 1419 1284 1458 Carm.
1310 1431 1382 1456 vn.
1409 1420 1547 1458 vocibus
1573 1435 1719 1460 vernare
1740 1421 1851 1460 novis.
1879 1422 1953 1461 vid.
1979 1421 2024 1460 ad
2047 1422 2197 1460 Petron.

1157 1480 1234 1519 cap.
1258 1482 1343 1508 cxx.
1372 1470 1504 1510 Euam.

1155 1585 1182 1622 P
1207 1547 1241 1582 9.
1271 1541 1437 1585 Deponas.
1460 1536 1476 1587 ]
1539 1543 1729 1587 Depromat
1751 1549 1857 1577 unus.
1883 1536 2034 1576 volucris
2053 1538 2198 1588 deponat

1188 1595 1308 1625 utean.

1157 1663 1243 1740 pr
1275 1652 1470 1703 Hirundo.]
1526 1653 1598 1693 Sub
1636 1653 1748 1692 finem
1789 1654 1851 1692 lib.
1886 1665 1943 1691 11.
1990 1653 2197 1692 eorundem

1189 1713 1206 1739 a
1240 1732 1248 1740 .

1156 1813 1189 1850 C
1207 1762 1405 1803 Fallimur?
1431 1777 1478 1802 an
1496 1763 1587 1801 veris
1604 1765 1816 1813 praenuncia
1836 1764 1936 1801 venit
1957 1763 2108 1802 hirundo
2123 1773 2138 1802 ξ

1192 1825 1327 1851 ποι-ΑΝ.

1209 1890 1264 1916 12.
1290 1878 1450 1929 Canas]
1483 1878 1592 1917 Nidos
1612 1887 1770 1928 quatuor
1788 1874 1880 1916 l'ibri.
1904 1890 2020 1915 cuneos
2039 1889 2145 1916 unus.

1210 1953 1266 1980 12.
1292 1940 1466 1991 Exserit.]
1497 1941 1605 1990 Erigit
1620 1942 1797 1986 multi,ut
1816 1943 1852 1979 ἃ
1871 1942 2089 1992 Berstnanni.
2111 1944 2197 1982 Exie

1156 2002 1199 2031 (9⁴
1218 1992 1369 2030 Putean.
1400 1994 1437 2030 &
1467 1992 1614 2038 Junian.
1645 1993 1729 2029 Exit
1755 2003 1799 2032 ω’
1828 1992 1987 2042 expendit
2013 1994 2136 2033 Vatic.
2157 1997 2197 2033 &

1157 2042 1266 2080 Palat.
1287 2043 1384 2080 exuit
1404 2054 1507 2080 unus.
1537 2043 1666 2079 excitat
1687 2044 1704 2078 ἒ
1723 2042 1834 2091 tepida
1867 2043 2002 2091 septem
2026 2045 2096 2082 alii.
2126 2050 2197 2083 Ex·-

1158 2092 1244 2128 citat
1266 2092 1291 2129 ιὶ
1311 2092 1424 2140 tepida
1458 2092 1563 2130 Leid.
1583 2092 1703 2142 exserit
1724 2091 1747 2129 ὰ
1766 2093 1879 2143 tepida
1899 2103 1969 2131 tres
1991 2095 2027 2132 ὅ(
2042 2094 2149 2135 Bern.
2170 2096 2197 2134 ὰ

1160 2143 1293 2192 trepida
1321 2143 1449 2181 Servii.
1477 2143 1568 2180 nihil
1590 2151 1745 2180 mutem.
1778 2153 1782 2156 ’

1213 2206 1265 2240 14.
1296 2199 1391 2230 Nam
1416 2193 1534 2243 procul
1563 2193 1589 2229 ἰι
1623 2193 1748 2230 Geticis
1769 2192 1900 2240 finibus
1936 2193 2037 2231 arbor
2065 2196 2193 2247 abest.]

1209 1165 1247 1203 8.
1272 1172 1400 1204 Vernat
1419 1168 1508 1206 avis.
1527 1168 1542 1217 ]

1146 2244 1263 2281 -Vide'
1278 2244 1379 2293 Eleg.
1400 2256 1434 2281 x.
1463 2244 1631 2281 Ciotm.
1687 2244 1729 2282 In
1751 2245 1912 2293 plurimis
1935 2245 2067 2295 scriptis
2091 2248 2197 2286 &hic

1159 2295 1197 2332 &
1217 2294 1265 2332 vs.
1289 2299 1343 2333 16.
1371 2293 1442 2339 est,
1464 2295 1525 2342 sed
1541 2294 1669 2344 procul.

1215 2372 1272 2406 17.
1300 2359 1382 2397 Otia
1415 2373 1506 2397 nunc
1534 2360 1605 2407 istic
1626 2387 1636 2403 ‚
1667 2360 1863 2408 juno‘lisque
1891 2375 1931 2398 ex
1958 2361 2074 2397 ordine
2104 2361 2198 2399 ludi:

1160 2411 1299 2449 Cedunt
1317 2409 1447 2460 verbosi
1459 2410 1602 2460 garrula
1623 2411 1730 2446 verba
1756 2410 1861 2459 fiori]
1917 2411 2044 2449 Ludos
2065 2412 2197 2460 Mega·

1156 2462 1269 2500 tenses
1288 2462 1454 2508 intelligit
1477 2489 1488 2505 ,
1529 2463 1590 2509 qui
1618 2460 1751 2497 fiebant
1779 2472 1832 2497 vi.
1857 2460 1907 2496 ld.
1930 2461 2082 2506 Aprilis,
2112 2462 2197 2506 vel,

1159 2521 1198 2550 ut
1217 2515 1263 2550 elt
1293 2511 1389 2560 apud
1421 2512 1571 2548 Livium
1603 2511 1662 2547 lib.
1687 2522 1787 2546 xxxx.
1816 2510 1928 2556 pridie
1959 2510 2064 2548 Idus:
2093 2513 2197 2560 quod

1159 2574 1207 2600 eo
1228 2563 1287 2600 die
1307 2561 1436 2600 Caesar
1454 2562 1582 2609 jubam
1618 2561 1858 2598 Mauritaniae
1888 2571 2012 2608 regem
2042 2561 2200 2609 devicisf

1162 2613 1224 2651 set.
1252 2613 1365 2650 Ovid.
1386 2612 1446 2649 lib.
1471 2624 1524 2650 ιν.
1549 2611 1634 2648 Fast.

1213 2677 1408 2724 Institeram
1426 2705 1436 2719 ‚
1462 2690 1566 2726 quare
1584 2675 1688 2724 primi
1709 2672 1887 2723 Megalefia
1905 2674 1981 2710 ludi

1264 2727 1350 2764 Urbe
1367 2730 1476 2770 forent
1498 2728 1631 2773 nostrast
1659 2740 1735 2762 cum
1759 2731 1832 2761 Dea
1854 2724 1976 2774 (senstt
1997 2725 2114 2775 enim)

1218 2778 1281 2815 Illa
1305 2782 1390 2814 Deos
1406 2806 1416 2821 ‚
1442 2778 1557 2827 inquit
1573 2805 1580 2818 ,
1606 2777 1751 2825 peperit:
1781 2775 1888 2824 ceffere
1907 2777 2069 2824 parenti:

1262 2828 1539 2877 Principiumque
1557 2827 1637 2864 dati
1657 2838 1769 2865 mater
1789 2827 1922 2862 honoris
1945 2826 2061 2864 habet.

1162 2895 1258 2933 Mox
1278 2893 1436 2932 ibidem:

1215 2955 1409 3042 :Iertialssux
1439 2956 1628 3006 (memini)
1659 2956 1749 2994 ludis
1770 2956 1834 2993 erit
1858 2973 1869 2994 .·
1909 2956 1974 2994 hac
2004 2956 2093 2995 mihi
2124 2958 2201 3009 qui-

1268 3020 1438 3104 speeliiiii
1453 3058 1587 3107 finior,
1617 3057 1856 3106 contiguusque
1880 3057 1971 3102 Ioco,

1216 3114 1309 3144 Haec
1324 3136 1333 3152 ,
1361 3109 1437 3153 ait,
1464 3108 1526 3145 illa
1549 3108 1640 3152 dies,
1672 3108 1801 3156 Libycis
1825 3122 1894 3157 qua
1915 3110 2044 3157 Caesar
2060 3109 2097 3146 in
2115 3110 2179 3147 oris

1271 3157 1406 3205 Perfida
1425 3159 1642 3208 magnanimi
1670 3158 1824 3196 contudit
1846 3173 1949 3196 arma
1972 3160 2103 3205 Jubae.

1168 3209 1312 3252 Festus.
1340 3209 1414 3247 sive
1437 3222 1480 3247 ex
1505 3222 1552 3247 eo
1576 3211 1785 3247 Diaconus:
1814 3208 1994 3259 Megalefia
2016 3210 2110 3245 ludos
2126 3214 2205 3244 Ma⁶

1167 3260 1232 3300 tris
1248 3265 1403 3310 Magnae
1426 3260 1657 3311 appellabant.
1685 3261 1857 3303 Croton.
1898 3259 2208 3346 Αόιῃοάαπιῐίζεὲὶ
