2495 3675
733 199 798 254 P.
876 191 1284 253 OV'ID'II
1358 186 1892 247 NASONis

533 302 607 359 Et
633 302 768 358 latus
794 301 1018 356 Oceano
1043 299 1322 372 quisquam
1348 294 1498 350 Deus
1524 292 1728 347 advena
1746 295 1946 371 junxit:

611 375 821 449 Tethys
848 374 904 427 &
929 386 1176 428 extremo
1204 373 1353 443 saepe
1380 380 1596 440 recepta
1621 365 1745 419 loco
1771 365 1858 418 est.

533 449 729 505 Donec
755 448 977 509 Ηοῐιοε,
1017 443 1335 515 placidoque
1360 441 1557 496 decens
1583 437 1914 493 Reverentia
1939 436 2088 492 vultu

612 522 859 592 Corpora
886 516 1135 589 legi-timis
1162 515 1463 588 imposuere
1491 512 1635 568 toris,

385 613 465 664 :25
541 595 692 652 Hinc
719 594 822 648 sata
848 589 1123 658 Majesta-s;
1153 588 1260 642 hos
1283 587 1357 641 est
1379 586 1498 641 Dea
1524 585 1674 640 censa
1698 595 1968 656 parentes:

618 667 852 739 Quaque
876 662 966 717 die
990 674 1145 733 partu
1171 660 1247 714 est
1272 659 1414 714 edita
1432 699 1447 722 ,
1482 676 1671 730 magna
1696 658 1813 712 fuit.

538 740 656 795 Nec
681 756 857 793 mora:
896 734 1139 790 consedit
1163 732 1346 788 medio
1368 731 1597 786 sublimis
1620 731 1886 802 Olympo,

617 814 799 865 Aurea
814 849 829 874 ‚
867 824 1138 882 purpureo
1162 804 1536 878 conspicienda
1560 803 1686 858 smu.

547 882 858 940 Consedere
886 880 1034 936 simul
1060 878 1246 934 Pudor
1276 881 1331 933 δε
1357 876 1558 932 Metus
1598 893 1759 931 omne
1784 876 1993 931 videres

613 956 833 1012 Numen
865 953 933 1009 ad
956 955 1093 1008 hanc
1119 955 1292 1008 cultus
1317 948 1669 1023 composuisse
1694 949 1829 1004 suos.

549 1029 801 1086 Protinus
825 1027 1040 1082 intravit
1064 1038 1273 1082 mentes
1298 1023 1560 1096 suspestus
1587 1022 1873 1076 honorum.

624 1101 709 1156 Fit
735 1101 967 1174 pretium
996 1098 1201 1172 dignis;
1242 1115 1343 1152 nec
1371 1096 1462 1151 fibi
1488 1095 1713 1168 quisque
1735 1095 1921 1164 placet.

546 1174 662 1232 Hic
688 1173 924 1228 status'in
959 1177 1115 1226 coelo
1139 1171 1336 1225 multos
1361 1167 1644 1240 permansit
1671 1167 1726 1221 in
1750 1184 1942 1221 annos:

623 1246 771 1301 Dum
800 1245 975 1300 senior
997 1244 1116 1298 fatis
1139 1241 1341 1297 excidit
1367 1258 1488 1294 arce
1516 1241 1679 1294 Deus.

410 1341 473 1392 35
547 1318 888 1376 Terraseros
913 1328 1122 1389 partus,
1157 1314 1405 1370 immania
1430 1311 1688 1374 monstra,
1727 1310 1985 1383 Giganta-s

623 1391 840 1454 Edidit,
878 1390 1089 1445 ausuros
1113 1389 1168 1443 in
1188 1387 1335 1458 Jovis
1356 1386 1442 1440 <ire
1469 1385 1710 1438 domum.

549 1464 706 1523 Mille
732 1480 915 1517 manus
940 1461 1036 1515 illis
1064 1461 1240 1523 dedit,
1281 1458 1338 1513 &
1363 1475 1460 1530 pro
1495 1456 1734 1511 cruribus
1762 1473 1985 1529 angues:

626 1542 805 1608 Atque
831 1535 929 1600 ait«,
963 1533 1019 1589 In
1039 1551 1265 1607 magnos
1289 1548 1431 1587 arma
1458 1543 1674 1585 movete
1702 1528 1867 1585 Deos.

234 227 272 274 ‚s
284 224 342 260 12

2305 1652 2412 1709 Ex-

1996 1731 2008 1757 τ

1411 1810 1478 1838 22.
1507 1796 1690 1849 Recepta]
1719 1803 1863 1848 Reperta
1884 1794 2026 1835 Farnes.

1418 1876 1479 1915 23.
1507 1865 1681 1916 Decens.]
1738 1866 1860 1905 Sedens
1888 1864 2054 1904 Voffian.
2083 1858 2279 1913 placidique
2309 1870 2420 1898 recens

1306 1932 1315 1943 ·
1336 1954 1354 1969 ‚
1369 1920 1413 1955 R.
1431 1916 1543 1954 cultus
1561 1917 1689 1955 Patav.

310 1818 379 1847 υ.
408 1811 452 1845 Et
470 1806 564 1844 latus
583 1799 715 1842 Oceano
737 1801 923 1852 quisquam
947 1806 1041 1840 Deus
1068 1800 1211 1840 advena
1225 1801 1313 1852 juni

267 1859 369 1907 xia]
397 1859 557 1901 Metuo,
582 1863 623 1893 ut
652 1853 696 1892 ab
724 1853 855 1891 Ovidii
890 1865 1003 1891 manu
1034 1851 1075 1891 fit
1101 1854 1162 1892 hic
1181 1853 1315 1892 versus.

269 1910 315 1999 ἑᾷ
340 1908 623 1949 Zulichemiano
653 1912 758 1944 vetus
787 1903 899 1943 leffio
931 1903 1073 1953 penitus
1104 1912 1181 1945 erat
1209 1904 1302 1943 erasa

319 1973 412 2000 azar.

323 2039 423 2072 Nam
443 2033 538 2070 latus
555 2036 687 2069 Oceano
709 2029 785 2080 quis
807 2027 945 2082 quando
956 2026 1039 2068 *leve
1058 2030 1203 2080 tegebat.

273 2111 334 2150 alii
355 2112 467 2149 etiam
488 2111 608 2149 multi.
663 2117 745 2148 Nec.
782 2111 907 2161 Lege,
936 2116 1008 2148 Nec
1035 2109 1128 2147 latus
1159 2115 1313 2155 Oceano,

275 2163 441 2211 quamvis
455 2163 662 2210 grandaeva
679 2190 689 2205 ‚
707 2162 838 2211 tegebat
851 2168 883 2198 T
879 2162 988 2210 ethys.
1016 2161 1066 2199 Ea
1078 2161 1177 2199 enim
1192 2161 1314 2199 Ocea-

273 2214 312 2252 ni
334 2225 441 2251 uxor.
468 2217 583 2261 Tegere
602 2213 709 2250 latus.
755 2221 794 2249 ut
811 2212 906 2262 apud
936 2213 1069 2250 Horat.
1087 2212 1149 2250 lib.
1168 2225 1214 2250 11.
1242 2211 1315 2252 Sat.

276 2275 314 2302 v.
340 2270 429 2301 Utne
447 2273 558 2314 tegam
580 2264 700 2313 spurco
728 2268 866 2300 Damae
880 2264 993 2302 latus.
1037 2263 1169 2302 Statius
1191 2263 1318 2303 Theb.

275 2326 326 2355 11.

327 2382 432 2415 Hunc
468 2379 549 2427 tegit
588 2376 758 2429 Iasiusque
797 2385 896 2428 pater
914 2404 925 2422 2
966 2376 1190 2428 placidusque
1229 2378 1319 2416 Pho-

458 2442 590 2467 roncas.

278 2491 423 2531 nudior
453 2491 536 2529 belli
562 2491 817 2536 Alexandrici,
846 2491 999 2530 Racilius
1026 2492 1130 2542 Caffii
1151 2493 1244 2531 latus
1271 2503 1321 2531 te-

275 2543 386 2591 gebat.
414 2542 559 2581 Hiems.
582 2542 678 2580 Non
697 2543 813 2592 agitur
833 2544 893 2580 hic
910 2543 955 2581 de
981 2544 1175 2582 incedendi
1199 2546 1322 2591 hono-

280 2605 318 2631 re
341 2622 351 2638 ,
387 2594 446 2633 sed
464 2593 633 2632 sedendi:
662 2604 774 2642 quare
792 2594 952 2642 legerem
969 2621 980 2638 ‚

333 2678 378 2711 Et
399 2675 493 2713 latus
506 2680 637 2712 Oceano
653 2702 664 2719 ,
689 2673 856 2724 quamvis
869 2678 962 2710 Deus
978 2671 1119 2708 advena
1134 2697 1144 2714 ,
1164 2670 1303 2718 junxit.

285 2743 371 2781 licet
403 2745 487 2785 effet
517 2750 705 2787 minorum
738 2747 904 2796 gentium
934 2745 973 2781 &
1003 2742 1197 2780 adscititius
1226 2743 1326 2791 quasi

286 2795 409 2839 Deus,
439 2799 501 2845 qui
521 2799 632 2848 longe
651 2799 739 2836 stare
760 2797 803 2834 ab
816 2797 973 2833 Oceano
986 2792 1154 2834 deberet;
1177 2791 1266 2830 sedit
1287 2795 1329 2829 il-

286 2845 320 2882 le
341 2854 465 2883 tamen
484 2849 617 2887 eodem
642 2848 795 2893 ordine,
822 2858 899 2896 quo
932 2845 1130 2887 Oceanus,
1157 2844 1330 2892 antiquis-

287 2895 397 2933 fimus
419 2899 589 2936 omnium
609 2900 780 2938 deorum.
815 2898 853 2935 δί
872 2896 918 2935 sic
935 2896 996 2933 lib.
1012 2907 1041 2932 1.
1068 2894 1150 2931 Art.
1175 2906 1254 2941 140.

339 2975 459 3025 Junge
482 2986 583 3014 tuum
607 2978 736 3024 lateri,
768 2992 875 3030 quam
892 2987 1005 3028 potes,
1033 2987 1137 3025 usque
1162 2974 1273 3014 larun

289 3051 429 3088 advena
462 3050 511 3088 est
542 3052 580 3088 in
618 3052 771 3089 coelum
815 3061 983 3100 receptus
1006 3078 1016 3095 ‚
1052 3060 1091 3090 ut
1118 3052 1341 3100 peregrinus.

296 3104 428 3141 Eum-¹.

342 3179 403 3205 22.
431 3164 555 3212 Tethys
578 3162 657 3213 eyn]
689 3164 776 3201 Hoc
809 3162 975 3201 adversus
1002 3164 1149 3202 Petrum
1176 3166 1337 3204 Marsum

291 3223 413 3256 tuetur
446 3215 592 3253 Vossius
627 3216 722 3252 Artis
755 3214 962 3251 Grammat.
990 3214 1080 3251 libro
1106 3228 1152 3253 11.
1182 3227 1261 3265 cap.
1281 3218 1338 3266 36.

294 3279 340 3306 ex
365 3268 546 3316 antiquis,
575 3275 615 3302 ut
636 3267 706 3308 ait,
728 3264 833 3302 libris.
882 3264 950 3301 Sed
970 3264 1047 3301 libri
1071 3275 1210 3305 veteres
1231 3267 1339 3318 pleri·-

296 3330 392 3364 cue,
416 3321 459 3354 Et
482 3317 606 3355 Thetis.
635 3316 690 3354 vel
707 3344 716 3361 ,
740 3316 777 3353 δε
796 3315 939 3353 Themis.
968 3315 1110 3354 Hiems.

1420 1993 1479 2028 24.
1508 1984 1693 2032 Impofiaeere
1713 1983 1838 2035 toris.]
1894 1982 2078 2032 Scriptura
2108 1979 2228 2030 palam
2263 1977 2423 2020 melion

1370 2032 1575 2081 composuere
1596 2035 1691 2073 toris.
1714 2037 1891 2074 NEAPOL.
1944 2034 2016 2072 Sed
2043 2044 2134 2071 mox
2154 2030 2208 2075 J’ls·
2230 2040 2290 2079 30.
2311 2028 2418 2067 ‘idem

1371 2082 1525 2123 verbum
1547 2086 1734 2133 repetitur.
1764 2086 1874 2136 Epist.
1894 2097 1948 2123 xx.
1968 2084 2029 2131 78.

1416 2147 1546 2197 (Qualis
1564 2147 1609 2185 ab
1629 2149 1778 2199 imposito
1793 2159 1922 2200 corpore
1941 2149 2045 2186 lee'lus
2058 2156 2150 2184 erat.

1368 2210 1520 2258 Quine‘t.
1533 2223 1586 2249 VI.
1597 2211 1643 2250 de
1652 2212 1849 2250 'Inst.Orat.
1861 2226 1887 2251 1.
1900 2218 2028 2262 Corpus
2039 2206 2232 2259 impositum
2242 2203 2423 2244 leeimvid.

1369 2261 1416 2300 ad
1433 2273 1462 2299 1.
1482 2262 1616 2300 Amor.
1637 2274 1672 2300 v.
1691 2274 1726 2301 2.
1751 2262 1884 2301 Bunm.

1426 2338 1489 2374 ις.
1515 2325 1606 2364 Hinc
1627 2326 1711 2374 sata
1740 2326 1928 2377 Majestas,
1949 2339 2036 2378 quae
2060 2323 2234 2362 mundum
2254 2327 2424 2370 temperat

1376 2376 1548 2426 omnem]
1587 2377 1679 2414 Hinc
1692 2380 1772 2425 [ata
1796 2378 1984 2428 Majestas‚
2012 2377 2072 2413 hos
2102 2375 2145 2421 est
2162 2374 2225 2411 dea
2246 2374 2342 2420 censa
2361 2379 2426 2418 pa-

1376 2437 1485 2467 rentes
1511 2428 1781 2466 Mazarinianus
1811 2430 1849 2466 &
1878 2439 1970 2467 unus
1995 2424 2231 2464 Farnefianus
2264 2434 2306 2460 ac
2338 2420 2427 2458 Me-

1376 2479 1511 2518 diceus.
1539 2478 1713 2523 venuste,
1743 2479 1806 2524 &‚
1834 2478 1860 2516 fi
1881 2479 1970 2529 quid
1987 2477 2119 2527 judico
2142 2504 2153 2520 ,
2189 2485 2289 2512 vere.
2326 2470 2426 2509 Vide

1379 2533 1540 2568 omnino
1568 2539 1663 2579 quae
1689 2537 1862 2568 notamus
1894 2530 1940 2567 ad
1962 2527 2070 2576 Epist.
2091 2538 2164 2564 vu.
2193 2523 2249 2568 fis.
2267 2534 2328 2569 47.
2360 2531 2427 2559 ne-

1380 2592 1454 2629 que
1475 2581 1578 2619 aliter
1595 2577 1698 2618 fuisse
1719 2579 1864 2618 videtur
1883 2581 1921 2617 in
1938 2578 2237 2617 Zulichemiano..
2257 2584 2348 2611 nam
2361 2581 2427 2625 ve-

1381 2640 1439 2670 tus
1459 2631 1632 2678 scriptura
1652 2641 1727 2669 erat
1756 2631 1830 2669 iuic
1856 2630 1984 2668 deleta.
2019 2628 2168 2678 quidam
2199 2625 2307 2661 etiam
2323 2649 2333 2665 ,
2361 2625 2426 2656 Ηῑέ

1375 2682 1479 2769 satas.-
1499 2681 1645 2720 Hfims.
1696 2684 1781 2731 Qu
1808 2681 1961 2719 mundus
1988 2685 2152 2728 temperat
2178 2685 2312 2712 omnem
2340 2670 2426 2709 Ber·

1382 2742 1455 2769 nen
1474 2760 1482 2769 .

1434 2797 1493 2834 26.
1522 2797 1718 2847 Qaqua]
1748 2800 1893 2849 Qoque
1911 2794 2073 2834 Patavin.

1390 2861 1660 2951 Ngffijolzdagna
1686 2861 1802 2911 suia]
1873 2859 2025 2906 Semper
2075 2865 2148 2893 una
2191 2854 2231 2892 &
2284 2850 2428 2890 eadem.

1445 2977 1733 3065 27.lc'0nftdie.]
1762 2975 1966 3027 Conscendit
1991 2974 2136 3014 Arund.
2156 2971 2260 3012 Voff.
2280 2972 2319 3011 &
2340 2979 2432 3020 qua-

1393 3037 1478 3068 tuor
1497 3041 1515 3065 a
1532 3039 1568 3066 ιι.

1446 3107 1505 3143 29.
1534 3096 1649 3133 Pudor
1668 3107 1710 3136 cy·
1735 3096 1890 3146 Metus]
1945 3095 2144 3145 MaJestatis
2167 3091 2348 3134 individui
2369 3100 2432 3129 co·

1396 3147 1514 3185 mites.
1544 3147 1643 3184 Hinc
1669 3148 1873 3195 Sophocles
1890 3149 1927 3184 in
1948 3147 2171 3195 Oedipodet

1449 3208 1537 3246 Ἀλλ’
1555 3206 1661 3268 ’ές-ιἰβ
1690 3212 1720 3259 ‚53
1740 3205 1821 3245 zbst}
1841 3205 2025 3249 offlam&
2049 3210 2163 3262 θρόνων

1448 3261 1548 3305 Alb&
1566 3265 1605 3301 ξπ
1639 3262 1743 3314 ’ἔργοις
1761 3266 1861 3302 ποῖα-ι.
2079 3264 2205 3302 NEA?-

2261 3384 2320 3422 30,
2346 3358 2427 3406 Vul-
