2495 3675
0 3592 13 3675 ΒΨ
3 3377 13 3585 m

432 155 1141 235 ⁴”ruis‘riuivi
1211 152 1560 212 [15:111.
1635 155 1892 215 me:

2117 123 2222 223 585*

379 254 491 310 Nix
508 255 681 326 jacet:
704 259 776 313 ,δε
797 259 986 330 jactam
1012 276 1112 314 nec
1138 256 1230 314 Sol
1255 256 1531 329 pluviaeve
1557 252 1847 309 resolvunt:

452 326 668 385 Indurat
697 331 924 395 Boreas-‚-
966 344 1387 403 perpetuamque
1411 326 1554 383 facit.
1726 398 1736 407 .

239 411 301 463 15
375 397 550 471 Erg0‚
590 404 681 458 ubi
706 404 926 458 delicuit
954 404 1196 458 nondum
1221 405 1396 474 prior,
1434 403 1594 455 altera
1618 411 1792 453 venit:

449 474 521 526 Et
549 475 679 530 solet
701 477 754 529 in
779 476 956 529 multis
979 476 1118 529 bima
1142 493 1354 529 manere
1377 475 1521 529 locis.

378 543 664 618 Tantaque
689 548 950 600 commoti
976 548 1050 601 vis
1074 548 1146 600 est
1173 549 1480 620 Aquiloni3‚
1517 558 1575 598 ut
1596 543 1724 598 altas

449 617 656 690 AEquet
680 619 846 672 humo
872 632 1069 681 turreS‚
1109 620 1352 690 tebit-ique
1381 633 1524 688 rapta
1550 617 1699 694 fera-t.

380 688 633 752 Pellibus,
674 692 728 743 δε
756 691 880 744 sutis
908 704 1089 745 arcent
1115 693 1250 744 male
1275 692 1470 761 frigora
1497 692 1726 749 braccis;

234 777 302 812 20

450 761 666 833 Oraque
692 762 761 816 de
786 776 905 816 toto
931 780 1159 834 coi-pore
1182 763 1284 816 sola
1312 777 1509 833 patent.

381 833 548 904 Saepe
572 835 758 889 sonant
783 836 914 888 moti
939 836 1104 906 glacie
1129 835 1399 905 pendente
1427 833 1625 906 capilli,

451 903 524 959 Et
552 909 685 961 nitet
708 907 927 962 indufio
955 908 1179 962 candida
1204 908 1361 961 barba
1390 909 1537 978 gelu:

381 975 612 1049 Udaque
641 978 1196 1043 confistunt‚formam
1225 980 1474 1033 servantia
1503 979 1692 1040 testae,

453 1048 617 1106 Vina:
656 1069 755 1105 nec
782 1052 955 1107 hausta
981 1054 1145 1115 meri,

1188 1052 1276 1105 sed
1301 1052 1419 1105 data
1443 1051 1599 1105 frusta
1627 1051 1830 1105 bibunt.

239 1139 306 1190 25
381 1122 530 1194 Quid
557 1124 769 1196 loquar,
809 1139 867 1179 ut
892 1125 1052 1179 vineti
1080 1124 1421 1178 concrescant
1444 1125 1640 1193 frigore
1668 1125 1794 1188 rivi,

451 1193 647 1269 Deque
675 1198 791 1254 lacu
814 1197 1021 1271 fragiles
1044 1196 1364 1253 effodiantur
1389 1197 1585 1268 aquae?

145 1460 206 1507 '13.
236 1463 307 1497 Nec
327 1457 424 1507 Sol.]
453 1466 533 1499 Non
552 1462 606 1499 sol
625 1462 712 1501 editi
732 1463 894 1513 quidam·

95 1556 98 1561 ‚
149 1520 206 1554 14.
235 1510 385 1545 Indurat
403 1515 547 1558 Boreas,
571 1521 831 1564 perpetuamque
841 1512 974 1564 facitu]
1003 1513 1085 1553 Lib.
1103 1527 1131 1554 1.

98 1557 281 1597 dePonto
304 1560 357 1598 El.
382 1571 434 1598 IV.

94 1671 126 1710 C
144 1625 223 1657 Fert
242 1620 300 1658 ubi
318 1630 490 1671 perpetuas
511 1622 632 1663 obruta
651 1636 742 1666 terra
765 1629 874 1667 nives.

130 1683 264 1709 IOFAN.

147 1748 204 1785 15.
230 1736 292 1773 Ubi
308 1737 483 1788 delicuit.]
532 1740 695 1789 Quando
722 1742 917 1791 liquefatfla
938 1741 996 1779 est.
1025 1740 1045 1780 ὲ
1072 1743 1130 1779 (Ie-

93 1784 187 1837 liquo
209 1788 332 1825 verbo.
367 1791 554 1827 Neoterici
579 1792 726 1839 quidam
759 1792 858 1830 scioli
884 1794 982 1830 hunc
1000 1793 1128 1830 locum

91 1837 141 1874 ita
164 1838 382 1883 emendant,
410 1845 495 1889 Ergo
507 1840 565 1877 ubi
580 1841 827 1886 delicuit‚non
842 1842 1130 1893 deliquit:ign0-

91 1896 211 1925 rantes
226 1915 235 1930 ,
264 1887 283 1925 a
313 1889 462 1941 deliqueo
483 1893 714 1939 praeteritum
737 1893 813 1931 fieri
835 1893 978 1938 delitui,
1007 1892 1024 1930 a
1044 1894 1129 1931 deli·

91 1951 158 1987 quo
176 1950 264 1976 vero
281 1939 431 1988 deliqui,
458 1941 561 1989 quod
590 1942 661 1986 est,
696 1945 732 1981 iii
761 1945 958 1982 humorem
989 1943 1063 1981 five
1085 1945 1129 1982 li-

91 1999 247 2035 quorem
270 1990 411 2028 resolvo
426 2019 435 2035 ,
462 1992 598 2030 defluo.
643 1993 838 2042 Virgilius:
869 2000 946 2031 Vere
966 2007 1054 2030 novo
1073 2008 1130 2043 ge-

91 2037 184 2075 lidus
204 2039 298 2076 canis
319 2054 395 2077 cum
416 2042 590 2079 montibus
619 2043 742 2081 humor
761 2044 936 2090 Liquitur.
985 2044 1128 2084 Plautus

90 2089 129 2125 in
152 2089 279 2127 Cafina
301 2104 309 2128 :
349 2093 543 2140 Quandam
570 2102 629 2140 pro
654 2094 770 2143 gnatis
799 2095 838 2131 in
855 2095 1027 2142 fhrtiendo
1043 2095 1129 2132 deii·

92 2139 217 2188 querit.
246 2140 364 2178 Varro
396 2143 440 2179 de
464 2144 687 2192 Proprietate
707 2145 941 2193 scriptorum:
969 2145 1069 2193 Qid
1087 2146 1130 2185 esl

92 2199 209 2226 autem
231 2217 241 2234 ,
282 2193 371 2239 quod
397 2194 467 2240 ejus
496 2193 594 2229 aliud
624 2196 752 2241 generis
772 2196 1007 2242 fervefaft‘um
1036 2196 1129 2232 colli-

95 2239 211 2290 quiffit
232 2268 241 2284 ‚
279 2243 317 2277 in
336 2243 456 2288 forma
485 2244 555 2292 esset
578 2244 746 2289 infusum,
815 2247 981 2293 Vergilius
1003 2272 1014 2289 ,
1049 2252 1130 2283 Aut

93 2302 169 2325 cum
196 2291 364 2338 liquentia
393 2293 509 2331 mella.
563 2295 706 2342 Quibus
736 2297 912 2344 exemplis
941 2305 1060 2344 patet,
1090 2299 1127 2334 &

92 2339 235 2388 deliquit
257 2343 293 2379 ὅ(
310 2343 448 2379 delicuit
469 2345 542 2382 hoc
565 2345 601 2381 in
623 2345 709 2383 loco
731 2347 800 2395 legi
832 2345 943 2394 poffe.
982 2347 1128 2385 Inveni-

90 2397 149 2427 tur
171 2392 280 2429 etjam
303 2392 393 2440 liquo
411 2407 460 2430 ας,
488 2394 585 2432 unde
612 2395 721 2443 eliqua
749 2397 916 2434 verbum·
966 2397 1126 2435 perfim:
1177 2378 1376 2426 spoliantur
1397 2408 1408 2426 ,
1443 2389 1482 2418 ut
1512 2380 1674 2428 loquitur
1698 2379 1843 2416 Petroii.
1867 2390 1943 2426 cap.
1969 2390 2048 2425 ¹35·

2087 1317 2196 1390 Ipse
2209 1359 2223 1380 ‚

1237 1465 1382 1504 Pellibus
1399 1473 1442 1504 (φ’
1463 1463 1555 1502 laxis
1581 1475 1671 1500 arces
1692 1461 1781 1500 male
1791 1460 1925 1510 frigora
1945 1456 2085 1495 braccit.

1183 1532 1281 1570 Vide
1303 1533 1420 1569 Notas
1442 1529 1574 1567 Fastor.
1596 1529 1656 1566 lib.
1679 1540 1723 1565 ii.
1749 1526 1803 1569 iss.
1826 1538 1905 1572 170.
1935 1523 2080 1560 Hfims.

1239 1602 1295 1639 19.
1322 1589 1492 1637 Braccis.]
1522 1589 1580 1627 Sic
1598 1589 1707 1628 iidem
1734 1589 1836 1632 libri,
1864 1586 1973 1625 recte.
2003 1584 2170 1621 CIOFAN.

1233 1666 1294 1693 20.
1322 1661 1374 1692 De
1386 1655 1493 1705 toto]
1533 1660 1588 1692 De
1607 1666 1699 1693 tento
1721 1656 1867 1693 Lovan.
1887 1654 2004 1696 forte,
2035 1651 2075 1687 de
2086 1661 2196 1687 tanto.

1233 1732 1293 1768 23.
1323 1720 1495 1768 Nudaque
1524 1717 1703 1765 consistunt
1733 1718 1858 1766 Vitta]
1910 1718 2034 1764 Lege,
2072 1716 2226 1765 Udaque—4

1182 1770 1526 1857 quodglombianus
1554 1769 1642 1807 liber
1671 1767 1876 1806 confirmat.
1911 1767 2046 1816 Virgil.
2082 1767 2220 1813 Georg-

1184 1834 1247 1860 111.
1268 1832 1287 1870 3
1317 1833 1350 1867 4.

1413 1882 1624 1931 caeduntque
1635 1881 1811 1930 securibus
1833 1879 1978 1918 humida
1997 1878 2097 1915 vitta.

1184 1948 1329 1986 Hiems.
1366 1951 1463 1988 Mihi
1486 1952 1582 1988 nuda
1614 1950 1781 1989 nondum
1813 1950 1998 1998 displicere
2032 1945 2158 1996 potest.
2186 1953 2225 1984 ut

1184 1998 1251 2036 sint
1271 2000 1367 2036 nuda
1390 2002 1477 2038 vina
1492 2029 1501 2046 ,
1533 2003 1757 2050 conglaciata
1781 2029 1791 2044 ,
1830 2001 1887 2038 sed
1911 2010 2004 2049 quae
2025 1998 2119 2035 nulla
2139 1997 2225 2035 tella

1184 2050 1244 2086 vel
1262 2050 1364 2088 dolio
1386 2052 1605 2095 vestiuntur,
1635 2053 1683 2089 ita
1707 2061 1746 2089 ut
1767 2052 1879 2089 securi
1903 2050 2033 2098 poss'int
2058 2049 2092 2084 in
2119 2048 2224 2103 frusta

1185 2097 1370 2145 dissecari,
1399 2103 1436 2139 ὅ(
1466 2103 1637 2140 homines
1666 2103 1772 2140 frusta
1803 2102 1935 2139 bibant.
1963 2102 2011 2138 ita
2035 2097 2225 2136 Claudiam.

1189 2161 1218 2187 1.
1240 2150 1276 2187 in
1298 2151 1383 2189 Ruf.
1408 2163 1491 2201 314.
1778 2151 1781 2155 ’

1238 2211 1449 2262 Caesamque
1467 2211 1581 2249 bibens
1603 2213 1782 2251 Maeotida
1806 2213 1959 2250 Alanus.

1188 2277 1248 2314 ubi
1269 2277 1353 2316 vide
1382 2280 1418 2316 in
1453 2278 1596 2316 Heinsii
1619 2280 1714 2316 notis
1744 2278 1871 2316 similia
1901 2276 2078 2323 exempla.
2107 2275 2149 2311 ὅζ
2173 2274 2222 2310 ita

1188 2328 1284 2364 nuda
1303 2329 1439 2367 hordea
1453 2357 1463 2373 ‚
1493 2329 1620 2366 messes
1638 2331 1676 2366 ὅ(
1698 2329 1826 2366 similia
1842 2341 1954 2378 ‚quae
1969 2325 2137 2411 flnmslstsl
2148 2323 2225 2410 sigi}

91 2440 236 2488 Eliquat
257 2470 266 2486 ‚
302 2454 344 2481 εν
374 2444 701 2493 tenerosupplant'at
720 2446 826 2483 verba
855 2448 985 2496 palato.
1032 2447 1124 2487 Illud
1187 2441 1250 2466 ¹¹¹·
1280 2429 1369 2485 Fast-
1399 2443 1480 2479 557-
1515 2430 1585 2465 uda
1620 2441 1709 2466 vero
1740 2429 1825 2467 ideo
1854 2441 1929 2466 non
1953 2428 2067 2474 placet
2092 2453 2101 2468 ,
2139 2424 2223 2471 quia

91 2491 202 2527 etiam
228 2491 435 2535 sciendum,
464 2494 603 2543 inliquo
616 2495 673 2531 seu
699 2495 812 2545 liquor
838 2498 954 2535 verbis
967 2498 1123 2545 primam

92 2540 275 2586 produci,
305 2543 339 2578 in
372 2542 482 2590 liquor
511 2546 667 2582 nomine
695 2547 826 2595 corripi
849 2560 856 2583 :
886 2547 935 2584 sic
958 2549 994 2585 in
1017 2549 1126 2597 lique-

84 2591 164 2637 sco,
192 2591 348 2640 liquefio,
377 2593 469 2642 liquo
488 2594 614 2642 liquas.
644 2597 804 2635 Meum..
853 2597 1015 2647 Defluxit
1042 2610 1131 2647 qua-

91 2648 188 2678 tuor.
214 2641 327 2678 altera
348 2645 455 2679 crevit
477 2645 647 2683 totidem.

147 2693 202 2729 16.
230 2693 330 2729 Bima
344 2693 493 2742 jacere]
528 2697 623 2733 Libri
647 2706 807 2744 veteres,
836 2711 987 2738 manere.
1015 2700 1130 2740 Cior.

91 2741 180 2778 Bina
204 2744 320 2780 inuiti.
341 2744 466 2780 bruma
489 2747 688 2795 quinque„
1029 2771 1031 2774 ⁴

104 2841 109 2845 ξ
143 2793 200 2831 18.
228 2796 393 2844 Tec‘laque
419 2796 550 2845 rapta]
582 2804 680 2833 Mota
701 2800 852 2853 Putean.

143 2866 199 2902 19.
229 2857 392 2903 Hirsutis.
418 2857 432 2905 Ἰ
487 2861 609 2905 Alias,
640 2862 786 2898 Pellibus
818 2874 861 2902 ey
891 2861 979 2909 sutis
1014 2873 1134 2901 arcent

93 2906 187 2942 mala
199 2908 333 2955 frigora
356 2907 494 2946 braccis.
540 2911 673 2959 Neque
695 2925 794 2949 enim
819 2913 894 2951 duo
921 2915 1132 2952 substantiva

92 2955 223 3006 absque
261 2959 524 3007 conjunctione
565 2962 703 2999 codem
751 2963 832 3001 casu
871 2965 977 3013 jungi
1006 2965 1133 3002 solent.

92 3005 267 3045 Micrti„
306 3010 365 3045 Hic
392 3011 548 3059 surisque
570 3040 580 3056 ‚
618 3013 678 3049 vel
710 3012 745 3048 in
762 3014 861 3061 fictis.
885 3014 1018 3052 Bersm.
1046 3015 1133 3053 Var.

94 3055 198 3095 Lec‘t.
226 3058 304 3095 hinc
333 3062 489 3111 sectisque
524 3063 722 3099 Gruterum
757 3063 919 3102 maluisse
961 3066 1134 3103 Heinsius

91 3114 290 3146 notaverat.
317 3109 397 3146 hinc
421 3124 484 3159 pro
506 3112 603 3150 ideo.
627 3112 770 3160 hirsutis
795 3115 854 3152 alii
876 3117 1055 3154 nonnulli.

144 3182 201 3218 19.
230 3173 369 3223 Mala]
410 3175 553 3219 Scribe,
582 3187 701 3213 arcent
722 3178 823 3214 male.
855 3180 1029 3228 quicquid
1051 3180 1131 3218 libri

86 3222 469 3322 zetiirleesgdiffentiunt.
497 3238 618 3278 neque
639 3228 699 3268 hic
731 3235 874 3269 tantum
888 3257 901 3277 ‚
928 3230 989 3270 sed
1011 3233 1048 3270 &
1070 3232 1132 3271 lib.

120 3297 127 3308 .
247 3299 255 3308 .
273 3284 349 3312 vu.

1180 2491 1256 2517 non
1280 2488 1396 2528 agitur
1408 2481 1452 2518 de
1464 2480 1765 2518 viniconditione
1780 2508 1788 2522 ,
1808 2491 1842 2516 in
1862 2479 2224 2532 qualfuitanthuain

1182 2532 1413 2578 congelaret,
1450 2531 1508 2568 sed
1538 2531 1732 2579 postquam
1767 2529 1963 2565 conllitcrit
1990 2527 2097 2575 gelu,
2127 2525 2165 2561 δε
2185 2536 2224 2561 in

1183 2581 1336 2628 glaciem
1360 2584 1488 2619 coierit
1526 2590 1563 2618 ut
1590 2582 1636 2617 ita
1658 2592 1745 2616 mox
1757 2579 1899 2627 fragiles
1910 2591 2020 2628 aquae
2035 2604 2044 2622 ,
2068 2587 2144 2613 non
2156 2575 2226 2613 hu-

1185 2631 1306 2669 midae
1325 2632 1560 2669 effodiuntur.
1590 2631 1702 2667 BURM
2216 2674 2224 2682 ·

1237 2694 1297 2729 25.
1329 2688 1371 2718 Ut
1406 2683 1518 2719 cunali
1547 2682 1754 2729 concrescant
1780 2680 1906 2727 frigere
1928 2677 2038 2726 rivi.]
2092 2677 2224 2732 Juncte

1188 2734 1351 2782 quinque
1379 2742 1532 2770 veteres.
1578 2744 1715 2779 repone
1737 2759 1747 2773 ‚
1793 2730 1913 2766 vincli.
1952 2729 2148 2784 quomo-do
2184 2738 2224 2763 in

1189 2783 1538 2833 Rottendorphiano
1581 2783 1702 2831 postea
1740 2782 1876 2818 inveni.
1931 2780 2041 2817 Pont.
2081 2779 2139 2816 lib.
2177 2789 2224 2814 ii.

1188 2833 1289 2881 Eleg.
1314 2847 1371 2872 11.

1241 2889 1410 2934 Terraque
1429 2885 1519 2931 pacis
1540 2883 1656 2932 inops,
1685 2883 1846 2931 undaque
1865 2882 1986 2918 vincla
2006 2879 2095 2928 gelu.

1189 2948 1248 2985 ubi
1270 2959 1456 2996 perperam
1474 2948 1853 2996 Ciofanusjunfftaque
1878 2958 1923 2984 ex
1946 2945 2014 2983 suis
2028 2943 2216 2984 codicibus

1190 3000 1296 3037 Pont.
1320 3011 1397 3036 111.
1422 2998 1525 3047 Eleg.
1551 3010 1581 3036 1.

1243 3066 1293 3097 Tu
1310 3060 1418 3110 glacie
1433 3062 1529 3109 freta
1553 3063 1674 3099 vinfla
1694 3073 1794 3100 tenes.

1185 3137 1280 3175 quae
1310 3127 1349 3164 ὅ(
1388 3127 1471 3167 illic,
1490 3139 1574 3165 vera
1604 3127 1652 3165 est
1681 3128 1862 3177 scriptum.
1899 3129 2031 3167 Horat.
2060 3139 2090 3167 1.
2119 3124 2227 3175 Epist,

1187 3189 1436 3278 ³1¹I'ate3b'rusque
1455 3229 1570 3266 nivali
1595 3230 1744 3278 compede
1773 3230 1924 3268 vinctus,

1186 3279 1223 3318 in
1246 3278 1407 3330 Priapeis
1428 3279 1551 3328 Epigr.
1572 3291 1687 3320 cxiii.

1370 3330 1498 3372 Eece
1527 3342 1547 3380 3

2173 3331 2194 3359 2³.
2201 3339 2227 3356 ἑ·
