2495 3675
401 201 962 268 EPISTOLARUM
996 202 1105 259 EX
1142 199 1413 260 PoNTo
1450 201 1573 260 Lm.
1611 204 1694 260 111.
1735 205 1912 266 Emsr.
1952 208 2046 268 v1.
2097 202 2100 204 ·
2165 200 2275 283 3η.-

411 304 526 361 Nos
545 347 557 366 ‚
596 302 785 377 quibus
813 299 1088 372 ingenium
1114 300 1261 372 longi
1287 298 1529 356 minuere
1555 296 1792 363 labores,

489 381 603 433 Aut
627 376 788 432 etiam
814 373 1016 429 nullum
1039 372 1255 427 forfitan
1278 385 1399 427 ante
1423 373 1551 437 fuit,

410 449 629 507 Viribus
657 447 876 508 infirmi,
915 442 1090 499 vestro
1116 445 1353 499 candore
1375 448 1626 502 valemuS.

488 523 669 596 Quem
693 519 826 575 mihi
844 518 880 572 fi
905 518 1112 580 demaS‚
1150 518 1328 572 omnia
1352 531 1497 590 rapta
1525 533 1727 590 putem.

277 611 339 664 15
413 595 729 665 Cunciaque
753 608 876 646 cum
905 607 1022 644 mea
1046 590 1142 644 sint
1168 592 1431 662 propenso
1456 591 1576 645 nixa
1602 592 1815 657 favore,

491 666 844 738 Praecipuum
870 664 1053 717 veniae
1074 663 1155 734 jus
1180 663 1337 717 habet
1366 664 1451 718 ille
1478 663 1626 718 liber.

415 740 722 812 Speciatum
747 749 889 791 vates
913 736 997 790 alii
1024 734 1272 806 scripsere
1298 736 1644 808 triumphurn.

491 812 583 868 Est
609 809 806 884 aliquid
832 808 1059 863 memori
1087 807 1189 862 visa
1212 821 1397 863 notare
1423 825 1597 864 manu,

409 886 524 942 Nos
547 902 610 939 ea
634 887 724 938 vix
743 880 949 936 avidam
974 881 1135 950 vulgo
1158 893 1365 952 captata
1388 899 1482 954 per
1506 896 1688 937 aurem

276 975 347 1015 20

494 955 830 1026 Scripfimus:
871 964 1030 1024 atque
1057 954 1198 1008 oculi
1222 954 1358 1008 fama
1385 954 1534 1010 fuere
1559 954 1682 1008 mei.

416 1030 628 1084 Scilicet
656 1025 892 1081 adfecius
918 1025 1132 1088 fimileS,
1169 1039 1257 1080 aut
1284 1027 1512 1099 impetus
1537 1027 1680 1080 idem
1699 1066 1714 1091 ‚

495 1099 680 1155 Rebus
703 1100 767 1153 ab
799 1098 991 1154 auditis
1016 1099 1419 1169 conspicuisque
1445 1101 1619 1154 venit?

419 1174 537 1229 Nec
561 1173 703 1227 nitor
730 1172 964 1242 argenti,
1001 1189 1163 1244 quem
1189 1189 1282 1226 vos
1307 1172 1530 1236 vidistis,
1571 1172 1625 1224 δε
1650 1173 1792 1236 auri,

489 1245 657 1318 Quod
684 1245 810 1299 mihi
833 1244 1129 1307 defuerint,
1165 1261 1502 1316 purpuraque
1527 1245 1638 1308 illa,
1680 1262 1895 1318 queror.

277 1328 346 1393 25
419 1320 525 1375 Sed
552 1320 694 1379 loca,
730 1317 820 1371 sed
847 1331 1032 1387 gentes
1057 1316 1313 1371 formatae
1339 1319 1478 1372 mille
1506 1318 1684 1388 figuris

492 1389 785 1447 Nutriffent
812 1406 1055 1451 carmen,
1093 1391 1401 1462 proeliaque
1426 1392 1528 1463 ipsa
1546 1430 1561 1455 ,
1598 1408 1794 1447 meum.

131 1659 182 1698 do
196 1685 206 1702 ‚
233 1656 292 1696 sed
312 1656 351 1696 in
370 1653 563 1704 triumphis
583 1659 668 1691 ante
689 1662 834 1690 currum
853 1649 978 1700 gestari
1003 1659 1063 1689 aut
1083 1650 1168 1690 duci

129 1709 302 1748 solebant.
327 1707 444 1757 Quod
457 1714 582 1744 autem
595 1703 640 1742 ad
651 1703 765 1742 finem
780 1703 818 1740 δε
838 1702 885 1740 de
901 1703 1016 1740 altero
1038 1703 1167 1740 trium-

130 1760 208 1809 pho
238 1760 412 1797 meminit
436 1758 552 1796 Poeta
573 1783 583 1800 ,
631 1766 744 1804 quem
778 1753 902 1790 eidem
933 1752 1092 1790 Tiberio
1122 1753 1168 1791 de

130 1811 325 1848 Germanis
347 1808 557 1848 ducendum
579 1805 679 1843 velut
699 1805 941 1841 vaticinatur:
972 1803 1008 1840 id
1031 1803 1167 1842 eodem

128 1861 251 1899 modo
263 1871 414 1909 expono
429 1887 439 1904 ‚
467 1867 507 1896 ut
526 1857 710 1906 superiora
731 1854 790 1892 illa
812 1855 849 1892 in
873 1852 1050 1891 Tristibus
1067 1866 1118 1891 iv.
1133 1864 1170 1891 2.

132 1911 261 1960 Elegia
288 1922 383 1959 quae
415 1909 543 1957 incipit
562 1936 573 1953 ‚
612 1906 705 1953 Jam
732 1907 812 1952 fera
834 1903 1041 1953 Caesaribus
1056 1904 1171 1952 potuit

133 1961 348 2005 Germania,
375 1971 449 2000 σε.
475 1959 620 1997 Scilicet
648 1964 688 1994 ut
717 1964 888 2003 putemus
912 1982 922 1998 ‚
950 1954 1107 1991 Po'e'tam
1130 1954 1173 1991 fi-

132 2013 264 2050 milem
287 2019 463 2049 eventum
484 2021 525 2045 ac
545 2007 658 2045 finem
679 2006 772 2058 belli*
796 2004 1035 2046 Germanici,
1062 2012 1172 2052 atque

134 2062 273 2112 lllyrici
291 2062 430 2105 fuerat,
459 2059 622 2096 divinare
635 2054 800 2092 voluifle.
851 2055 1175 2101 quue&trium-

132 2114 249 2161 phum
270 2111 429 2149 similem
457 2109 616 2147 Tiberio
640 2103 875 2155 praedixisse,
904 2105 979 2142 sive
1006 2104 1109 2153 quod
1129 2104 1175 2142 de

135 2163 362 2201 Germanico
387 2161 423 2199 in
455 2158 695 2197 Germaniam
727 2155 897 2204 profecto
918 2154 1086 2193 nondum
1110 2154 1175 2192 sci-

133 2221 210 2252 ret:
239 2213 314 2250 five
337 2213 447 2249 etiam
467 2209 569 2260 quod
591 2209 657 2245 hac
675 2206 926 2255 praedictione
944 2207 1093 2253 gratiam
1110 2206 1175 2244 ali-

133 2275 246 2312 quam
267 2261 288 2300 a
311 2263 468 2300 Tiberio
490 2261 580 2297 inire
594 2265 756 2306 cuperet.
787 2257 883 2293 Nam
897 2256 997 2303 supra
1019 2256 1171 2303 quidem
1225 2271 1228 2274 ⁴

133 2314 196 2351 lib.
207 2326 253 2350 11.
265 2313 367 2360 Eleg.
381 2325 410 2351 1.
440 2309 667 2348 Germanico
680 2306 801 2344 eidem
815 2306 1043 2354 triumphum
1059 2317 1172 2354 agen·

136 2363 227 2402 dum
249 2362 398 2400 divinat.
448 2361 563 2398 Unde
585 2360 623 2396 &
650 2357 715 2395 hic
732 2369 809 2394 non
831 2357 1021 2394 immerito
1042 2357 1170 2406 aliquis

136 2413 367 2456 existimarit,
381 2412 544 2459 Elegiam
565 2411 659 2446 hanc
671 2408 773 2445 citius
787 2435 797 2450 ‚
815 2418 924 2455 quam
947 2407 1170 2454 superiorem

135 2465 237 2502 illam
253 2492 263 2509 ,
290 2463 456 2511 scriptam
477 2457 578 2498 fuisse
602 2471 610 2495 ε
647 2457 747 2507 quali
768 2458 884 2495 Poeta
905 2458 974 2495 hac
989 2458 1068 2506 jam
1090 2458 1173 2496 scri-

135 2522 200 2564 pta
216 2543 227 2559 ‚
254 2523 332 2552 tum
356 2513 507 2550 demum
524 2511 568 2548 de
587 2509 800 2546 Germanici
822 2508 1054 2557 profeciione
1075 2509 1177 2547 audi·

138 2564 256 2604 viffet.
309 2563 380 2602 Sed
401 2561 550 2601 fortaflis
582 2560 627 2598 de
651 2560 720 2597 hac
742 2570 778 2596 re
800 2570 878 2596 non
898 2559 946 2596 ita
967 2559 1104 2596 curiose
1122 2561 1178 2597 in-

138 2615 362 2665 quirendum
377 2642 388 2660 ,
416 2613 622 2663 praesertim
643 2609 794 2660 quando
815 2608 949 2646 eodem
973 2621 1072 2646 anno
1084 2619 1178 2647 utra·

137 2678 212 2715 que
242 2666 369 2715 scripta
392 2692 403 2710 ,
441 2662 515 2702 five
545 2662 636 2700 haec
659 2688 670 2707 ,
713 2659 787 2699 five
815 2660 874 2698 illa
908 2660 1031 2709 prior,
1057 2660 1180 2701 fuerit.

137 2717 318 2756 Mrcru..

195 2792 230 2831 3.
256 2786 365 2833 thue
377 2780 439 2830 suo
458 2782 584 2826 faveas
600 2776 774 2821 manda,
803 2775 946 2822 Rufine,
973 2777 1179 2828 triumpha]

136 2834 247 2872 Haec
266 2833 316 2870 est
343 2841 512 2870 veterum
549 2828 812 2876 exemplarium
842 2828 1033 2876 scriptura,
1059 2841 1178 2878 quae,

139 2893 186 2923 ut
202 2890 315 2930 puto,
344 2893 430 2919 vera
451 2881 501 2918 est
525 2907 535 2923 ‚
574 2888 612 2917 ut
632 2878 673 2916 sit
699 2889 775 2922 τος,
803 2881 952 2926 quaein
976 2880 1068 2916 libro
1090 2892 1180 2917 con-

139 2935 286 2972 tinetur.
315 2932 423 2970 libello
445 2933 565 2969 minus
589 2930 705 2978 placet
723 2943 735 2972 ;
773 2940 858 2966 cum
890 2933 1002 2977 poeta
1024 2930 1153 2969 inferat
1165 2946 1177 2974 3

139 2984 184 3030 el}
203 2993 281 3032 opus
300 2983 474 3031 exiguum.
512 2981 681 3018 Cxorm.

200 3053 230 3093 ς.
258 3045 440 3096 Vestrisque
453 3043 634 3094 paratibus
663 3042 812 3094 impan]
868 3042 1038 3094 vastisque
1060 3044 1178 3082 Com-

143 3095 283 3134 bianus.
309 3106 349 3134 ut
367 3096 484 3134 infra:

193 3168 293 3199 Ferre
312 3162 417 3200 etiam
429 3164 544 3201 molles
567 3162 645 3212 elegi
666 3173 741 3199 tarn
763 3161 861 3210 vasta
882 3160 1051 3212 triumphi
1118 3206 1122 3209 ¹

249 3212 405 3249 Pondera
426 3214 614 3263 disparibus
635 3228 701 3250 non
716 3225 850 3263 potuere
871 3214 964 3251 rotis.

146 3278 290 3318 Heius.
320 3273 513 3324 Nostrisque
532 3278 604 3314 Ms.
621 3276 756 3315 Bersm.

199 3358 234 3394 7.
263 3344 381 3383 Firma
401 3342 522 3381 valent
539 3352 595 3393 per
610 3343 646 3394 se
666 3342 765 3395 tyn]
799 3343 925 3383 Sensus
938 3341 1010 3382 est:
1036 3340 1182 3391 Corpof

2193 1511 2269 1566 Et

1222 1664 1261 1691 ra
1284 1653 1386 1693 firma
1406 1666 1448 1693 ac
1479 1653 1598 1693 valida
1619 1665 1682 1703 per
1711 1652 1746 1692 se
1777 1652 1998 1696 consistunt,
2026 1660 2149 1700 neque
2178 1659 2272 1698 opus

1224 1705 1373 1743 medico
1394 1706 1529 1743 habent
1545 1734 1554 1750 ‚
1584 1706 1645 1755 qui
1669 1716 1710 1742 ea
1733 1705 1926 1743 conservat
1951 1714 1960 1740 ε
1988 1701 2036 1740 sic
2059 1702 2095 1739 ὃς
2114 1701 2204 1738 boni
2226 1711 2270 1738 ac

1225 1757 1437 1804 praestantes
1459 1757 1596 1794 Poetae
1636 1767 1712 1794 non
1739 1757 1904 1805 indigent
1941 1755 2071 1792 favore
2098 1750 2270 1795 lectoris,

1224 1807 1374 1853 quando
1402 1806 1560 1854 ipsorum
1601 1806 1762 1843 carmina
1790 1818 1853 1854 per
1889 1806 1924 1842 se
1955 1800 2271 1841 commendabilia

1225 1857 1333 1900 sunt,
1362 1858 1435 1894 ἃς.
1463 1864 1502 1894 ut
1523 1857 1620 1905 prius
1644 1856 1822 1894 distichon
1845 1855 2088 1893 collationem
2106 1851 2277 1889 medico-

1227 1917 1307 1944 rum
1324 1908 1359 1944 &
1374 1909 1641 1956 aegrotantium
1657 1934 1666 1950 ‚
1694 1908 1867 1955 posterius
1880 1905 2161 1952 adaptationem
2176 1902 2273 1947 Poe:

1228 1965 1347 1994 tarum
1372 1959 1408 1994 &
1430 1958 1632 1994 carminum
1656 1959 1855 1995 contineat.
1883 1957 2062 1994 Micrm..

1285 2006 1319 2046 S.
1346 2007 1524 2056 Dubius.]
1555 2007 1734 2044 Dubitans
1755 2020 1808 2056 pr.
1830 2008 1917 2045 edit.

1287 2070 1344 2095 10.
1371 2058 1569 2106 Qemlibet
1590 2058 1746 2094 int-itum
1759 2056 2000 2106 difficilemque
2022 2053 2168 2102 tenent]
2181 2054 2269 2093 Me?-

1228 2106 1296 2145 lius
1319 2109 1496 2146 Gruterus
1511 2137 1520 2153 ‚
1549 2107 1752 2157 <Quamlibet
1775 2108 1934 2145 invitum
1964 2107 2203 2155 difficilemque
2222 2107 2278 2144 te-‘A

1231 2171 1324 2197 nent.
1361 2160 1409 2196 D.
1429 2160 1577 2199 Hmms.
1614 2158 1819 2207 <Quamlibet
1847 2167 2006 2208 quatuor
2026 2158 2117 2195 libri.
2171 2154 2271 2193 Vide

1232 2210 1349 2248 Notas
1371 2210 1482 2258 Epist.
1499 2222 1554 2247 vr.
1574 2211 1624 2247 vs.
1643 2222 1719 2254 ¹40·
1747 2210 1892 2247 Hiems.

1287 2273 1340 2305 14.
1369 2260 1525 2309 ⁸Quem]
1555 2260 1659 2308 (egued
1681 2260 1892 2304 Leidenfis,
1924 2260 1961 2297 δί
1982 2270 2110 2307 margo
2131 2255 2275 2294 Bersm.

1228 2313 1342 2348 omnia
1362 2322 1465 2360 rupta
1483 2312 1632 2360 RegiuS.
1652 2311 1747 2360 detffe
1769 2312 1908 2349 Morcti
1925 2338 1934 2353 ‚
1964 2322 2030 2358 pro
2051 2320 2127 2359 quo
2150 2308 2274 2351 Hein:

1227 2363 1295 2401 sius
1315 2362 1485 2405 volebat,
1514 2363 1643 2399 demta.
1660 2371 1755 2410 putes
1775 2363 1885 2399 etiam
1905 2362 2054 2408 Regius.

1283 2426 1337 2461 ις.
1367 2417 1569 2463 Cunffr'aque
1591 2426 1667 2449 cum
1693 2426 1769 2449 mea
1784 2411 1910 2461 sumn]
1952 2412 2028 2447 Sint
2051 2420 2096 2446 ex
2122 2407 2273 2456 scriptis:

1234 2465 1378 2502 Herus·

1287 2518 1343 2553 16.
1372 2513 1634 2564 Praecipuum]
1666 2512 1847 2561 Praecipue
1868 2513 1904 2550 P.
1924 2512 2021 2549 Dan.

1288 2566 1344 2604 18.
1374 2566 1450 2614 Visa
1472 2564 1620 2614 notare]
1651 2564 1780 2612 scripta
1802 2565 1950 2601 Lovan.
1968 2561 2044 2610 visa
2066 2570 2177 2598 tenere
2197 2559 2273 2603 Pu-ss

1232 2623 1329 2654 tean.

1292 2678 1350 2717 19.
1378 2666 1479 2714 Vulgi
1499 2675 1636 2713 captata
1668 2675 1724 2715 per
1753 2663 1912 2714 aurem]
1965 2663 2064 2707 Alii,
2094 2661 2197 2710 Vulgo
2216 2661 2271 2700 le-

1234 2729 1347 2767 gunt,
1375 2728 1414 2755 ut
1433 2717 1473 2755 fit
1492 2718 1667 2755 sententia
1697 2716 1773 2754 talis
1797 2730 1804 2754 ε
1844 2718 1924 2753 Nos
1945 2726 1986 2752 ea
2018 2715 2078 2751 vix
2101 2712 2270 2750 videmus

1235 2781 1298 2817 per
1318 2769 1462 2807 avidam
1484 2779 1608 2805 aurem
1633 2776 1773 2816 captata
1789 2795 1798 2811 ‚
1825 2768 1899 2804 hoc
1921 2766 1969 2803 est
1989 2764 2108 2802 audita
2131 2764 2243 2809 vulgo
2257 2789 2270 2806 ,

1235 2819 1309 2857 five
1330 2821 1365 2857 in
1392 2819 1539 2867 publico
1564 2844 1574 2862 ,
1607 2819 1645 2855 δε
1674 2817 1773 2855 nullo
1794 2825 1894 2855 certo
1924 2824 2063 2854 autore.
2093 2814 2273 2850 Micrrr.

1238 2870 1339 2918 Vulgo
1361 2871 1490 2917 scripti.
1518 2870 1554 2906 δε
1572 2868 1672 2906 versu
1687 2869 1858 2917 proximo
1880 2878 1944 2915 pro
1966 2866 2120 2901 vidimus
2136 2892 2145 2907 ,
2174 2863 2272 2900 mul-

1236 2922 1283 2965 ti,
1303 2919 1509 2969 scripfimus.
1537 2921 1678 2958 Hems.
1719 2919 1771 2955 lta
1793 2919 1894 2965 vulgo
1923 2915 2124 2963 corrigebat
2151 2914 2272 2950 Hein-

1236 2972 1303 3009 iius
1316 2971 1374 3009 lib.
1395 2984 1422 3008 1.
1446 2970 1533 3007 Fast.
1554 2981 1640 3018 245.
1663 2969 1765 3017 vulgo
1786 2971 1937 3018 spectata
1956 2967 2101 3013 Junian.
2122 2966 2159 3002 ὃς
2180 2975 2274 3013 qua-r

1234 3031 1327 3060 tuor.
1345 3031 1403 3073 per
1422 3021 1538 3057 urbem
1566 3021 1677 3058 Servii
1699 3022 1733 3056 ὃς
1757 3020 1795 3056 Ρ.
1818 3021 1912 3055 Dan.
1937 3029 1969 3056 a.
1990 3028 2038 3054 m.
2063 3028 2115 3064 pr.

1285 3086 1346 3111 21.
1372 3071 1545 3121 Similes.]
1575 3071 1703 3107 Similis
1725 3071 1795 3107 Ms.
1817 3068 1950 3106 Bersm.
1976 3065 2268 3113 Ald.&Gryph‚

1286 3134 1345 3172 24.
1374 3123 1477 3170 Quod
1508 3123 1594 3159 mihi
1628 3119 1811 3169 asum-in]
1856 3118 2041 3166 Defuerint
2071 3117 2268 3165 Fragmcna

1234 3182 1314 3212 tum
1342 3175 1560 3211 Vaticanum
1579 3201 1587 3217 ,
1617 3173 1725 3220 paulo
1748 3170 1960 3220 elegantius.
1986 3169 2132 3205 Heius.

1288 3245 1348 3285 25.
1374 3236 1435 3273 Sed
1454 3236 1543 3279 loca,
1575 3234 1632 3269 vel
1648 3231 1802 3282 germen]
1833 3230 1894 3269 Sed
1912 3240 2022 3278 gentes
2041 3228 2097 3264 sex
2111 3225 2268 3271 septem->

1235 3300 1282 3325 ve
1304 3297 1455 3326 veteres.
1481 3285 1645 3325 nervose.
1674 3285 1817 3324 Hares.
1862 3282 1947 3321 vid,
1979 3279 2023 3318 ad
2052 3289 2087 3317 v.
2109 3277 2267 3311 Metam.

1241 3351 1301 3386 17.
2084 3377 2146 3414 26.
2168 3379 2270 3425 Prae:
