2495 3675
557 141 1196 205 TRISTIUM
1282 142 1480 197 Lrn.
1558 141 1594 197 Ι.

1670 143 1810 200 Ειιῑ
1831 166 1864 201 G
1904 146 1986 203 ΙΙΙ.
2152 146 2255 214 467

383 246 617 305 Dividor
643 244 786 303 haud
815 244 992 310 aliter,
1031 261 1191 318 quam
1215 241 1253 297 fi
1277 259 1395 296 mea
1419 238 1658 295 membra
1686 242 2014 315 relinquam:

450 319 519 375 Et
548 338 662 391 pars
689 320 935 399 abrumpi
957 335 1188 390 corpore
1215 316 1320 370 visa
1339 314 1434 369 suo
1458 314 1547 368 est.

236 412 299 464 75

377 393 499 462 [Sic
522 394 763 449 Priamus
791 391 992 454 doluit,
1028 404 1155 443 tunc
1181 406 1306 443 cum
1334 388 1387 441 in
1417 385 1682 442 contraria
1706 385 1880 441 versus

457 466 671 521 Ultores
695 464 877 519 habuit
905 462 1226 534 proditionis
1250 463 1467 534 equus]

376 538 528 594 Tum
552 555 683 592 vero
708 536 951 590 exoritur
974 535 1173 588 clamor
1200 534 1535 606 gemitusque
1566 547 1839 595 meorum;

446 614 516 666 Et
546 611 742 666 feriunt
768 607 998 662 moestae
1022 605 1236 679 pesiora
1263 605 1403 660 nuda
1431 622 1629 660 manus.

380 683 529 740 Tum
554 699 685 736 vero
709 679 907 749 conjux
933 679 1165 734 humeris
1189 678 1427 732 abeuntis
1452 677 1754 740 inliaerenS,

231 756 298 813 80

446 755 665 810 Miscuit
692 753 823 807 haec
848 753 1073 807 lacrimis
1098 750 1258 806 tristia
1283 749 1421 804 di<0ta
1444 750 1558 804 suis.

372 830 498 885 Non
527 842 680 900 potes
708 825 875 879 avelli.
915 825 1065 880 fimul
1091 825 1152 878 ah
1171 863 1185 886 ,
1224 823 1371 878 fimul
1397 822 1618 886 ibimm,
1656 821 1853 895 inquit!

445 900 537 956 Te
562 900 775 972 sequar3
818 897 874 952 &
901 897 1101 968 conjux
1126 896 1313 951 exsulis
1339 895 1482 950 exsul
1509 913 1620 949 ero,

374 972 448 1030 Et
477 973 605 1028 mihi
628 971 763 1027 fa&a
791 971 871 1026 via
896 971 996 1025 est:
1040 970 1094 1024 &
1121 987 1209 1024 me
1234 969 1373 1040 capit
1399 969 1582 1022 ultima
1610 968 1780 1023 tellus.

444 1045 720 1101 Accedam
742 1041 1005 1117 profugae
1032 1041 1228 1097 sarcina
1251 1057 1407 1113 parva
1431 1042 1544 1095 rati.

224 1121 289 1192 85
365 1118 455 1176 Te
474 1118 624 1190 jubet
652 1119 682 1173 ὲ
708 1118 876 1190 patria
899 1116 1175 1171 discedere
1202 1113 1436 1169 Caesaris
1461 1114 1566 1176 ira;

437 1190 538 1246 Me
563 1192 744 1264 pietas
780 1189 946 1262 pietas
973 1190 1103 1243 haec
1131 1186 1261 1241 mihi
1288 1186 1480 1240 Caesar
1505 1187 1620 1241 erit.

366 1265 525 1322 Talia
552 1264 813 1319 tentabat:
855 1261 922 1316 s1c
952 1262 1006 1315 δε
1034 1272 1329 1314 tentaverat
1357 1272 1504 1313 ante:

440 1338 661 1410 Vixque
685 1334 838 1391 dedit
861 1333 1023 1391 vifias
1047 1333 1274 1390 utilitate
1304 1348 1504 1388 manus,

72 1606 188 1646 'traria
209 1603 322 1654 versos
346 1601 475 1640 Ultores
509 1599 632 1638 habuit
646 1596 850 1650 proditionis
876 1610 986 1649 equos,
1039 1597 1119 1648 Qui

74 1667 172 1697 certe
193 1659 303 1706 equi,
332 1656 397 1699 (ut
417 1654 590 1691 omittam
612 1650 754 1690 nullum
777 1649 949 1688 codicem
971 1648 1118 1694 adduci,

69 1709 109 1747 in
130 1721 208 1758 quo
231 1715 332 1746 extet
353 1716 395 1743 ea
425 1703 560 1752 lectio)
588 1713 667 1741 non
697 1700 788 1739 versi
811 1701 848 1738 in
868 1700 1118 1745 contrarium,

71 1759 132 1798 sed
153 1760 234 1797 acti.
267 1759 391 1805 Equus
404 1756 585 1793 Durateus
601 1754 639 1792 in
661 1752 886 1791 contrarium
905 1750 1026 1788 versus
1046 1750 1116 1788 est:

69 1811 157 1860 quia
177 1809 198 1848 a
221 1808 395 1857 Trojanis
413 1817 549 1855 magno
573 1805 736 1854 primurn
762 1811 937 1851 exceptus
953 1800 1090 1850 gaudio
1103 1815 1114 1845 ;

34 1892 35 1897 ,
68 1860 213 1900 detesta
240 1860 360 1909 postea
381 1858 611 1895 Graecorum
632 1853 781 1898 fraude,
807 1863 872 1891 eos
893 1864 987 1902 quos
1008 1852 1116 1890 mini-

33 1923 50 1963 ς7
69 1923 134 1951 me
163 1910 436 1960 expectabant,
472 1909 548 1946 hoc
576 1906 624 1945 est
647 1934 657 1951 ‚
699 1905 820 1944 hostes
847 1903 1008 1942 advexit.
1062 1904 1117 1941 Ut

35 1962 234 2014 eprodisio,
259 1958 582 2010 quemadmodum
611 1968 689 1994 non
714 1955 827 1994 semel
859 1953 941 1992 alias
968 1955 1005 1992 in
1034 1954 1117 1992 scri-

36 2016 54 2054 ‘f‘
69 2014 140 2063 ptis
156 2022 324 2051 veterum
345 2039 357 2057 ,
390 2010 431 2048 fit
452 2012 571 2057 fraus.
608 2008 711 2045 Dm*
733 2007 878 2044 Heras.
931 2005 984 2042 Sic
1005 2005 1117 2042 doluit

35 2076 42 2095 -·
69 2064 202 2102 Metius
229 2063 458 2100 Combianus
486 2061 524 2098 ἃ
566 2070 658 2097 unus
692 2056 935 2095 Bononiensis
957 2084 967 2100 ,
1013 2056 1116 2105 quod

37 2148 43 2161 ,
68 2115 275 2165 Naugerius
307 2124 460 2162 quoque
490 2109 638 2149 videtur
665 2106 830 2158 probasse
852 2108 888 2145 in
911 2107 1022 2156 priori
1040 2106 1117 2144 edi-

39 2165 196 2210 atione,
224 2165 364 2203 secutus
385 2164 465 2201 illos
502 2162 565 2212 qui
596 2161 722 2208 legunt
745 2167 928 2208 praeterea
943 2185 953 2201 ,
982 2158 1019 2194 in
1043 2170 1117 2193 con·

38 2219 40 2221 ’
72 2218 186 2255 traria
206 2221 316 2265 versos
335 2226 446 2265 equos.
474 2212 508 2249 Si
530 2211 576 2249 de
595 2212 742 2249 Priamo
762 2209 1007 2257 intelligamus
1020 2235 1030 2251 ‚
1043 2220 1120 2246 ma-

26 2266 30 2271 ’
70 2266 135 2306 lim
151 2296 162 2312 ‚
187 2267 226 2305 in
255 2265 429 2303 contraria
460 2262 581 2312 versae
605 2260 807 2311 proditionis
825 2260 912 2308 legi.
937 2267 976 2296 ut
1000 2258 1044 2296 ad
1066 2270 1121 2296 ra-

26 2331 29 2339 ‘
70 2326 172 2368 ptum
198 2319 367 2356 Helenae
386 2315 532 2353 alludat.
558 2324 645 2351 nam
668 2321 765 2362 rapto
787 2310 833 2349 est
854 2311 890 2348 in
913 2321 990 2348 uno
1013 2309 1116 2347 codi-

70 2380 125 2408 ce.
152 2369 222 2408 Sed
245 2366 475 2415 comparatio
498 2376 625 2413 parum
646 2363 690 2401 ad
711 2374 788 2400 rem
810 2361 918 2403 facit,
945 2372 1116 2408 quocun-

69 2431 143 2469 que
182 2419 300 2458 modo
337 2419 444 2465 legas.
499 2416 608 2452 Metii
642 2421 766 2451 autem
807 2411 941 2460 injecta
972 2411 1116 2448 mentio

68 2471 176 2521 plane
197 2479 337 2519 praeter
357 2479 434 2504 rem
457 2465 518 2503 est.
546 2464 637 2512 quid
655 2463 758 2513 quod
779 2463 895 2510 prima
915 2461 1044 2509 syllaba
1076 2463 1114 2499 in

28 2542 45 2570 f>
69 2522 200 2559 Mettio
227 2518 438 2568 producitur
461 2515 477 2552 ?
522 2514 667 2551 Mettius
693 2514 794 2550 enim
827 2523 890 2559 per
921 2512 1054 2559 duplex
1083 2522 1117 2549 tt

16 2577 31 2586 ⁰
69 2571 312 2611 scribendum.
341 2569 467 2616 Quare
485 2575 602 2603 certus
622 2563 699 2601 sum
719 2564 793 2600 hoc
812 2561 1054 2599 distichon‘ab
1073 2563 1114 2599 il-

71 2621 106 2662 la
127 2634 241 2660 manu
259 2618 352 2662 effe,
377 2628 472 2665 quae
492 2616 628 2664 saepius
651 2622 799 2662 apparet
809 2624 872 2661 per
889 2613 956 2650 hos
981 2612 1090 2650 libros
1104 2642 1115 2659 ,

71 2684 199 2722 parurn
223 2668 452 2719 tempestiva.
487 2666 643 2705 habebat
662 2673 787 2704 autem
809 2666 846 2702 in
867 2673 994 2702 mente
1013 2664 1118 2713 supe·

71 2723 165 2763 riora
188 2723 248 2762 ista
262 2751 274 2768 ,

125 2798 217 2828 Haec
232 2791 340 2838 facies
362 2789 503 2839 Trnjae,
532 2800 609 2824 cum
640 2794 836 2837 caperetur,
861 2793 959 2828 orat,

49 2840 53 2844 δ
72 2856 235 2906 quisquis
253 2856 321 2892 hos
340 2853 459 2891 versus
477 2849 652 2894 confixit,
682 2845 870 2885 Salmasius
890 2843 980 2882 curis
993 2843 1119 2882 secun-

74 2909 128 2948 dis
149 2907 194 2944 ad
215 2906 362 2943 Florum
381 2904 474 2942 libro
498 2916 522 2941 1.
543 2913 620 2949 cap.
641 2911 706 2938 111.
734 2896 944 2946 castigabat,

130 2975 183 3013 Sic
201 2976 312 3013 doluit
334 2980 489 3015 Mettus,
512 2981 588 3007 tum
613 2981 691 3006 cum
711 2967 749 3004 in
770 2963 945 3003 contraria
968 2963 1087 3011 versus

178 3026 308 3064 Ultores
325 3024 446 3061 habuit
463 3019 665 3072 proditionis
683 3031 794 3068 equos.

80 3092 127 3132 de
144 3105 220 3142 quo
240 3094 288 3131 A.
302 3090 442 3129 Gellius
453 3088 512 3125 lib.
530 3098 590 3123 xx.
611 3096 685 3131 cap.
708 3083 828 3130 primo
849 3080 1031 3119 Noclium
1051 3078 1120 3115 At-

79 3145 230 3183 ticarum
249 3171 258 3187 .
285 3142 373 3179 binis
394 3137 570 3189 quadrigis
589 3137 626 3174 in
656 3132 794 3182 diversa
813 3131 1002 3169 nitentibus
1020 3131 1121 3166 evin:

81 3198 154 3232 t’tus
171 3206 214 3234 ω’
236 3194 403 3230 laceratus
425 3190 478 3237 est.
506 3189 651 3225 Herus.
691 3186 802 3221 Hunc
823 3194 974 3232 quoque
991 3182 1118 3233 locum

79 3252 195 3283 tentat
221 3244 340 3281 sanare
367 3242 436 3279 Vir
468 3239 628 3277 eruditus
654 3237 693 3273 in
719 3234 969 3284 Supplement.
992 3234 1122 3271 Actor.

78 3294 177 3343 Lips.
197 3302 290 3333 tom.
311 3305 364 3332 vr.
382 3290 465 3330 seo.
487 3301 523 3329 2.
547 3289 697 3339 legens,

2053 1450 2228 1527 Egre?

1227 1594 1280 1634 sic
1294 1596 1428 1644 primus
1447 1593 1579 1639 doluit,
1607 1601 1690 1632 tunc
1704 1621 1713 1638 ‚
1742 1592 1802 1641 qui
1822 1594 1859 1632 in
1879 1591 2055 1632 contraria
2075 1593 2188 1643 verfin

1277 1647 1406 1685 Ultores
1426 1646 1550 1684 habuit
1566 1645 1769 1695 proditionis
1788 1658 1898 1695 equos.

1173 1707 1346 1747 duritiem
1373 1707 1653 1748 constructionis
1672 1707 1721 1745 ita
1741 1703 1841 1755 poffe
1871 1706 2030 1744 emolliri
2056 1713 2172 1751 ratus,
2195 1706 2223 1746 fi

1172 1759 1234 1807 qui
1258 1768 1414 1808 ponatur
1432 1772 1499 1808 pro
1516 1759 1574 1797 ille
1595 1757 1654 1807 qui
1667 1758 1726 1801 ‚&
1739 1768 1821 1793 tunc
1839 1768 1905 1805 pro
1919 1757 2022 1795 olim.
2051 1756 2121 1794 Sed
2132 1757 2224 1796 haec

1172 1822 1251 1848 non
1268 1811 1364 1849 levia
1380 1838 1389 1855 ,
1417 1810 1476 1848 sed
1495 1810 1601 1858 plane
1623 1808 1748 1845 Genio
1771 1806 1963 1845 Ovidiano
1982 1818 2060 1844 non
2083 1818 2226 1845 conve-

1172 1862 1323 1899 nientia.
1351 1862 1502 1910 praestat
1521 1861 1603 1898 talia
1624 1858 1745 1897 ulcera
1757 1866 2013 1907 nontangere;
2043 1865 2140 1896 certe
2153 1869 2225 1908 ego

1173 1912 1264 1950 nihil
1288 1913 1349 1950 hic
1369 1913 1521 1950 extrico.
1549 1911 1679 1948 Euam.
1773 1950 1777 1954 ⁴

1225 1974 1284 2009 77.
1313 1968 1402 2000 Tum
1426 1961 1549 2012 vero.]
1578 1962 1668 2000 Hoc
1687 1959 1866 1999 distichon
1889 1958 1982 1997 abest
2007 1957 2224 1998 assernenfi.

1171 2014 1274 2061 quod
1295 2014 1449 2059 accidit,
1480 2013 1591 2051 credo
1605 2041 1616 2057 ,
1644 2012 1728 2061 quia
1755 2011 1907 2060 sequens
1926 2010 1970 2049 ab
1989 2010 2119 2048 iisdem
2142 2022 2226 2056 ver-7

1173 2063 1224 2102 bis
1255 2065 1432 2112 incipiens
1459 2065 1667 2102 Librarium
1691 2062 1851 2110 decepitt

1224 2115 1288 2153 80.
1316 2116 1422 2152 Dibia
1443 2114 1564 2164 mas]
1618 2114 1694 2150 Suis
1725 2114 1890 2162 quinque
1920 2111 2049 2159 scripti.
2078 2111 2226 2151 restiusss

1171 2165 1272 2203 Vide
1291 2175 1397 2204 notas
1420 2165 1528 2215 Epist.
1548 2162 1983 2213 xvxt.>6¹s.251.nonnulli
2003 2163 2223 2210 etiamfflerf

1173 2215 1228 2253 ba.
1258 2217 1397 2254 Heius.

1226 2267 1286 2304 81.
1316 2267 1429 2305 Simul
1447 2263 1675 2315 hinc‚fimul
1693 2264 1821 2301 ibimus
1840 2263 1982 2313 amba]
2008 2263 2137 2300 Ibimus
2163 2263 2219 2300 in·

1172 2317 1250 2366 quit
1271 2318 1435 2368 plerique
1455 2328 1609 2356 veteres.
1644 2318 1682 2354 ὃ(
1699 2314 1810 2364 simul
1840 2315 1887 2352 ah
1907 2315 2087 2352 nonnulli.
2125 2314 2219 2351 Scri-

1172 2369 1221 2405 bo
1245 2379 1427 2417 praeterea
1442 2398 1451 2413 ‚
1482 2375 1578 2406 Num
1599 2377 1690 2414 potes
1711 2366 1820 2403 avelli
1840 2375 1855 2404 ,2
1883 2365 1928 2404 de
1948 2377 2026 2415 quo
2044 2366 2088 2402 ad
2109 2363 2218 2413 Epist.

1173 2430 1252 2456 xvr.
1278 2421 1331 2463 ΧΤ.
1354 2424 1434 2469 364.
1463 2419 1547 2456 Val.
1576 2419 1721 2456 Flaccus
1741 2417 1803 2453 lib.
1825 2428 1860 2453 v,

1352 2471 1497 2518 Minyae
1517 2470 1663 2506 clamore
1681 2476 1865 2504 morantur
1877 2493 1888 2510 ,

1224 2521 1412 2571 Avellique
1433 2530 1571 2569 negant.

1171 2571 1317 2609 Hsms.

1226 2624 1285 2660 82.
1313 2629 1356 2659 Te
1373 2620 1536 2671 [equam]
1565 2625 1609 2656 Et
1624 2621 1751 2668 sequar
1773 2616 1900 2656 Servii.

1230 2673 1288 2722 83.
1320 2678 1363 2709 Et
1384 2687 1437 2709 me
1457 2673 1545 2719 capit
1566 2672 1694 2708 ultima
1716 2668 1852 2718 tellas]
1899 2669 2023 2716 Quam
2048 2679 2148 2707 mare
2166 2669 2218 2708 al-

1173 2724 1251 2762 luit.
1280 2725 1414 2772 ineptit
1436 2723 1574 2771 prorsus
1606 2720 1770 2762 Merula,
1798 2720 1860 2767 qui
1883 2718 2216 2766 Septentrionalem

1174 2778 1365 2824 regionem
1380 2777 1734 2823 interpretatur.tum
1751 2772 1908 2819 primum
1927 2781 1971 2806 ex
1993 2770 2091 2808 Italia
2102 2771 2217 2809 disce-

1173 2826 1281 2864 debat
1299 2830 1422 2875 poeta.
1444 2836 1491 2862 eo
1510 2825 1608 2861 enim
1632 2825 1667 2860 in
1690 2823 1775 2859 loco
1793 2832 1885 2858 uxor
1906 2832 1977 2857 una
2009 2833 2093 2859 cum
2118 2822 2217 2859 Ovi-

1174 2877 1239 2912 dio
1255 2878 1290 2914 in
1315 2887 1449 2913 navem
1469 2873 1712 2913 conscendere
1733 2873 1900 2910 tentavit.
1928 2871 2042 2910 Cxor.
2068 2871 2218 2914 Ultimus

1174 2926 1262 2962 orbis
1287 2927 1438 2963 Moreti.

1227 2976 1284 3021 8⁴.
1315 2974 1478 3024 Parva.]
1512 2974 1618 3011 Plena
1640 2973 1787 3011 Bonon.

1228 3027 1286 3073 85.
1314 3032 1357 3062 Te
1372 3026 1466 3070 jubet
1489 3024 1513 3062 ὰ
1529 3024 1686 3074 patriai]
1717 3028 1745 3060 E
1761 3022 1880 3073 patria
1898 3023 2014 3061 multi.
2044 3024 2191 3063 Herus.

1227 3078 1284 3122 ὃς.
1314 3076 1471 3125 Caesaris
1491 3075 1586 3124 ira.]
1621 3075 1732 3112 Iratus
1756 3074 1945 3123 Augustus.
1975 3075 2089 3112 ClOF.

1227 3128 1285 3164 86.
1315 3133 1374 3163 Me
1397 3127 1506 3175 pietas
1527 3155 1537 3171 ,
1570 3126 1679 3175 pietas
1710 3124 1790 3161 haec
1819 3125 1927 3167 mibi,
1957 3127 2084 3172 Caesar
2112 3124 2213 3173 erit.]

1177 3180 1367 3216 Summam
1389 3186 1498 3226 atque
1516 3176 1766 3214 incredibilem
1782 3186 1910 3213 movet
1933 3176 2223 3219 commiseratio<

1179 3241 1280 3268 nem.
1307 3240 1383 3277 quo
1405 3229 1440 3264 in
1464 3239 1597 3275 genere
1619 3228 1677 3264 liic
1702 3227 1832 3263 Noster
1851 3226 2006 3263 excellit.
2035 3228 2148 3261 Cror.

1231 3280 1292 3327 87.
1320 3281 1372 3315 Sic
1391 3278 1473 3327 eyn]
1504 3279 1595 3315 sicut
1621 3276 1772 3327 quidam
1799 3277 1973 3325 scripti&
1995 3275 2094 3361 editSi.

2084 3336 2120 3372 9.
2148 3325 2225 3370 Sine

1352 3330 1509 3367 Nnnz
