2495 3675
220 174 333 248 758-

687 166 748 229 P.
820 171 1236 232 OVI‘DII
1307 169 1845 238 NASoNis

519 265 579 322 N
588 282 691 322 unc
719 282 931 353 tua-pro
954 268 1100 350 lapsis
1125 270 1323 326 nitatur
1348 272 1514 343 gratia
1541 275 1697 331 re‘bus
1713 301 1732 337 3

380 355 447 408 50

595 340 856 415 Principls
880 356 1075 396 aeterni
1104 359 1264 414 quam
1311 345 1405 398 tibi
1431 347 1653 416 praestat
1679 367 1845 408 amor.

520 413 679 469 Nunc
711 416 804 470 tibi
832 418 883 468 &
910 414 1110 485 eloquii
1135 415 1278 468 nitor
1304 417 1389 471 ille
1418 419 1740 478 domesticus
1767 425 1926 494 adfir,

598 489 727 559 Quo
753 500 962 559 poteras
987 487 1209 558 trepidis
1235 490 1375 545 utilis
1401 490 1504 547 effe
1529 495 1645 550 reis,

522 559 676 615 Vivit
701 560 843 613 enim
869 558 923 611 in
950 556 1100 613 vobis
1128 558 1347 616 facundi
1372 564 1552 637 lingua
1577 571 1844 641 parentis;

599 632 669 687 Et
693 648 773 685 res
798 629 1054 686 heredem
1082 634 1283 705 reperit
1310 636 1394 690 illa
1421 637 1589 696 suum.

377 721 446 774 55

521 705 681 762 Hanc
707 720 810 774 ego
835 720 946 759 non
963 743 976 766 ,
1017 717 1076 759 ut
1100 722 1190 760 me
1217 707 1516 768 defendere
1541 726 1746 778 tentet,
1785 718 1954 778 adoro
1971 748 1999 792 ς,

594 776 721 830 Non
749 775 823 831 est
851 776 1075 832 confeffi
1100 779 1269 835 cauffa
1295 783 1494 839 tuenda
1517 787 1610 843 rei.

521 850 671 905 Num
697 862 874 904 tamen
900 849 1115 906 excuses
1142 856 1336 909 erroris
1361 856 1592 930 imagine
1616 861 1843 931 facium,

598 924 688 977 An
714 924 842 978 nihil
868 922 1118 995 expediat
1147 927 1248 981 tale
1274 945 1522 996 movere,
1560 935 1702 990 vide.

380 1070 452 1134 60

520 995 772 1074 Vulneris
796 995 852 1049 id
878 1013 1045 1068 genus
1067 996 1177 1080 est,
1196 1002 1365 1082 ‚quod
1395 1021 1518 1059 cum
1546 1005 1768 1065 sanabile
1792 1027 1902 1071 non
1924 1016 2018 1083 fit,

599 1069 726 1123 Non
759 1068 1083 1125 contrectari
1110 1083 1274 1128 tut1us
1300 1075 1402 1131 effe
1428 1090 1631 1149 putem.

523 1141 764 1212 Lingua,
803 1140 916 1225 file:
961 1160 1072 1225 non
1099 1143 1174 1199 est
1200 1147 1332 1201 ultra
1356 1150 1612 1208 narrabile
1635 1134 1951 1231 quidquam.

605 1213 760 1270 Poffe
782 1215 943 1271 velim
969 1233 1176 1273 emeres
1204 1219 1433 1278 obruere
1464 1223 1574 1296 ipse
1601 1242 1767 1286 meos,

231 1480 239 1491 '
284 1480 348 1533 '562
375 1479 542 1532 Principis
561 1480 694 1521 aeterni
705 1494 812 1533 quam
825 1482 890 1523 tibi
897 1482 1041 1534 praestet
1054 1483 1184 1534 amora]
1197 1483 1279 1525 Aust

235 1533 388 1589 'praestat
406 1533 604 1582 legendum
626 1545 711 1572 cum
736 1534 890 1583 Argent.
916 1536 1069 1584 aliisque
1087 1535 1251 1584 plurimis
1265 1552 1277 1581 ;

237 1597 325 1631 aut,
352 1596 531 1622 aeternum
549 1585 711 1634 praestet,
739 1586 820 1630 vel,
848 1595 1041 1624 aeternam.
1065 1586 1131 1624 nifi
1145 1588 1279 1633 mavis,

237 1636 407 1686 Principis
427 1634 557 1673 alterni
574 1648 683 1686 quam
707 1634 772 1673 tibi
787 1637 936 1686 praestat
962 1650 1072 1676 amor.
1090 1645 1130 1675 ut
1152 1638 1198 1676 de
1208 1638 1281 1677 Ti-

236 1689 342 1728 berio
365 1687 475 1725 etiam
489 1687 721 1737 intelligatur.
747 1687 808 1726 sed
822 1689 940 1727 verius
951 1688 1119 1726 alterum.
1137 1689 1281 1729 Hiems.

236 1740 301 1779 Al.
313 1737 478 1790 praestat.
493 1745 532 1776 ut
558 1750 657 1777 nunc
679 1739 924 1788 interpretor,
952 1741 1075 1788 §Luam
1100 1739 1164 1777 tibi
1183 1750 1283 1788 prae-

232 1791 300 1841 stet
315 1789 470 1838 gratiam
497 1801 595 1827 amor
618 1790 808 1839 Principis,
836 1803 936 1840 quem
958 1799 1131 1840 propterea
1158 1791 1282 1841 longis-

229 1841 313 1893 fimt'
332 1840 412 1877 aevi
430 1839 576 1878 ominor.
600 1840 716 1889 potest
738 1841 850 1878 etiam
870 1840 940 1889 legi
962 1867 973 1885 ,
999 1850 1159 1878 aeternus
1182 1851 1283 1890 prae-

232 1891 299 1941 stet
318 1904 416 1928 amor
435 1905 446 1933 ;
487 1889 547 1927 vel
567 1902 652 1928 curn
676 1890 832 1929 Heinsio
855 1901 1034 1929 aeternum
1048 1920 1059 1938 ‚
1087 1892 1150 1931 scu
1171 1903 1282 1940 aeter-3

238 1955 339 1989 asam.
366 1941 544 1979 Aucroa
573 1942 724 1980 Effer.
747 1942 879 1981 ETON.

291 2016 350 2052 51.
379 2010 483 2041 Nunc
503 2002 607 2053 tibi.]
653 2003 812 2049 Malim,
840 2002 940 2041 mihi.
968 2004 1081 2040 Nunc
1101 2000 1193 2039 mihi
1217 1999 1284 2038 ad-

237 2053 283 2093 fit
299 2055 490 2104 eloquium
518 2063 639 2093 tuum.
665 2054 763 2092 recte
794 2062 917 2091 autern
948 2053 1037 2090 illud
1059 2080 1070 2097 ‚
1107 2053 1199 2089 nitor
1215 2049 1282 2087 elo-

241 2105 319 2153 quii
337 2104 531 2151 domesticus
546 2133 556 2150 ,
582 2105 721 2142 namin
741 2103 903 2141 Meffalla
923 2102 1094 2141 Corvino
1117 2104 1282 2140 nitorem

238 2156 416 2194 orationis
429 2155 588 2194 multum
602 2155 842 2193 commendat
854 2153 1141 2203 Quinctilianus.
1154 2153 1191 2190 δε
1203 2152 1285 2190 Ta-

241 2207 305 2244 cit.
325 2206 386 2244 lib.
407 2218 470 2244 111.
497 2209 594 2244 Ann.
618 2218 675 2255 34.
699 2212 787 2242 Mox
808 2205 963 2242 Valerius
985 2204 1210 2253 Meffalinus,
1227 2202 1285 2240 cui

238 2265 364 2307 parens
396 2257 555 2306 Messalla
574 2285 585 2303 ,
623 2257 804 2306 ineratque
825 2255 938 2303 imago
962 2264 1126 2304 paternae
1148 2257 1282 2302 facun-

245 2307 328 2345 diae
349 2335 361 2352 ,
388 2307 570 2356 respondit.
622 2308 767 2344 Herus.
823 2306 940 2344 Redie
968 2305 1057 2343 mihi
1085 2305 1280 2343 Heinsius:

239 2358 305 2397 sed
327 2359 377 2396 ita
398 2359 536 2407 explica
559 2371 568 2395 ι
614 2357 703 2396 illud
732 2357 925 2406 eloquium
949 2384 959 2402 ‚
996 2368 1073 2406 quo
1095 2356 1190 2394 utilis
1209 2355 1281 2394 esse

241 2409 336 2448 soles
367 2410 457 2452 reis,
485 2408 573 2446 adsit
602 2420 702 2447 nunc
729 2409 846 2453 mihi,
874 2408 911 2446 id
934 2407 982 2445 est
1012 2408 1281 2456 patrocinetur:

243 2471 332 2499 narn
354 2460 457 2509 adesse
476 2460 543 2497 reis
564 2459 735 2497 advocati
761 2458 943 2497 dicuntur.
972 2459 1062 2496 haec
1094 2458 1119 2496 fi
1143 2456 1282 2506 legiffet

241 2509 512 2549 Freinshemius
524 2537 534 2554 ,
546 2522 623 2547 non
641 2509 736 2558 apud
750 2509 927 2548 Tacitum
941 2508 1132 2557 imaginem
1151 2511 1286 2556 facun-

249 2561 329 2598 diae
349 2573 415 2610 pro
436 2561 510 2599 levi
541 2561 660 2608 specie
682 2558 871 2600 sumsisset.
916 2560 1124 2608 praesertim
1151 2560 1177 2596 fi
1196 2560 1285 2597 huic

249 2610 401 2659 Elegiae
427 2611 602 2661 junxisset
632 2619 797 2660 quartam
826 2611 906 2649 libri
926 2622 983 2649 xv.
1013 2609 1123 2648 Trist.
1153 2610 1216 2648 ubi
1246 2611 1286 2647 in

249 2661 445 2700 Melsalino
460 2691 470 2708 ,
493 2662 603 2712 patrii
623 2662 780 2700 candoris
799 2660 912 2712 imago
926 2689 936 2706 ‚
949 2662 987 2699 &
1005 2662 1142 2710 patriae
1153 2662 1286 2708 facun-

246 2712 310 2802 Ξὶὲα
329 2712 464 2801 gaguae
484 2713 661 2752 laudatur.
679 2715 785 2761 furor
808 2713 866 2751 ille
891 2713 1047 2762 Argent.
1065 2711 1194 2762 eloquio
1213 2711 1288 2749 Po-

292 2791 300 2801 ·
361 2776 459 2801 URM.

256 2886 286 2926 C
304 2847 360 2884 52.
388 2839 536 2888 Trepidis
552 2840 672 2891 viris]
704 2842 830 2892 Lege,
843 2841 907 2880 reis
926 2853 971 2881 ex
983 2839 1167 2881 veteribus
1183 2839 1292 2879 libris.

290 2900 424 2927 IOFAN.

309 2962 368 3001 54.
397 2954 503 3007 Illas]
533 2956 633 3003 Alii,
662 2957 753 3007 ipsa,
784 2957 871 3003 vel,
899 2957 974 3006 ista.

305 3040 363 3082 5¹7.
395 3038 492 3092 Num
512 3037 669 3088 tamem]
695 3043 776 3074 Non
797 3037 874 3076 Ms.
894 3038 931 3074 &
955 3037 1043 3076 editi
1062 3039 1294 3092 quidam.sed

251 3081 338 3134 Jun.
358 3097 413 3122 nec
436 3097 541 3135 prim.
564 3087 659 3126 Edit.
680 3100 771 3125 nunc
793 3088 892 3125 Edit.
911 3087 1048 3128 Bersm.

303 3160 364 3197 57.
393 3147 526 3185 Erroris
546 3148 669 3197 origine
685 3147 861 3199 fufium]
884 3150 1178 3197 rmaginerefflus
1188 3154 1286 3194 mul-

249 3200 294 3246 iti.
314 3198 362 3237 fic
379 3199 442 3238 lib.
462 3211 528 3237 111.
551 3199 652 3247 Eleg.
675 3212 735 3236 ιιι.
1281 3199 1286 3204 ’

248 3316 292 3359 Ἠ
304 3270 356 3303 Tu
374 3264 451 3304 licet
471 3263 592 3317 erroris
603 3263 669 3316 sub
688 3263 836 3316 imagine
858 3265 986 3306 crimen
1003 3263 1194 3317 obumbresg'

293 3329 406 3361 fixus..

2292 1364 2397 1423 Sic·

1391 1484 1457 1546 583
1479 1492 1664 1548 Movere]
1712 1492 1771 1533 Sic
1791 1495 1831 1535 in
1861 1496 2041 1538 ambobus
2071 1499 2196 1539 Vatic.
2213 1500 2321 1542 Maff.
2340 1503 2382 1543 δε

1332 1537 1492 1597 Urfiiir,
1526 1543 1563 1581 ld
1586 1545 1636 1583 est
1657 1573 1668 1590 ,
1705 1548 1876 1595 experiri.
1912 1550 2081 1590 Crorm.
2130 1558 2273 1592 Movere
2294 1565 2382 1594 cum

1333 1589 1549 1631 melioribus
1572 1595 1769 1646 plerisque.
1800 1600 1944 1639 Huius.
1973 1608 2115 1640 Monere
2134 1603 2210 1642 alii.

1389 1673 1449 1710 59.
1478 1667 1559 1699 Non
1571 1661 1658 1723 fit.]
1694 1666 1765 1724 ‘Est
1794 1670 2033 1710 membranae
2064 1673 2220 1714 nostrae.
2257 1675 2386 1724 proxH

1338 1723 1428 1769 mo,
1453 1714 1513 1762 effe
1530 1716 1726 1763 putohbn,
1753 1728 1912 1770 excepto
1935 1736 2026 1762 uno.
2054 1725 2246 1773 Quicquid
2259 1731 2388 1767 autemvv

1335 1762 1407 1820 istis
1423 1762 1508 1810 fiat,
1535 1765 1736 1815 legendum
1766 1771 1935 1819 videtur,
1965 1788 2023 1812 nec
2043 1775 2270 1821 contrectari,
2291 1789 2380 1817 nam

1334 1813 1467 1861 legitur
1482 1843 1492 1859 ‚
1519 1815 1581 1873 {roc
1601 1831 1692 1864 non,
1720 1822 1779 1860 vel
1794 1850 1804 1867 ,
1831 1837 1900 1861 non
1923 1825 1985 1863 hoc
2001 1828 2163 1866 narrari.
2203 1828 2386 1868 Aucroe.

1337 1863 1490 1920 Eri-zer.
1508 1866 1637 1925 [arou.
1664 1872 1830 1911 curabile
1855 1874 1993 1915 Bersm.
2021 1877 2120 1917 Edit.
2142 1879 2264 1928 quiin
2286 1891 2385 1919 mar·

1336 1926 1446 1963 gine,
1473 1918 1651 1957 narrabile
1666 1949 1677 1967 ,
1705 1923 1745 1960 δε
1767 1925 1966 1967 narrabile.
2378 1919 2387 1928 Α

1387 1995 1450 2032 60.
1479 1999 1560 2032 Non
1580 1998 1822 2047 contrectari]
1863 2000 1974 2039 Ita-in
2000 2003 2141 2042 Aldino
2163 2005 2200 2042 δί
2222 1983 2390 2044 melioriss

1337 2043 1416 2083 bus.
1444 2045 1609 2085 FABiuc.
1636 2053 1719 2085 Non
1749 2048 1809 2086 hoc
1833 2053 1984 2089 tractari
2014 2054 2091 2092 duo
2114 2055 2234 2094 Vatic.
2257 2056 2386 2095 Paullo

1337 2095 1480 2134 suavius
1501 2098 1538 2134 in
1565 2098 1657 2135 libro
1680 2098 1826 2146 Ursini,
1854 2107 1925 2138 Hoc
1948 2115 2017 2140 non
2039 2108 2198 2145 tractari.
2212 2107 2384 2145 Maffeia·

1337 2157 1406 2184 nus
1416 2155 1550 2204 ‘autem
1582 2148 1695 2194 liber,
1724 2156 1810 2189 Non
1837 2155 2042 2193 contrectari
2070 2157 2194 2196 habet.
2220 2157 2324 2207 quod
2342 2157 2382 2196 &

1337 2198 1424 2236 ferri
1445 2199 1575 2247 potest.
1603 2199 1775 2240 CxorAN.

1389 2271 1451 2310 60.
1478 2277 1589 2310 Tutus
1610 2273 1661 2322 eff
1664 2275 1791 2325 puto.]
1840 2284 1967 2316 Putem
1988 2292 2074 2318 cum
2095 2281 2304 2321 Hafnienfi.
2330 2282 2386 2328 seae'j

1337 2334 1455 2374 quens
1486 2322 1664 2363 distichon
1694 2327 1869 2366 nonnihil
1899 2330 1948 2368 est
1977 2330 2197 2380 suspectum.
2235 2335 2389 2373 Herus..
2424 2327 2428 2331 ”

1390 2400 1451 2457 63..
1478 2401 1568 2452 Poffi·
1588 2404 1698 2442 velim
1722 2405 1848 2444 cineres
1863 2407 2002 2446 obruere
2024 2410 2088 2460 ipſs:
2114 2411 2242 2463 υκαι]
2274 2414 2387 2453 Unus>=

1338 2450 1465 2492 Vane.
1493 2463 1576 2491 ante
1596 2468 1696 2494 meos.
1722 2455 1895 2497 CrOFAN.

1344 2581 1354 2587 ι
1390 2531 1461 2589 ὅς..
1479 2533 1669 2585 Vultusque
1693 2537 1864 2586 remiserit
1892 2538 1968 2576 illos
1986 2568 1997 2584 ‚
2032 2541 2109 2589 Q?
2129 2541 2248 2588 secum
2273 2546 2403 2580 terras-

1339 2591 1588 2634 zmperusmque
1613 2588 1795 2636 moveam]
1828 2590 1917 2627 Hoc
1938 2590 1986 2628 est
2001 2618 2013 2636 ,
2039 2592 2160 2629 vultus
2183 2593 2263 2630 illos
2282 2592 2387 2631 seve-

1340 2644 1399 2689 ros
1423 2635 1611 2691 &graves
1635 2665 1646 2682 ,
1683 2650 1846 2687 quorum
1877 2650 1971 2678 nutu
2003 2641 2077 2679 five
2102 2643 2236 2681 intuitu
2260 2650 2386 2681 totum

1339 2694 1538 2741 imperium
1561 2698 1853 2736 commovetur,
1879 2690 2088 2740 deposuerit
2119 2700 2230 2740 atque
2248 2692 2389 2731 exhila-

1343 2743 1450 2780 rant,
1477 2748 1555 2774 non
1575 2738 1785 2785 delectarit,
1811 2749 1852 2779 ut
1874 2742 2020 2780 Merula
2044 2745 2210 2790 exponit.
2264 2744 2407 2790 Mox,.

1344 2785 1561 2842 PUulvinaria
1582 2789 1673 2837 sua,
1701 2793 1827 2839 accipe
1854 2803 1922 2840 pro
1941 2794 2129 2838 thalamo,
2156 2793 2231 2831 five
2255 2795 2390 2843 conju—

1345 2846 1446 2895 gio&
1463 2839 1565 2887 quod
1584 2840 1875 2888 pulvinariorum
1906 2845 2063 2881 nomine
2093 2844 2270 2891 appellat,
2298 2845 2390 2882 adu-

1348 2887 1447 2925 landi
1468 2890 1603 2935 gratia,
1630 2900 1807 2941 tanquam
1829 2894 1875 2930 de
1897 2892 1964 2931 diis
1991 2895 2149 2943 loquens
2163 2922 2173 2938 ,
2200 2896 2330 2942 quibus
2349 2896 2389 2933 in

1351 2938 1497 2986 templis
1524 2941 1725 2987 pulvinaria
1745 2943 1852 2981 sterni
1873 2943 2048 2983 solebant.
2077 2946 2253 2981 Mrcrm..
2287 2945 2390 2991 Bersff

1349 2999 1507 3027 mannus
1523 2990 1754 3039 pulvinaria,
1780 2994 1919 3043 templa
1940 2995 2207 3044 interpretatur.

1399 3055 1459 3092 66.
1487 3057 1562 3112 {Qui
1581 3058 1699 3105 ficum
1728 3069 1839 3097 terras
1862 3088 1874 3104 ‚
1919 3061 2168 3110 imperiumque
2203 3060 2388 3114 movent]

1348 3103 1510 3154 Exposui
1528 3107 1627 3146 hunc
1645 3110 1770 3148 locum
1793 3111 1897 3159 Eleg.
1919 3113 1958 3148 &
1976 3111 2036 3147 lib.
2060 3123 2088 3148 1.
2111 3110 2222 3148 Trist.
2246 3113 2363 3152 Cror.

1397 3169 1456 3210 67.
1483 3169 1699 3220 Exiguam]
1730 3171 1865 3213 Forte,
1892 3169 2077 3216 exiguum,
2106 3183 2169 3219 per
2189 3172 2397 3219 appositio-2—

1340 3230 1548 3309 gerrhssme
1580 3222 1780 3273 exiguum,
1807 3221 1848 3260 ὅ(
1879 3219 1993 3267 vilem
2006 3231 2055 3260 ne
2086 3223 2176 3261 velit
2196 3221 2267 3261 effe
2286 3236 2390 3273 praeq

1368 3281 1441 3311 am.
1498 3283 1619 3311 unm...

2230 3374 2296 3421 959-Ῡ
2322 3378 2394 3424 Καὶ
