2495 3675
240 175 340 250 348

714 178 775 235 P.
852 176 1270 237 OVIDII
1343 173 1878 237 NASONIS

557 273 814 348 Dumque
843 294 994 333 mora
1019 277 1122 341 est,
1158 276 1384 332 tremula
1412 274 1503 328 dat
1529 273 1649 328 vina
1677 276 1920 335 rubentia
1945 279 2151 340 dextra.

637 350 856 422 Accipit
881 368 1176 421 aequoreus
1205 349 1394 423 pocula
1423 347 1592 419 prima
1619 346 1784 403 Deus.

563 420 718 494 Quae
744 422 890 477 simul
919 423 1186 485 exhaufit;
1228 423 1312 477 Da
1339 438 1480 476 nunc
1510 419 1654 474 bibat
1679 421 1902 488 ordine,
1939 424 2105 490 dixit,

522 492 524 494 ’
630 494 892 567 juppiter.
930 495 1117 549 audito
1142 495 1322 566 palluit
1358 496 1444 549 ille
1463 492 1618 564 Jove.

425 587 522 639 515
558 565 638 621 Ut
665 568 824 620 rediit
851 568 1089 629 animus;
1132 568 1395 622 cultorem
1420 567 1663 639 pauperis
1688 568 1801 640 agri
1919 624 1921 626 ,

644 639 915 703 Immolat‚
954 640 1008 693 &
1039 658 1236 711 magno
1260 653 1428 694 torret
1453 640 1508 693 in
1532 640 1655 709 igne
1681 640 1893 696 bovem.

572 713 836 784 Quaeque
860 730 994 785 puer
1020 713 1294 785 quondam
1323 713 1502 784 primis
1527 710 1815 768 diffuderat
1844 715 1989 770 annis
2005 753 2023 780 ,

647 784 836 839 Prodit
868 785 1076 840 fumoso
1101 786 1320 840 condita
1347 785 1466 839 vina
1493 783 1646 839 cado,

571 858 691 912 Nec
717 876 895 913 mora:
937 858 1248 913 flumineam
1273 859 1384 913 lino
1410 857 1702 912 celantibus
1730 860 1938 925 ulvam,

435 950 540 1003 520

652 929 738 985 Sic
768 949 986 1005 quoque
1012 949 1121 986 non
1149 933 1262 986 altis
1293 932 1584 986 incubuere
1619 932 1764 987 toriS.

575 1004 733 1058 Nunc
767 1005 929 1076 dape,
970 1023 1112 1060 nunc
1137 1005 1310 1077 posito
1336 1004 1544 1058 mensae
1570 1003 1778 1059 nituere
1805 1004 2007 1078 Lyaeo⁰

651 1075 827 1132 Terra
852 1078 1046 1134 rubens
1073 1092 1273 1142 crater,
1314 1078 1507 1150 pocula
1534 1076 1684 1148 fagus
1715 1092 1879 1134 erant.

340 1344 496 1396 Contigit
518 1343 684 1394 hesternos
704 1355 757 1380 ore
778 1351 944 1382 tremente
956 1343 1061 1392 focos.

288 1411 433 1450 Hzms.
462 1409 610 1460 Excuffit
631 1409 675 1447 ab
694 1422 760 1446 ara
779 1409 944 1447 Voffian.
963 1408 1089 1446 malim
1111 1408 1222 1447 etiam
1237 1435 1248 1454 ‚
1280 1413 1341 1446 In-

289 1462 353 1508 de,
375 1475 464 1512 genu
483 1460 583 1512 pofito
607 1489 618 1507 ,
648 1461 691 1499 *id
722 1460 771 1498 est
793 1471 813 1497 a
843 1460 959 1509 stipite
983 1459 1059 1497 illo.
1096 1472 1186 1496 aura
1213 1466 1339 1498 autem

288 1525 358 1563 pro
381 1513 490 1558 flatu,
519 1513 640 1561 spiritu
655 1540 664 1555 .
693 1510 842 1557 anima,
866 1520 907 1550 ut
921 1510 1019 1560 apud
1041 1510 1165 1550 Valer.
1193 1510 1246 1550 Fl.
1277 1523 1342 1550 111.

294 1564 376 1604 108.
407 1565 459 1603 uti
474 1563 559 1602 vide
583 1561 792 1601 Heinfium.

344 1615 430 1664 508.
456 1619 503 1652 Et
518 1613 645 1664 promit
672 1612 850 1664 quaſjas.]
899 1613 1036 1660 Profert
1064 1612 1172 1651 multi
1198 1623 1244 1651 ex
1262 1623 1342 1651 me-

288 1664 452 1705 lioribus.
476 1676 564 1703 nam
580 1665 708 1716 promit
729 1675 820 1701 mox
839 1664 1022 1714 sequitur,

344 1718 479 1754 Premit
492 1717 628 1766 fumoso
648 1714 787 1752 condita
803 1716 891 1753 vina
911 1714 1006 1753 cado.

291 1766 355 1805 ubi
376 1776 502 1805 tamen
514 1767 654 1804 Mazar.
674 1765 795 1802 Prodit
809 1792 819 1810 ‚
848 1765 1006 1815 eleganti
1024 1766 1218 1805 locutione
1232 1794 1242 1811 ,
1256 1777 1342 1804 cum

293 1829 374 1855 uno
404 1818 525 1855 Patav.
545 1818 583 1856 δί
607 1816 897 1865 Gottorphiano.
928 1817 1022 1855 Met.
1044 1829 1098 1857 ιν.
1127 1829 1173 1856 ex
1195 1818 1344 1867 optimo

299 1867 430 1907 codice
447 1897 458 1913 ,
486 1868 571 1917 655.

525 1919 697 1968 laevaque
718 1918 743 1955 ὰ
759 1927 858 1967 parte
875 1919 1042 1967 Medufiie

346 1970 414 2020 Ipse
430 1980 519 2008 retro
540 1972 657 2020 versus
669 1969 887 2020 squallentia
900 1970 1054 2020 prodidit
1070 1984 1141 2010 ora.

292 2035 469 2085 Virgilius
489 2036 583 2074 libro
607 2049 651 2074 11.
670 2034 822 2073 AEneid.
841 2048 927 2084 259.

528 2087 604 2124 illos
619 2088 813 2137 patefacitis
834 2088 883 2123 ad
902 2099 1010 2124 auras

346 2137 474 2175 Reddit
493 2152 618 2187 equus,
646 2138 795 2186 laetique
811 2150 897 2174 cavo
907 2138 945 2185 se
963 2137 1076 2175 robore
1092 2138 1258 2187 produnt.

297 2187 347 2226 ita'
369 2198 500 2226 monet
523 2190 558 2226 in
583 2189 820 2227 vetustissimo
836 2189 965 2225 codice
990 2187 1344 2237 Longobardicole-

294 2241 332 2288 gi
355 2238 489 2277 Pierius
509 2240 745 2282 Valerianus.
784 2250 861 2276 non
881 2248 1057 2288 promunt.
1095 2240 1237 2278 Heius.
1291 2238 1349 2277 Sic

296 2290 393 2339 apud
415 2290 572 2328 Martial.
593 2301 685 2328 vm.
708 2289 765 2327 18.

350 2341 402 2378 Sic
421 2350 503 2387 tua,
533 2341 652 2379 Cirini
664 2369 674 2387 ‚
697 2340 823 2390 prodas
837 2339 1101 2390 Epigrammata
1120 2341 1247 2392 vulgo,

298 2403 497 2443 Voffianus
528 2405 646 2444 codex
688 2405 941 2443 Bibliothecae
975 2406 1174 2445 Leidenfis.
1214 2405 1350 2455 vulgo,

296 2463 448 2506 promas.
491 2456 565 2494 vid.
584 2456 711 2494 Heius.
728 2456 773 2494 ad
802 2456 993 2494 Claudian.
1015 2457 1100 2496 1.de
1120 2458 1228 2507 Rapt.
1251 2468 1285 2506 3.
1313 2458 1352 2494 ὃς

298 2506 346 2544 ad
369 2506 452 2544 Val.
474 2507 571 2545 Flac.
593 2520 683 2544 vm.
708 2518 763 2553 17-
781 2506 876 2555 ponit
897 2519 1004 2547 unus,

353 2557 438 2605 508.
466 2557 652 2609 Quaſjas]
682 2557 790 2595 siccas
809 2557 1108 2596 Sarrav.&alius.
1137 2559 1240 2608 cossas
1256 2570 1349 2597 unus

299 2606 442 2646 Medic.
470 2609 540 2646 vid.
568 2621 630 2647 111.
653 2611 748 2647 Met.
772 2608 854 2657 508.
882 2609 1132 2659 continuatque
1157 2611 1244 2648 duo.

353 2658 436 2706 508.
466 2660 752 2710 comminuitque
773 2658 907 2707 faces.]
955 2658 1148 2697 Perfimilis
1172 2660 1276 2698 Iocus
1300 2659 1347 2697 est

299 2707 341 2744 in
361 2720 407 2746 eo
422 2738 432 2753 ‚
459 2723 570 2757 quem
592 2710 711 2748 modo
731 2709 890 2752 adduxi,
918 2708 1035 2745 libro:

357 2760 439 2796 Inde
449 2763 524 2807 fhco
544 2761 697 2810 tepidum
718 2760 864 2797 cinerem
885 2758 1039 2796 dimovit
1052 2787 1061 2802 ,
1091 2771 1135 2799 <9¹
1156 2760 1245 2809 ignes

353 2810 501 2856 suscitat
523 2811 685 2859 hesternos
699 2838 708 2854 ‚
729 2809 892 2860 foliisque
917 2821 960 2850 co·
982 2810 1101 2847 cortice
1109 2810 1196 2859 ficco

354 2861 482 2896 Natrit
507 2889 516 2904 ‚
546 2875 589 2901 ω’
608 2863 655 2899 ad
666 2861 837 2912 flammas
855 2861 979 2897 anima
994 2861 1152 2911 perducit
1174 2862 1288 2900 anili.-

356 2910 726 2995 Jgultqfidasquefaces
740 2940 751 2958 ,
777 2910 999 2962 ramaliaque
1013 2913 1119 2950 arida
1138 2915 1222 2951 teoto

402 2971 456 2996 eru
475 2972 514 2997 tt.

309 3009 482 3058 Virgilius
501 3011 559 3048 lib.
581 3024 608 3049 1.
628 3012 779 3051 AEneid.

314 3064 318 3069 '
360 3068 571 3118 suscepitque
587 3069 698 3117 ignem
716 3071 829 3115 foliis,
848 3081 952 3121 atque
972 3072 1074 3109 arida
1096 3073 1225 3110 circum

311 3168 343 3207 C
363 3119 596 3156 Nutrimenta
615 3119 708 3157 dedit
726 3148 737 3166 ‚
766 3122 947 3173 rapuitque
963 3123 1002 3159 in
1012 3123 1139 3169 fomite
1155 3124 1357 3173 flammam.

347 3180 480 3207 xorem.

366 3232 451 3267 509.
482 3220 601 3257 Minor
620 3220 700 3258 inde
711 3220 857 3271 fabas.]
886 3222 989 3270 Quid
1013 3232 1127 3272 ponat
1146 3235 1286 3272 praeter
1304 3226 1355 3262 le-

309 3271 460 3319 gumina
485 3269 500 3308 ?
545 3272 652 3310 Haec
685 3273 780 3321 apud
817 3282 955 3311 veteres
985 3275 1148 3312 invenies
1185 3276 1222 3313 in
1257 3276 1355 3315 νίέὶι]

304 3333 534 3372 pauperum,
561 3331 623 3364 aut
642 3323 962 3374 Philosophorum.
989 3325 1102 3365 Nunc
1127 3325 1235 3374 vide,
1260 3339 1356 3378 quae

2305 1208 2439 1267 Ver-
2480 1214 2481 1270 3

1395 1344 1527 1393 pararit
1553 1342 1755 1394 hospitibus
1782 1346 1821 1385 in
1847 1344 2146 1398 Metamorphofi
2170 1348 2305 1399 Hyreo
2323 1347 2444 1399 paullo
2480 1367 2483 1390 ε

1396 1395 1508 1433 ditior
1530 1395 1752 1434 Philemon:

1449 1459 1620 1510 §Quodque
1632 1462 1739 1509 suum
1763 1463 1888 1512 conjux
1908 1462 2002 1512 riguo
2023 1463 2196 1514 collegerat
2218 1465 2317 1505 horto

1451 1514 1606 1548 Truntat
1625 1511 1698 1549 olus
1709 1512 1809 1560 fhliis
1822 1542 1833 1559 ,
1853 1513 1962 1561 sured
1982 1514 2080 1552 levat
2102 1515 2159 1553 ille
2178 1516 2308 1556 bicorni

1450 1561 1597 1599 Sordida
1610 1573 1702 1612 terga
1716 1563 1793 1612 suis
1806 1593 1816 1609 ,
1841 1565 1934 1613 nigro
1954 1565 2142 1614 pendentia
2162 1568 2276 1616 tigno;

1452 1616 1666 1664 Servatoque
1688 1614 1750 1651 diu
1770 1616 1897 1664 resecat
1918 1616 1958 1653 de
1982 1627 2109 1666 tergore
2122 1627 2262 1668 partem

1449 1664 1625 1712 Exiguam
1641 1692 1652 1710 ,
1670 1665 1871 1717 seo‘t'amque
1892 1666 2013 1705 domat
2026 1668 2251 1715 ferventibus
2267 1668 2386 1709 undis:

1399 1723 1460 1762 Ne
1481 1733 1540 1773 te,
1567 1726 1696 1773 sodes,
1723 1727 1896 1767 abstineas
1920 1728 1941 1767 a
1961 1731 2122 1782 reliquis.
2148 1733 2273 1772 NEAP.
2432 1773 2436 1779 ,
2484 1695 2495 1811 Ξ

1453 1803 1537 1839 ςο9.
1566 1792 1652 1830 Olus
1670 1792 1761 1830 alter
1789 1793 1976 1845 habebat.]
2007 1797 2192 1836 Habebunt
2213 1798 2387 1838 Strozzae
2405 1800 2450 1840 li-'
2491 1815 2495 1824 ·

1398 1841 1474 1879 ber.
1503 1843 1542 1880 &
1559 1844 1669 1901 paulo
1701 1845 1781 1902 post
1803 1857 1870 1894 pro
1892 1848 2036 1895 spumat
2058 1859 2201 1899 uterque
2223 1851 2353 1895 multi,
2370 1852 2452 1901 spu·
2484 1814 2495 1899 i

1401 1904 1516 1932 mant.
1539 1894 1670 1940 Laeti,
1699 1907 1807 1943 prim.
1835 1898 2005 1936 Ambros.
2035 1901 2073 1937 ὃ(
2100 1902 2266 1951 quinque
2289 1901 2373 1946 alii,
2390 1903 2454 1949 fu·
2484 1902 2495 1945 il

1401 1954 1489 1982 mat.
1520 1945 1649 1994 Lege,
1685 1947 1844 1992 fumant.
1873 1947 1922 1986 fic
1954 1950 2050 1997 apud
2074 1951 2295 1997 Juvenalem
2329 1953 2453 2002 Satyra
2492 1966 2495 1989 ;

1402 2006 1480 2032 XIV.
1499 1997 1648 2045 grandes
1660 1997 1858 2043 fumabant
1870 1997 2025 2043 pultibus
2042 1999 2138 2038 ollae.
2163 2003 2225 2041 sed
2245 2003 2343 2053 apud
2355 2004 2455 2050 Marq
2486 2048 2487 2052 Ἰ

1401 2046 1526 2085 tialem
1555 2047 1682 2086 Xeniis
1702 2048 1826 2098 Epigr.
1843 2048 1903 2086 lib.
1922 2061 2013 2088 xm.
2035 2062 2068 2098 7.
2087 2053 2195 2091 habes
2213 2067 2223 2091 ε
2285 2090 2288 2092 .
2486 2060 2487 2063 ’

1452 2113 1487 2151 Si
1499 2114 1637 2164 spumet
1656 2114 1764 2152 rubra
1787 2114 1921 2153 conchis
1939 2117 2003 2155 tibi
2017 2119 2154 2168 pallida
2176 2116 2270 2164 testa.

1399 2174 1552 2230 conchis
1549 2176 1675 2262 ἐπίῃ]
1697 2175 1851 2221 faba,ut
1870 2186 2019 2216 notum.
2043 2177 2160 2215 nifi&
2178 2178 2379 2227 illicsumet
2398 2192 2454 2220 re·-
2486 2180 2489 2223 ὲ

1407 2235 1526 2273 ponis.
1593 2237 1696 2264 ειΝε.
2486 2234 2489 2248 ’

1462 2301 1479 2335 ς
1493 2299 1547 2326 10.
1575 2292 1621 2325 Et
1635 2290 1779 2339 spumat
1801 2289 1883 2338 testa
1896 2290 2021 2341 preffus
2042 2301 2184 2342 uterque
2194 2293 2304 2344 suas]
2345 2295 2453 2345 Opti·
2486 2292 2490 2352 ἰ

1409 2350 1491 2376 mus
1521 2339 1641 2377 Vatic.
1674 2339 1761 2378 Stat.
1794 2343 1832 2379 ὃς
1866 2342 1942 2380 Urs.
1980 2342 2064 2389 testu
2087 2344 2161 2392 suo.
2192 2354 2231 2382 ut
2260 2347 2374 2384 etiam
2398 2347 2452 2387 su-
2487 2355 2490 2407 i

1407 2401 1492 2438 pra:
1519 2401 1631 2439 quam
1657 2390 1859 2430 lectionem
1883 2391 2054 2431 libentius
2086 2396 2369 2443 amplexandam
2388 2409 2453 2447 pu·
2487 2409 2490 2443 i

1407 2449 1472 2484 to,
1500 2449 1669 2480 veterum
1698 2442 1912 2490 scriptorum
1942 2443 2157 2483 testimonio
2187 2447 2456 2488 confirmatam.
2487 2447 2491 2456 ’

1410 2492 1582 2528 CiorAN.
1644 2493 1684 2529 In
1719 2494 1794 2531 aliis
1819 2521 1829 2536 ‚
1867 2493 1963 2542 testu.
2010 2495 2225 2545 Utrumque
2254 2508 2454 2548 receptum·-

1408 2542 1552 2580 Varro:
1585 2549 1626 2578 In
1645 2542 1728 2590 testu
1751 2543 1847 2580 caldo
1865 2544 2083 2594 coquebatur.
2110 2547 2326 2586 Petronius:
2356 2556 2452 2589 Cum

1404 2593 1654 2630 animadverto
1676 2593 1869 2632 Enotheam
1891 2608 1970 2633 cum
1995 2596 2073 2642 tello
2093 2597 2182 2646 ignis
2197 2598 2294 2645 pleno
2312 2600 2454 2637 venien-

1404 2654 1485 2679 tem.
1515 2644 1693 2682 Neapor..
1720 2644 1792 2683 Pro
1804 2645 1888 2693 testu
1910 2647 2055 2695 plurimi
2075 2657 2239 2693 vetem,
2267 2648 2355 2696 testo.
2372 2650 2457 2696 alii,
2488 2638 2490 2676 Ι

1404 2693 1632 2739 „stammas
1655 2695 2064 2739 bene.d1·x11ib.11.os.
2082 2697 2324 2739 mutantis.
2349 2700 2456 2751 Aestu
2488 2679 2491 2750 Ξ

1402 2743 1557 2782 Putean.
1576 2747 1685 2782 tetius
1703 2757 1847 2798 uterque
1866 2749 1991 2785 Petav.
2012 2747 2049 2784 &
2069 2744 2240 2789 ssernens.
2488 2751 2490 2758 ’

1422 2814 1424 2816 ’
1457 2823 1541 2860 511.
1570 2811 1684 2862 Dat.]
1717 2819 1818 2851 Dant
1842 2814 1980 2851 Mazar.
1999 2814 2037 2852 &
2059 2815 2214 2855 Moreti.

1458 2889 1542 2926 ςῐς.
1570 2883 1613 2914 Ut
1633 2878 1736 2915 rediit
1754 2878 1894 2915 animus
1904 2877 1947 2927 ἒ]
1980 2878 2084 2916 Haec
2103 2892 2187 2919 vera
2200 2881 2312 2922 Ιεᾶῐο
2328 2885 2452 2935 ,φής-*ἒ

1405 2928 1494 2976 quid
1496 2928 1653 3014 Itlurbant
1673 2928 1752 2965 libri
1771 2936 1926 2968 veteres,
1944 2928 2044 2968 Vide
2057 2930 2175 2970 Notas
2197 2933 2306 2983 Epist.
2327 2948 2381 2975 vi.
2397 2933 2452 2981 ybs.
2490 2948 2492 2985 g

1439 2990 1466 3016 1.
1539 2989 1642 3014 ems.

1408 2988 1426 3026 3
1459 3039 1541 3076 517.
1573 3027 1700 3064 Primis
1723 3028 1911 3078 diffitderat
1928 3030 2074 3081 annis.]
2102 3032 2308 3078 Iuvenalisz
2337 3034 2452 3087 Capil—
2490 3037 2493 3076 l

1413 3078 1483 3116 lato
1502 3077 1664 3127 diffusum
1686 3080 1831 3128 Consule
1846 3091 1955 3130 potat.
2000 3082 2144 3122 Vinum
2174 3095 2315 3127 veteres
2337 3094 2451 3126 aetate
2490 3091 2493 3120 i

1414 3128 1661 3167 aestimabant.
1690 3133 1768 3178 quis
1791 3130 1969 3180 ignorat?
2005 3132 2091 3172 hinc
2118 3137 2274 3183 optimi,
2303 3138 2454 3177 amario-
2491 3131 2493 3162 ἕ

1414 3192 1468 3218 res
1492 3180 1630 3217 calices.
1660 3180 1796 3219 Seneca
1821 3181 1979 3230 Epistola
1998 3195 2099 3222 Lmv.
2130 3189 2307 3235 Qomodo
2327 3187 2454 3226 invino
2491 3200 2493 3223 ι

1409 3230 1515 3267 nimis
1534 3241 1647 3266 vetere
1670 3232 1740 3278 ipsa
1761 3245 1819 3268 nos
1850 3234 2051 3271 amaritudo
2082 3237 2239 3276 delec'iat.
2294 3241 2380 3277 Hoc
2401 3238 2456 3275 vi·
2491 3245 2493 3278 ¹,

1408 3281 1502 3318 tium
1524 3281 1558 3318 in
1584 3281 1695 3318 vino:
1725 3281 1786 3320 seu
1805 3283 1956 3330 melius,
1994 3284 2076 3324 curn
2101 3287 2167 3326 illis
2193 3288 2455 3328 deliciumlon-
2491 3294 2493 3323 f

1407 3343 1496 3383 gum
1527 3339 1742 3382 temporum
1773 3333 1930 3384 spatium
1964 3334 2156 3379 cauffabat.
2202 3339 2358 3381 Galenus
2388 3341 2458 3373 Θᾱ·
2492 3362 2493 3366 =

2401 3398 2462 3436 flua-5
2492 3401 2493 3407 ¹
