2495 3675
0 3362 3 3391 .

387 171 953 239 EPISTOLARUM
986 161 1094 230 EX
1131 166 1404 226 PONTO
1440 166 1568 224 Lm.
1607 168 1645 224 1.
1687 169 1864 231 Emsr.
1898 176 1937 232 1.

2130 197 2225 247 703

344 277 473 332 Non
498 288 676 329 tamen
702 271 998 332 accedunt,
1035 267 1156 332 sed,
1194 277 1254 320 ut
1277 263 1496 337 adspicis
1522 262 1657 335 ipse,
1696 266 1856 323 latere

209 364 275 403 10

423 347 532 403 Sub
556 346 697 400 Lare
724 345 932 416 privato
959 342 1123 396 tutius
1150 338 1252 393 effe
1280 349 1482 409 putant.

353 421 607 494 QuaeriS,
646 417 737 472 ubi
764 416 861 470 hos
887 414 1046 485 possis
1073 413 1217 466 nullo
1242 426 1570 481 componere
1593 409 1761 462 laeso?

414 493 540 564 Qua
565 491 812 544 steterant
837 490 1026 546 ArteS,
1061 501 1180 556 pars
1206 497 1355 537 vacat
1380 483 1462 536 illa
1492 482 1602 536 tibi.

352 565 505 638 Quid
530 563 769 623 veniant,
803 558 1041 612 novitate
1066 573 1222 627 roges
1248 554 1462 609 fortasse
1488 554 1580 608 sub
1608 554 1730 624 ipsa.

426 637 660 708 Accipe,
696 630 1081 704 quodcumque
1107 629 1210 692 est,
1249 627 1549 682 dummodo
1574 644 1682 681 non
1707 626 1766 681 s1t
1793 643 1957 683 amor.

63 899 189 940 nando
212 898 444 943 meminerit,
471 896 668 945 eidemque
690 893 730 931 &
749 891 859 930 libros
887 889 1075 929 Fastorum
1091 917 1103 935 ,

65 952 154 989 dum
175 953 213 989 in
227 951 336 989 exilio
358 945 695 998 agit,inscripferit·.
718 942 1007 981 consentaneum
1032 941 1102 986 est,

64 1002 166 1041 illum
189 1003 363 1050 proximo
393 999 471 1048 post
499 998 637 1035 sextam
659 995 754 1032 hanc
774 994 952 1050 hyemem
979 1003 1102 1048 ann-o,

63 1052 138 1090 hoc
161 1053 232 1095 est,
260 1054 350 1089 intra
373 1050 568 1097 septimum
584 1075 594 1092 ‚
621 1053 684 1084 aut
707 1056 866 1082 ommno
890 1054 983 1081 circa
1006 1054 1101 1090 prin-

64 1103 201 1151 cipium
222 1102 366 1145 oetavi,
395 1109 434 1138 ut
450 1101 516 1137 hac
535 1108 686 1148 quoque
707 1103 807 1145 parte
829 1093 972 1132 Eusebii
994 1093 1104 1132 tradi-

63 1154 206 1191 tionem
232 1154 406 1202 juvemus
429 1178 441 1196 ,
468 1147 661 1188 deceffiffe.
714 1145 785 1184 Sed
806 1146 897 1183 haec
917 1143 1106 1182 haetenus.

65 1204 244 1242 Mrcrtr..

122 1266 152 1292 1.
181 1261 262 1290 Non
284 1265 395 1290 novus
413 1249 561 1300 incolas]
591 1248 774 1287 Manserat
795 1248 896 1285 enim
923 1246 959 1284 in
978 1246 1106 1284 Ponti-

66 1316 108 1344 ca
126 1307 276 1353 regione
297 1315 411 1351 prope
433 1301 728 1351 quadriennium.
757 1298 928 1335 CloFAN.

115 1366 153 1403 4.
183 1354 320 1403 Abde.]
358 1353 463 1389 Adde
486 1353 627 1398 Junian.
649 1351 687 1388 &
708 1349 814 1388 multi
833 1349 904 1387 alii.
929 1347 1015 1386 abde
1035 1360 1107 1385 mo-

73 1404 114 1443 do
135 1405 177 1443 P.
190 1405 286 1442 Dan.
305 1404 467 1453 quoslibet
492 1402 578 1439 abde
598 1401 694 1437 modo
718 1401 856 1438 Sarrav.

117 1456 154 1495 6.
183 1461 237 1492 Ne
251 1458 335 1503 suus
357 1453 458 1503 hoa]
489 1449 821 1494 Francofurtensis,

117 1523 216 1554 Nam
229 1518 314 1565 suus
335 1515 394 1552 hec
417 1514 487 1552 illis
507 1513 674 1563 clauserat
699 1514 816 1549 auctor
833 1513 911 1551 iter.

68 1594 153 1619 nam
178 1583 287 1619 etiarn
321 1581 466 1629 plurimi
497 1579 568 1617 alii.
596 1577 686 1629 quod
709 1580 792 1624 suus
822 1577 929 1615 Polit.
959 1577 997 1614 δε
1025 1576 1111 1615 Bar-

68 1632 155 1728 beri.
185 1681 248 1719 Ah
268 1681 409 1732 quoties.
428 1680 442 1730 ]
476 1687 531 1718 Ha
551 1679 681 1732 quoties
700 1679 836 1717 Barthii
866 1678 984 1716 codex
1009 1677 1047 1715 ὃ(
1070 1677 1111 1716 Ρ.

68 1732 170 1772 Dan.
194 1742 232 1769 at
250 1732 377 1779 quoties
403 1731 542 1770 Sarrav.

122 1796 158 1836 8.
186 1795 333 1845 Versibus
353 1795 408 1832 ille
425 1795 544 1845 ἱππ]
574 1795 656 1838 Ille,
686 1806 763 1833 non
782 1793 839 1833 ille
856 1794 1052 1843 probamus
1064 1806 1110 1833 ex

67 1847 213 1888 Aldinis
234 1849 271 1884 ὃ(
293 1846 547 1894 manuscriptis.
578 1845 819 1883 differentiam
844 1846 1032 1892 utriusque
1054 1846 1109 1882 in-

67 1898 236 1946 telligunt
257 1896 397 1935 eruditi.
433 1897 572 1934 Eadem
606 1898 827 1944 permutatio
848 1896 923 1933 aliis
951 1895 1041 1933 locis
1058 1896 1112 1933 fa-

71 1947 129 1985 &ta
150 1948 197 1985 est
212 1962 219 1985 :
232 1959 340 1997 quam
353 1946 463 1986 semel
481 1945 666 1985 annotasse
682 1975 692 1989 ,
719 1946 796 1984 satis
807 1944 877 1983 effe
891 1947 1112 1995 judicamus.

69 1997 190 2037 Fm.
220 2004 321 2035 Paret
339 1997 434 2044 castis
452 1997 602 2047 verfibus
622 1995 788 2034 illelocus.
814 1997 919 2033 Haec
930 1996 978 2034 est
989 1997 1112 2035 Vatic.

69 2048 283 2094 Maffeiani‚
311 2049 349 2087 ὅ(
370 2048 493 2086 Urfini
509 2049 586 2086 libri
608 2047 743 2090 lefiio,
771 2057 864 2096 quae
880 2057 964 2084 vera
988 2047 1036 2084 est
1050 2055 1111 2090 ,ut

72 2098 113 2137 &
133 2099 191 2137 alii
211 2107 443 2137 annotarunt.
471 2098 643 2136 ClOFAN.
680 2097 828 2134 Locum
853 2098 951 2134 hunc
978 2097 1111 2135 intelli-

69 2149 122 2197 git
144 2150 283 2187 Merula
305 2149 350 2186 de
370 2149 441 2197 ipsa
463 2150 597 2187 Roma.
623 2147 683 2185 sed
703 2150 788 2197 quia
811 2147 994 2194 praecedit
1008 2175 1018 2190 ‚
1042 2153 1113 2184 Pu·

68 2198 158 2235 blica
171 2210 239 2235 non
247 2200 378 2235 audent
388 2200 478 2236 inter
489 2208 713 2236 monumenta
726 2197 843 2234 venire
855 2225 866 2241 ,
885 2209 1053 2245 caperem
1066 2198 1112 2235 de

71 2248 253 2297 Apollinis
281 2249 431 2286 Palatini
451 2250 593 2296 templo
618 2250 655 2285 ὅ(
677 2248 919 2291 bibliotheca,
947 2249 982 2285 in
1000 2259 1111 2295 quam

71 2309 149 2337 non
169 2299 304 2337 audent
314 2300 441 2336 venire
454 2299 607 2337 Nasonis
618 2298 739 2335 libelli.
760 2298 845 2335 vide
857 2298 917 2336 lib.
929 2311 992 2335 111.
1005 2298 1114 2337 Trist.

73 2349 178 2399 Eleg.
191 2363 219 2387 r.
235 2351 271 2386 δί
287 2349 381 2387 alibi.
392 2349 489 2396 castis
507 2348 653 2395 vestibus
672 2349 768 2386 Edit.
788 2349 927 2396 Gryph.
943 2350 979 2386 &
992 2360 1119 2388 recen-

73 2400 207 2444 tiores,
230 2399 328 2448 quasi
346 2400 407 2437 hic
427 2411 592 2448 ageretur
613 2401 659 2436 de
676 2399 772 2448 puris
793 2399 1120 2448 vestibus,quibus-

72 2460 159 2489 cum
186 2450 366 2488 debebant
388 2451 478 2488 deos
499 2450 611 2488 adire.
638 2449 769 2487 Euam.

122 2527 160 2566 9.
187 2522 259 2552 Nec
280 2524 398 2551 tamen
418 2513 624 2563 accedunt.]
655 2520 734 2552 Non
759 2514 890 2564 scripti.
917 2514 1064 2555 Hiems.

126 2586 186 2614 10.
214 2575 392 2625 Putant.]
421 2582 510 2613 Puto
532 2576 658 2615 Servii.

126 2649 184 2676 rr.
211 2640 273 2676 Ubi
290 2638 386 2689 hos.]
435 2644 505 2676 Hoc
536 2639 621 2678 edit.
649 2640 792 2691 Gryph.
811 2640 1054 2691 haecRegius.
1078 2650 1118 2679 ut

77 2688 136 2726 hos
161 2690 307 2736 Junian.

131 2739 335 2797 rugilam]
377 2739 464 2796 Ubi.
493 2739 608 2788 quue
629 2740 892 2797 elegantiffime
921 2741 1053 2782 dicitur
1070 2742 1116 2783 de

75 2788 165 2829 statu
192 2803 227 2828 in
247 2791 348 2828 loco.
373 2790 448 2827 Hic
470 2790 601 2828 Noster
622 2789 682 2828 hb.
700 2803 748 2830 11.
767 2790 858 2830 Fast.
997 2803 1007 2810 ³

126 2856 275 2902 §lucaque
290 2855 409 2903 jacent
428 2854 538 2892 valles
551 2883 562 2900 ,
591 2856 752 2892 Maxime
773 2856 871 2894 Circe
885 2886 897 2903 ‚
920 2867 1013 2895 tuae.

76 2908 282 2958 Propertius
304 2912 365 2949 lib.
386 2924 448 2949 111.
472 2913 573 2962 Eleg.
593 2925 674 2952 xvr.

127 2979 274 3028 Clausus
296 2978 339 3015 ab
360 2978 511 3028 umbrosa
533 2993 602 3029 qua
621 2978 715 3015 ludit
729 2988 852 3028 pontus
873 2985 1017 3018 Averno

185 3030 342 3066 Humida
362 3030 530 3077 Bajarum
539 3030 665 3077 stagna
684 3031 825 3077 tepentis
844 3043 954 3080 aquae
968 3059 979 3075 ,

132 3081 214 3128 Qua
229 3082 319 3129 jacet
339 3091 382 3120 cy·
404 3080 521 3129 Trojae
540 3081 675 3116 tubicen
696 3080 849 3127 Misenus
867 3094 995 3127 arena,

185 3135 230 3166 Et
242 3135 346 3179 sonat
368 3130 530 3168 Herculeo
543 3133 678 3179 struc‘la
699 3130 811 3167 labore
831 3132 907 3170 via.

83 3194 154 3234 ‘'Et:

137 3251 220 3299 Qa
242 3251 372 3288 Siculae
390 3249 499 3288 vib‘lor
518 3252 650 3291 telluris
672 3253 866 3299 claudius,
892 3265 936 3294 <7¹
956 3267 1026 3306 quq

187 3305 313 3350 Caesar
334 3303 377 3340 ab
397 3301 555 3342 humana
575 3305 660 3355 ceffit
681 3305 719 3344 in
739 3305 832 3356 astra
849 3319 925 3356 goa.

2122 755 2202 810 In·
2274 792 2276 795 ψ

1159 887 1330 928 Tibullus
1352 884 1453 936 Eleg.
1475 888 1513 925 δε
1533 887 1593 925 lib.
1612 900 1659 925 11.

1388 952 1450 988 Eoi
1469 965 1538 1002 qua
1560 952 1668 989 maris
1687 951 1783 989 unda
1805 952 1914 991 rubet.

1160 1015 1337 1052 Horatius
1356 1014 1418 1052 lib.
1443 1025 1490 1051 11.
1520 1012 1605 1051 Oda
1632 1025 1701 1050 111.

1209 1081 1293 1129 Qu
1309 1078 1410 1127 pinus
1431 1078 1549 1126 ingens
1573 1104 1583 1121 ,
1619 1076 1763 1127 altaque
1780 1077 1918 1127 populus
1940 1089 2011 1119 eye.

1160 1144 1238 1182 Ubi
1260 1143 1365 1180 multi
1383 1142 1478 1180 male
1496 1143 1648 1191 legunt,
1668 1156 1743 1191 quo.
1765 1143 1892 1181 Claud.
1902 1143 1960 1182 lib.
1981 1158 2008 1183 1.
2023 1144 2068 1184 de
2081 1146 2200 1196 Rapta

1160 1194 1416 1242 Proserpinae:

1212 1262 1388 1294 Devenere
1410 1254 1544 1300 locum,
1571 1254 1701 1292 Cereris
1722 1268 1791 1305 qua
1812 1257 1900 1293 tec‘t‘a
1921 1256 2079 1295 nitebant

1217 1308 1401 1357 Cyclopum
1414 1305 1566 1353 firmata
1585 1318 1704 1344 manu.

1163 1371 1298 1410 Rursus
1317 1372 1378 1409 hic
1399 1369 1533 1408 Noster
1555 1369 1615 1408 lib.
1635 1381 1714 1408 xiv,
1734 1370 1988 1419 Metamorph.

1214 1436 1375 1475 Plurima
1396 1448 1465 1486 qua
1479 1433 1576 1485 silva
1595 1434 1650 1483 est.

1167 1494 1300 1533 Cicero
1330 1495 1398 1533 aCt.
1422 1496 1458 1532 &
1487 1494 1547 1532 lib.
1570 1507 1615 1532 ιι.
1644 1495 1681 1532 in
1702 1495 1859 1532 Verrem
1884 1508 1893 1532 ε
1927 1500 2019 1533 Cum
2047 1497 2204 1535 omnibux

1164 1545 1204 1583 in
1219 1545 1300 1582 aliis
1317 1545 1539 1595 vestigalibus
1560 1544 1664 1594 Asiae
1678 1573 1687 1588 ‚
1717 1545 1940 1583 Macedoniae
1959 1573 1970 1590 ,
1999 1547 2206 1596 Hispaniae,

1164 1595 1302 1633 Galliae
1321 1626 1331 1641 ‚
1371 1597 1537 1640 Africae,
1564 1596 1746 1633 Sardiniae
1768 1624 1777 1639 ,
1805 1595 1903 1643 ipfius
1939 1597 2061 1633 Italiae
2082 1626 2092 1641 ‚
2134 1609 2207 1648 qua

1164 1647 1346 1696 vectigalia
1364 1649 1467 1693 sunt,
1495 1646 1661 1690 cumbis,
1691 1659 1763 1685 σε.
1791 1647 2028 1684 Caesarlib.1.
2055 1647 2101 1686 de
2122 1647 2206 1693 Bel·-¹

1162 1697 1202 1735 lo
1226 1698 1334 1735 (qivssi
1358 1711 1366 1735 ε
1404 1700 1487 1746 Qa
1515 1699 1634 1743 fauces
1669 1707 1769 1732 erant
1797 1695 2042 1744 angustzffimae
2073 1707 2206 1747 portus.

1165 1747 1269 1785 Idem
1294 1749 1430 1785 Cicero
1460 1747 1520 1784 lib.
1545 1760 1614 1784 nx.
1633 1746 1678 1784 ad
1698 1747 1811 1784 Attic.
1839 1749 1923 1795 Qu
1944 1757 2061 1783 autem
2081 1749 2134 1794 est.
2157 1749 2206 1788 fic

1165 1798 1204 1834 &
1230 1799 1360 1835 Livius
1378 1798 1595 1834 lib.xxxvrr.
1623 1796 1746 1832 Altero
1766 1803 1805 1833 L.
1825 1798 1986 1833 Cmcium
2001 1808 2137 1845 partem
2150 1799 2208 1835 in-

1156 1847 1281 1896 sulae,
1309 1860 1380 1896 qua
1392 1860 1532 1896 regnum
1546 1847 1703 1883 Hieronis
1718 1847 1861 1893 fuerat,
1890 1848 1979 1884 tueri
1990 1848 2095 1895 suffit.
2110 1849 2206 1897 apud

1165 1910 1277 1946 quem
1307 1898 1505 1946 saepissime
1534 1898 1569 1935 id
1591 1898 1699 1945 leges.
1728 1897 1765 1934 &
1794 1897 1888 1945 apud
1920 1898 2139 1946 Virgilium,
2168 1900 2208 1938 ὅ(

1165 1949 1262 1998 apud
1283 1949 1461 1986 Senecam
1483 1948 1723 1997 Tragoedum
1740 1975 1750 1992 ,
1777 1948 1815 1985 &
1840 1948 2058 1986 Martialem.
2103 1950 2210 1988 Haec

1167 2007 1289 2037 autem
1311 2001 1480 2048 exempla
1500 2011 1547 2038 eo
1570 1999 1726 2047 collegi,
1754 1998 1854 2047 quod
1875 1998 1895 2035 a
1909 1999 2086 2047 plerisque
2101 2001 2210 2047 parti·

1167 2050 1286 2088 culam
1308 2063 1378 2100 qua
1397 2050 1444 2088 fic
1463 2049 1616 2098 positam
1629 2076 1640 2093 ,
1668 2049 1774 2098 plane
1793 2049 1976 2088 barbaram
2001 2048 2070 2087 else
2093 2051 2131 2088 ὃ(
2144 2061 2210 2098 aug

1167 2100 1243 2139 divi
1265 2102 1302 2138 &
1324 2101 1406 2149 legi.
1435 2100 1606 2138 Cromn-

1222 2175 1280 2212 13.
1309 2164 1408 2212 Qid
1426 2162 1615 2213 veniant]
1651 2163 1804 2212 Propter
1825 2163 1913 2212 quid
1943 2164 2114 2202 veniant:
2144 2167 2209 2208 νεῖ,

1169 2226 1250 2252 rum
1270 2216 1368 2258 hoc,
1396 2223 1436 2252 ut
1465 2222 1556 2262 puto
1581 2241 1591 2257 ,
1626 2225 1704 2251 non
1732 2214 1811 2252 vult
1835 2215 1976 2257 dicere,
2002 2214 2085 2259 sed,
2111 2216 2209 2254 utin

1170 2265 1313 2304 duobus
1335 2264 1585 2314 manuscriptis
1604 2264 1758 2313 legitur,
1787 2265 1861 2313 Qi
1882 2266 2053 2310 veniant,
2081 2265 2116 2302 id
2137 2265 2208 2311 est,

1169 2316 1316 2366 quales,
1342 2315 1463 2353 lascivi
1482 2327 1528 2353 an
1557 2314 1684 2353 severi.
1713 2326 1782 2353 nec
1807 2316 1908 2352 aliter
1942 2317 2096 2352 Merula.
2125 2316 2210 2352 Ma-

1169 2366 1393 2414 nuscriptum
1414 2374 1538 2404 autem
1560 2377 1675 2403 unum
1691 2377 1787 2415 ,quo
1807 2366 2023 2414 plerumque
2042 2367 2208 2409 nitimur,

1170 2417 1209 2454 &
1228 2417 1331 2466 quod
1352 2416 1639 2466 antiquissimum
1662 2417 1710 2453 est
1733 2443 1744 2460 ,
1780 2416 1918 2452 Patavii
1944 2416 2039 2452 uasti
2065 2415 2208 2453 sumus:

1171 2467 1324 2505 alterum
1353 2468 1444 2505 mihi
1465 2465 1486 2503 a
1508 2467 1613 2503 fratre
1634 2465 1772 2509 Blafio,
1799 2465 1862 2513 qui
1882 2477 1981 2502 nunc
2008 2467 2044 2502 in
2073 2465 2211 2503 Alsatia

1172 2517 1379 2556 Busvilerae
1398 2518 1508 2554 docet
1526 2517 1637 2553 bonas
1650 2516 1766 2552 literas
1782 2541 1792 2558 ‚
1817 2515 2135 2553 communicatum
2147 2515 2211 2553 est.

1173 2568 1337 2606 Faniuc.
1364 2567 1480 2605 Iidem
1499 2594 1509 2611 ‚
1535 2566 1635 2614 Qid
1648 2565 1820 2608 veniant,
1846 2564 1911 2602 nifi
1933 2564 2034 2613 quod
2052 2567 2088 2603 in
2112 2576 2210 2603 non·

1173 2619 1302 2663 nullis,
1324 2619 1386 2668 qui
1403 2617 1562 2654 veniant.
1587 2617 1691 2666 quod
1702 2615 1867 2664 Georgio
1888 2615 2052 2653 Fabricio
2074 2615 2209 2653 arride-

1174 2668 1246 2708 bat.
1273 2671 1534 2717 nequicquam.
1574 2679 1645 2716 ego
1678 2666 1888 2704 vetustiores
1921 2665 2064 2715 sequor.
2099 2665 2209 2714 Trist.

1173 2732 1236 2758 111.
1265 2720 1366 2768 Eleg.
1388 2730 1458 2757 vri.
1484 2719 1529 2756 ad
1550 2717 1737 2766 epistolam
1757 2717 1801 2754 de
1820 2715 1966 2754 Perilla:

1222 2779 1401 2829 Qicquid
1419 2788 1493 2826 aget
1506 2805 1516 2822 ‚
1544 2789 1621 2813 cum
1641 2787 1672 2813 te
1690 2776 1802 2825 scierit
1822 2776 1966 2825 venisse,
1994 2775 2186 2826 relinquet.->

1271 2837 1342 2867 Nec
1362 2842 1458 2866 mora
1468 2843 1480 2872 ;
1507 2827 1591 2878 quid
1609 2828 1730 2865 venias
1742 2827 1908 2877 ,quidve,
1922 2826 2083 2877 requiret,
2095 2830 2212 2876 agam,

1171 2890 1274 2939 Eleg.
1292 2903 1363 2929 χιι.
1382 2889 1546 2937 ejusdem
1569 2889 1648 2927 libri
1668 2903 1677 2926 ι

1223 2951 1365 2988 Sedulus
1386 2963 1561 2989 occurram
1583 2961 1734 2991 nautae:
1762 2949 1924 3001 diemque
1933 2949 2074 2999 salute,

1275 3002 1376 3058 Qid
1395 3002 1518 3039 veniat
1538 3029 1548 3046 ,
1585 3014 1774 3050 quaeram,
1805 3015 1927 3050 qutsve
1939 3029 1951 3047 ,
1976 3000 2143 3053 quibusve
2163 2999 2213 3051 loj

1346 3064 1403 3089 crs.

1172 3103 1330 3141 Metam.
1350 3115 1403 3140 xr.
1424 3104 1510 3141 612.

1221 3153 1322 3201 Qut
1340 3152 1461 3191 veniat
1485 3154 1660 3203 (cognovit
1680 3152 1796 3202 enim)
1817 3153 1980 3202 scitatur.

1176 3204 1309 3252 ¹Virgil.
1331 3203 1418 3241 ΖΕΗ.
1441 3217 1467 3242 1.

1229 3258 1332 3303 Qae
1341 3256 1493 3300 fortuna
1506 3255 1594 3291 viris
1606 3282 1616 3298 ‚
1644 3254 1851 3306 classemque
1870 3255 1982 3294 littore
2001 3253 2162 3302 linquant
2173 3256 2188 3297 2*

1230 3305 1330 3355 Qid
1351 3305 1501 3342 veniant
1521 3304 1645 3345 cunen-
1933 3305 1943 3307 ⁴

1351 3356 1387 3405 .V
1403 3367 1424 3395 v
1439 3367 1464 3401 ν,
1479 3367 1500 3405 ν,
1526 3367 1551 3407 ⁷:
2180 3349 2223 3394 ,ὅτ
