2495 3675
245 157 343 215 616

763 148 1313 214 ROVIDII
1387 142 1912 203 NASONIS

544 255 658 313 Hic
691 257 859 322 lacus,
896 258 952 313 hi
975 268 1187 311 montes
1207 290 1220 312 ,
1261 250 1392 303 haec
1421 257 1503 300 tot
1529 242 1760 308 castella,
1796 255 1878 298 tot
1901 262 2108 314 amneS,

618 330 778 386 Plena
806 330 951 385 ferae
977 327 1179 386 caedis,
1216 323 1370 392 plena
1393 318 1600 373 cruoris
1621 329 1787 398 erant.
1831 358 1833 367 ,
1943 390 1953 400 ⁰

550 401 755 457 Drusus
782 403 837 457 in
859 403 937 457 his
964 397 1236 472 quondam
1263 393 1457 446 meruit
1483 405 1804 462 cognomina
1829 399 2012 456 terris,

412 493 482 545 40

631 476 784 548 Quae
809 476 945 529 bona
978 467 1261 539 progenies
1288 465 1448 536 digna
1471 477 1692 535 parente
1716 460 1834 515 fuit.

554 547 824 603 Cornibus
849 546 934 598 hic
962 542 1136 597 fraffis
1160 537 1316 592 viridi
1343 537 1479 590 male
1509 534 1675 590 teftus
1709 533 1942 613 abulva,

629 619 865 673 Decolor
892 615 998 687 ipse
1030 614 1123 668 suo
1149 611 1427 682 sanguine,
1464 608 1683 663 Rhenus
1710 619 1828 689 erit.

553 691 801 747 Crinibus
827 707 892 742 en
919 688 1078 742 etiam
1105 686 1273 740 fertur
1301 682 1591 737 Germania
1617 679 1797 752 passis,

629 762 699 816 Et
725 761 893 815 Ducis
919 759 1099 814 inviffl
1128 756 1218 810 sub

414 856 479 907 45

1246 755 1382 826 pede
1408 753 1605 808 moesta
1629 752 1794 807 seder.

554 835 815 907 Collaque
840 834 1119 888 Romanae
1145 828 1397 900 praebens
1423 826 1652 880 animosa
1678 826 1846 879 securi

630 906 859 963 Vincula
887 906 989 959 fert
1014 904 1128 967 illa,
1165 902 1270 973 qua
1300 901 1416 953 tulit
1442 916 1584 953 arma
1610 915 1783 953 manu.

552 979 678 1037 Hos
704 980 857 1049 super
882 979 934 1032 in
961 994 1151 1037 curru,
1189 972 1411 1034 Caesar,
1451 970 1650 1026 vi6³tore
1686 969 1894 1026 veheris

633 1053 938 1123 Purpureus
964 1049 1146 1122 populi
1171 1048 1271 1102 rite
1297 1062 1391 1117 per
1419 1062 1512 1099 ora
1540 1043 1644 1098 tui:

318 1328 377 1367 37.
406 1316 471 1354 Hic
493 1316 626 1365 lacus.]
656 1315 721 1354 Hic
741 1315 830 1354 locus
854 1317 1001 1355 Lovan.
1023 1315 1059 1352 δε
1082 1313 1218 1362 septem
1234 1309 1304 1348 alii.

265 1367 322 1405 bic
341 1369 452 1411 locus,
481 1368 518 1404 hi
541 1379 695 1420 montes,
723 1379 765 1407 <9⁶
787 1378 836 1404 tot
861 1366 1029 1405 ssernens.

314 1442 374 1474 40.
403 1432 504 1478 {Luae
515 1430 602 1467 bona
618 1431 785 1480 progenies
801 1432 905 1480 digna
924 1439 1062 1479 parente
1071 1427 1181 1477 fuit.]
1195 1426 1305 1472 Tres,

265 1481 353 1527 Qi.
379 1489 537 1529 quatuor
551 1509 560 1524 ‚
590 1484 680 1530 Qio.
698 1482 817 1520 versus
838 1489 1037 1528 corruptus.
1064 1481 1096 1513 T
1100 1481 1115 1515 ὀ
1135 1477 1222 1534 hona
1237 1504 1247 1522 ‚
1267 1486 1307 1515 ut

265 1531 368 1578 supra
383 1559 392 1575 ‚
405 1537 563 1578 Cumque
579 1532 671 1568 bonis
685 1531 838 1570 nuribus.
867 1532 987 1569 Scribe
1000 1560 1010 1576 ,
1023 1533 1123 1578 <Quae
1143 1529 1238 1585 tulit.
1255 1536 1308 1584 'ut

261 1580 308 1618 ad
329 1592 470 1619 nomen
485 1583 695 1620 Germanici
718 1582 904 1631 respiciat,
929 1583 990 1630 qui
1014 1579 1119 1618 Drusi
1138 1578 1306 1617 filiumd-

262 1641 337 1679 que
353 1631 431 1680 jam
461 1632 652 1681 occupasse
679 1634 716 1670 &
749 1630 1014 1681 praemonuisse
1045 1630 1155 1668 video
1179 1630 1304 1667 Tana-

263 1682 419 1729 quillum
450 1681 605 1721 Fabrum
644 1684 682 1720 in
714 1684 880 1732 Epistolis
919 1694 1033 1731 nuper
1061 1680 1166 1719 editis
1194 1679 1254 1718 lib.
1277 1692 1304 1718 1.

263 1731 334 1780 Ep.
351 1744 411 1777 40.
439 1735 496 1769 cui
515 1733 588 1771 loci
615 1734 723 1782 hujus
751 1734 900 1772 restituti
928 1734 1080 1782 gloriam
1104 1731 1207 1769 cedo.
1236 1743 1303 1779 po-

265 1782 331 1818 test
353 1784 411 1826 &,
440 1787 540 1828 {Qiae
571 1784 651 1819 lene
682 1783 766 1821 tulit
786 1812 796 1827 ,
832 1785 904 1822 hoc
925 1785 994 1827 eli,
1021 1783 1100 1830 iure
1119 1782 1210 1819 tulit.
1239 1781 1303 1830 qui

263 1831 442 1879 loquendi
455 1834 585 1870 modus
601 1834 736 1871 Nasoni
749 1846 925 1883 perquam
941 1833 1135 1871 familiaris.
1163 1832 1303 1869 Herus.

263 1883 356 1918 Non
383 1881 520 1920 damno
541 1883 635 1921 hanc
658 1885 952 1928 correctionem,
983 1884 1042 1921 sed
1061 1893 1184 1921 tamen
1216 1882 1303 1920 illud

263 1931 351 1967 bona
375 1933 431 1969 vel
451 1933 551 1977 bene,
577 1934 637 1970 hic
664 1947 740 1972 non
763 1937 903 1983 placet,
925 1946 994 1973 nec
1016 1934 1060 1972 ad
1082 1936 1123 1971 τὶ
1137 1932 1305 1982 progenies

263 1983 434 2020 referrem
451 2009 463 2028 ,
489 1984 546 2021 sed
569 1984 612 2021 ad
638 1989 855 2033 cognomina:
883 1997 994 2036 quare
1015 1985 1174 2033 legerem
1191 2011 1202 2029 ,

312 2045 414 2091 {Quae
434 2057 526 2081 nova
544 2046 708 2094 progenies
726 2047 831 2096 digna
848 2057 989 2097 parente
1009 2047 1104 2084 tulit.

262 2111 349 2158 quia
369 2120 511 2146 novum
536 2121 676 2147 nomen
698 2112 897 2148 Germanici
919 2112 1054 2160 primus
1076 2110 1212 2149 Drusus
1225 2122 1305 2149 me-

263 2161 357 2203 ruit,
385 2160 493 2207 dign-a
523 2162 712 2209 progenies
745 2163 851 2199 Livia
880 2171 995 2199 matre
1014 2161 1085 2199 sua.
1111 2174 1195 2199 nam
1218 2170 1302 2199 ante

262 2210 424 2248 Drusum
457 2221 571 2247 nemo
602 2211 646 2247 de
679 2212 872 2249 Germanis
902 2212 959 2249 vel
993 2213 1301 2259 triumphaverat,

262 2260 324 2297 vel
345 2271 484 2297 nomen
516 2261 715 2305 retulerat,
755 2274 829 2311 quo
861 2262 984 2309 paffim
1016 2262 1155 2310 respicit
1175 2263 1303 2300 auftor

263 2310 413 2359 Elegiae
437 2312 473 2348 in
503 2311 675 2349 Drusum.
696 2311 772 2350 vid.
794 2312 838 2349 vs.
864 2313 948 2361 338,
971 2323 1056 2360 391,
1077 2323 1158 2357 457·
1192 2326 1304 2350 novus

260 2373 353 2398 vero
385 2362 421 2398 δε
452 2361 555 2398 benus
586 2363 721 2400 centies
753 2375 771 2400 a
801 2363 949 2401 librariis
978 2370 1194 2411 permutata.
1228 2362 1304 2402 vid.

262 2410 421 2449 Remed.
444 2411 579 2450 Amor.
598 2413 680 2459 567.
708 2413 838 2451 BURM.

311 2483 371 2520 41.
401 2472 570 2509 cornibus
590 2473 645 2510 hic
661 2475 824 2525 stadia]
866 2476 1028 2520 Infraciis
1053 2475 1128 2515 duo
1151 2484 1306 2515 veteres.

263 2522 485 2561 Claudianus
506 2523 550 2561 de
572 2525 706 2563 Rheno
727 2539 736 2563 z

314 2586 485 2624 Cornibus
506 2588 666 2634 infrabiis
688 2589 769 2627 adeo
791 2590 957 2639 mitescere
977 2591 1072 2640 cogit.

266 2647 398 2685 Noster
422 2650 577 2688 Metam.
600 2663 654 2687 rx.

496 2701 645 2749 rigidum
659 2702 740 2748 fiera
761 2701 901 2738 dextera
923 2714 1025 2739 cornu

318 2752 416 2783 Dum
436 2760 525 2786 tenet
538 2779 547 2795 ,
576 2752 728 2800 infregit.

266 2804 352 2843 vide
369 2817 541 2847 annotata
555 2812 646 2848 Met.
662 2824 724 2849 111.
742 2812 791 2849 vs.
807 2811 866 2859 84.
888 2813 1034 2859 Infrabli
1045 2812 1188 2861 adverfh
1202 2819 1303 2851 Μαν-

269 2866 301 2891 te
325 2859 443 2894 Latini
471 2860 565 2907 apud
597 2862 724 2910 virgil.
744 2864 780 2900 ὃς
801 2864 865 2900 erit
883 2875 950 2913 pro
969 2874 1043 2901 erat
1066 2866 1172 2913 prim.
1194 2864 1303 2903 Polit.

267 2916 310 2943 ac
333 2907 408 2944 duo
430 2908 498 2946 alii.
528 2911 669 2951 Hfile.

322 2968 380 3002 41.
412 2959 519 2996 viridi
553 2962 644 2998 male
670 2965 776 3000 tectus
797 2963 839 3000 ab
856 2964 984 3014 ulva]
1039 2965 1128 3002 Non
1150 2976 1305 3003 corona-

265 3013 347 3044 tum
372 3009 455 3064 ulva
480 3010 644 3065 intelligit
665 3018 775 3060 poeta
791 3041 801 3057 ,
827 3015 885 3052 sed
897 3015 1166 3053 delitescentem
1183 3043 1192 3058 ‚
1206 3015 1306 3066 quast

265 3068 352 3105 prae
375 3062 575 3097 tormidine
591 3089 600 3105 ,
628 3074 673 3099 eo
694 3065 795 3113 quod
812 3064 890 3111 jam
915 3065 1055 3110 vietus,
1084 3070 1121 3104 ὅ(
1143 3067 1186 3103 ab
1204 3067 1306 3105 hoste

269 3116 396 3156 <aptus
417 3107 512 3147 effer.
540 3111 621 3148 Hac
641 3123 764 3151 autem
789 3114 905 3162 specie
920 3141 929 3157 ,
958 3114 1031 3152 five
1056 3119 1215 3166 imagine
1228 3119 1307 3166 pin-

265 3162 466 3206 gebantur,
495 3172 579 3198 cum
601 3171 684 3199 ante
707 3175 851 3201 currum
874 3165 910 3201 in
944 3167 1134 3213 triumpho
1166 3176 1309 3206 cetero-

266 3221 348 3246 rum
371 3220 601 3258 captivorum
631 3214 748 3250 modo
768 3214 990 3263 gestabantur
1005 3243 1013 3259 ‚
1042 3227 1118 3263 quo
1140 3217 1248 3264 paeto
1269 3220 1309 3257 &

266 3258 312 3299 de
331 3260 554 3302 Germaniae
581 3262 772 3304 simulacro
791 3266 1082 3315 intelligendum.
1128 3268 1307 3312 chrrr..

2258 1171 2404 1246 Qua·
2484 1212 2486 1220 .

1360 1313 1467 1345 Tutus
1488 1305 1532 1345 ab
1554 1305 1643 1344 ulva
1667 1318 1772 1346 unus.
1790 1306 1908 1354 jteezus
1927 1305 1965 1344 in
1986 1304 2090 1344 herba
2110 1305 2245 1345 Bersm.
2274 1306 2319 1345 ab
2340 1321 2405 1346 au-

1359 1359 1394 1396 la
1416 1360 1523 1408 prim.
1541 1358 1682 1398 Editio.

1411 1435 1468 1469 42.
1500 1421 1678 1471 cecoton]
1709 1421 1862 1468 Discolor
1881 1422 2082 1482 eostorgii.
2104 1422 2248 1461 &unus
2261 1400 2405 1462 Medic.
2457 1411 2461 1415 '

1363 1473 1436 1512 vid.
1457 1472 1501 1511 ad
1523 1473 1630 1522 Epist.
1653 1485 1704 1511 ix.
1725 1487 1760 1519 4.

1412 1551 1470 1589 43.
1502 1538 1641 1588 Paffis.]
1670 1537 1795 1588 Sparsis
1815 1539 1975 1588 plurimi.

1411 1616 1468 1652 44.
1498 1604 1627 1651 Moesta
1639 1604 1775 1655 sedet.]
1805 1605 2165 1650 JacetLovanienfis
2185 1605 2402 1657 &quinque

1359 1654 1430 1692 alii.
1459 1656 1576 1693 male:
1604 1667 1690 1693 narn
1722 1656 1759 1693 &
1790 1655 1826 1693 in
1856 1658 2019 1694 nummis
2050 1666 2175 1706 gentes
2193 1657 2335 1702 vietae,
2362 1659 2401 1696 &

1359 1713 1486 1754 captae
1503 1706 1707 1744 sedentium
1722 1705 1845 1744 habitu
1866 1707 2213 1755 conspiciuntur‚ut
2234 1708 2270 1745 in
2293 1720 2402 1746 num·
2435 1706 2440 1715 ’

1359 1757 1428 1794 mis
1457 1757 1663 1794 Domitiani
1688 1784 1699 1801 ,
1726 1757 1787 1794 ubi
1817 1757 2016 1795 Germania
2048 1759 2085 1795 &
2107 1757 2282 1795 Sarmatia
2306 1758 2400 1797 vieta

1358 1806 1540 1845 videntur.
1568 1808 1606 1845 &
1623 1807 1760 1855 Judaea
1777 1834 1787 1851 ,
1814 1808 1849 1844 in
1869 1809 2033 1846 nummis
2053 1808 2147 1846 Titi.
2173 1807 2304 1846 Buum.

1410 1880 1469 1916 47.
1496 1868 1666 1918 Veturia]
1697 1869 1858 1906 Traheris
1877 1870 2030 1909 Putean.
2058 1871 2096 1908 &
2117 1878 2188 1908 tres
2209 1870 2281 1910 alii.

1412 1944 1472 1980 ςο.
1498 1931 1658 1982 Undique
1671 1932 1807 1982 sublato
1826 1931 1907 1980 flore
1927 1944 2054 1983 regente
2067 1932 2185 1982 vias.]
2216 1934 2302 1972 Mos
2313 1940 2402 1980 erat,

1360 1989 1400 2019 ut
1420 1985 1456 2020 in
1478 1994 1518 2020 ea
1542 1984 1622 2026 via,
1651 1994 1838 2032 perquam
1862 1985 2128 2032 triumphantes
2154 1985 2267 2030 irent,
2297 1984 2401 2023 flores

1354 2033 1576 2082 jacerentur.
1601 2033 1662 2071 lib.
1686 2045 1731 2071 11.
1758 2033 1804 2071 de
1825 2033 1947 2073 Ponto
1969 2035 2095 2084 Elegia
2121 2047 2147 2072 1.

1410 2096 1562 2144 Qaque
1581 2094 1662 2131 ierit
1672 2093 1767 2140 felix
1785 2093 1960 2142 adjectum
1977 2093 2150 2144 plaufibus
2170 2110 2266 2135 omen
2278 2124 2290 2142 ‚

1461 2151 1622 2195 Saxaque
1640 2144 1766 2182 roratis
1787 2144 1948 2194 erubuisse
1969 2143 2058 2192 rosis.

1359 2206 1483 2296 E·t6iib'
1507 2220 1536 2244 1.
1563 2207 1701 2246 Amor.
1733 2206 1835 2255 Eleg.
1855 2219 1901 2244 11.
1936 2207 1982 2244 de
2011 2207 2045 2244 se
2075 2207 2095 2245 a
2120 2208 2304 2256 Cupidine
2322 2208 2403 2258 jam

1360 2270 1395 2297 vi
1419 2269 1484 2295 .0:

1414 2329 1522 2361 Laeta
1543 2320 1779 2372 triumphanti
1798 2320 1990 2370 desummo
2012 2333 2123 2360 mater
2142 2323 2271 2374 olympo

1361 2426 1393 2463 C
1469 2373 1637 2419 Plaudet,
1664 2384 1708 2413 ω’
1725 2370 1886 2422 appositas
1900 2374 2037 2422 sparget
2060 2375 2096 2410 in
2117 2387 2175 2411 ora
2196 2377 2301 2424 rosas.

1397 2437 1531 2464 ror-AN.

1412 2502 1470 2538 50.
1498 2494 1659 2536 Tempora
1684 2485 1857 2524 Phoebaea
1879 2485 1977 2523 lauro
2005 2487 2157 2536 cingetur
2173 2515 2184 2532 ,
2214 2494 2309 2539 loque
2327 2489 2402 2527 Mi-

1358 2540 1403 2576 les
1423 2539 1454 2576 i'o'
1473 2551 1600 2587 magna
1634 2551 1714 2574 voce
1741 2537 1914 2585 triumphe
1932 2539 2074 2588 canen]
2132 2538 2398 2588 Imperatores,

1355 2592 1514 2629 ducesve
1529 2617 1540 2634 ‚
1567 2590 1630 2637 qui
1658 2589 1703 2626 de
1727 2587 1829 2625 vietis
1850 2587 2007 2625 hostibus
2027 2591 2315 2638 triumpharent,
2344 2602 2401 2627 ca-

1355 2648 1421 2689 put
1441 2640 1542 2677 lauro
1573 2638 1772 2676 ornabant:
1803 2639 2033 2686 militesque,
2061 2642 2124 2689 qui
2149 2652 2292 2678 currum
2322 2639 2400 2678 sub-

1356 2690 1619 2739 sequebantur,
1646 2692 1682 2726 Jb'
1705 2688 1880 2738 triumphe
1901 2688 2100 2728 canebant:
2131 2691 2257 2729 Tibul.
2271 2690 2330 2730 lib.
2353 2701 2401 2732 11.

1359 2742 1416 2779 El.
1439 2751 1495 2778 vr.

1413 2805 1482 2854 Ipso
1498 2818 1614 2854 gerens
1634 2804 1756 2843 laurus
1770 2834 1780 2850 ,
1808 2806 1906 2844 lauro
1927 2807 2107 2844 devinctus
2130 2806 2249 2855 agresti

1465 2857 1566 2893 Miles
1589 2860 1623 2893 1'0
1642 2870 1770 2906 magna
1791 2870 1870 2895 voce
1890 2858 2062 2907 triumphe
2089 2867 2200 2896 canet.

1361 2921 1536 2961 Horatius
1557 2925 1591 2961 in
1616 2924 1752 2972 Epodo
1774 2924 1860 2962 Oda
1884 2937 1940 2964 rx.

1412 2993 1447 3025 10·
1469 2988 1643 3037 triumphe
1661 3015 1671 3032 ,
1701 3000 1741 3026 tu
1763 2989 1911 3028 moraris
1929 3002 2046 3027 aureos

1465 3044 1618 3082 Currus,
1647 3051 1688 3078 &¹
1708 3040 1861 3077 insuetas
1881 3039 1992 3076 boves.

1416 3092 1451 3125 16
1471 3089 1642 3138 triumphe
1656 3117 1664 3132 ,
1693 3103 1751 3126 nec
1769 3089 1990 3139 Jugurthino
2008 3097 2130 3138 parem

1467 3138 1558 3175 Bello
1581 3140 1753 3188 reportasti
1776 3141 1910 3178 ducem.

1365 3205 1542 3244 Martialis
1563 3205 1623 3242 lib,
1646 3216 1717 3243 vir.

1417 3267 1546 3319 Rursus
1566 3271 1601 3306 10·
1625 3279 1763 3318 magnos
1784 3266 1916 3307 clamat
1937 3266 2002 3321 tibi
2026 3274 2136 3324 qua
2154 3270 2403 3361 triumpheshd
