2495 3675
490 181 536 237 F
608 178 664 234 A
737 176 773 232 S
844 171 1045 231 TO
1104 166 1162 223 R
1233 164 1290 220 U
1363 164 1434 221 M
1541 169 1846 232 L1B.111.

2137 177 2227 238 163

374 299 591 353 ‘Laurea
613 289 967 350 Flaminibus,
1007 301 1145 355 quae
1171 292 1290 334 toto
1317 279 1543 350 perstitit
1570 301 1739 349 ann0,

450 369 711 423 Tollitur:
754 364 808 416 ἃ
834 357 1051 415 frondes
1078 355 1192 408 sunt
1216 353 1272 407 in
1300 352 1507 408 honore
1529 372 1714 411 novae.

368 443 533 515 janua
557 457 699 496 nunc
723 432 889 502 Regis
916 428 1079 501 posita
1110 427 1245 480 viret
1270 426 1458 481 arbore
1483 427 1714 483 Phoebi:

230 535 333 589 140

445 516 590 568 Ante
616 525 725 564 tuas
748 506 807 559 fit
834 502 1007 563 idem,
1047 500 1211 554 Curia
1237 498 1439 562 Prisca,
1475 499 1633 555 foreS.

374 587 533 646 Vesta
555 595 771 653 quoque
797 587 856 629 ut
880 573 1012 628 folio
1037 572 1202 626 niteat
1227 572 1394 625 velata
1417 574 1648 638 recenti,

451 656 615 712 Cedit
643 652 706 705 ab
733 647 902 703 Iliacis
928 648 1101 700 laurea
1128 662 1255 698 cana
1280 642 1431 698 focis.

376 729 538 788 Adde
556 763 570 787 ,
607 723 756 798 quod
782 721 968 775 arcana
990 718 1101 773 fieri
1131 734 1301 771 novus
1323 717 1459 785 ignis
1484 717 1535 771 in
1563 719 1694 773 aede

450 800 694 857 Dicitur;
741 794 794 847 &
820 793 956 846 vires
983 791 1198 844 flamma
1225 788 1419 843 refecia
1445 789 1599 860 capit.

236 895 332 949 145
369 874 486 931 Nec
512 871 639 925 mihi
665 883 821 940 parva
843 860 1006 926 fides,
1043 880 1206 916 annos
1232 862 1354 915 hinc
1379 860 1471 916 isse
1498 863 1734 932 p1·ioi·es;

446 947 603 1000 Anna
626 938 776 1014 quod
799 938 904 992 hoc
932 949 1125 1007 coepta
1150 934 1225 989 est
1250 936 1430 990 mense
1459 934 1697 989 Perenna
1723 937 1841 991 coli.

86 1177 171 1210 tus,
197 1172 236 1202 ut
255 1159 376 1211 lupus,
403 1156 558 1194 thermas-
587 1152 748 1196 Titinas,
775 1161 814 1188 ut
838 1148 936 1201 pelles
969 1147 1131 1198 lupinas,

94 1230 161 1256 non
181 1213 346 1256 dicimus,
366 1209 428 1257 sed
447 1207 614 1244 titianas.
650 1204 829 1241 Meminit
849 1203 886 1239 ὅ(
906 1202 1131 1255 thermarum

95 1268 326 1306 Titianarum
352 1263 388 1299 Β.
411 1260 665 1305 Hieronymus
685 1255 722 1291 in
745 1253 943 1307 Chronico*
958 1249 1127 1305 Eusebia-

95 1328 157 1357 no.
186 1314 275 1352 Titos
296 1325 361 1361 pro
381 1306 580 1356 Titienfibus
601 1304 736 1343 Persius
748 1304 872 1351 Satyra
894 1313 1009 1350 prima
1031 1299 1134 1337 vide·

82 1377 150 1407 ·tur
167 1363 332 1414 posuisse.
359 1372 436 1412 quo
457 1358 615 1396 Neronis
640 1355 758 1402 tetigit
785 1352 1033 1400 applausores,
1058 1361 1134 1406 ma-

81 1429 202 1468 gnam
224 1424 363 1465 partem
389 1410 524 1448 ordinis
544 1405 713 1455 equestris
742 1405 779 1441 &
800 1402 1135 1455 robustiffimaelju-

96 1468 282 1511 venturis,
316 1464 365 1502 ob
390 1463 464 1498 hoc
497 1457 712 1506 Augustanos
742 1454 857 1492 dietos
879 1480 890 1498 ‚
927 1452 973 1491 de
1002 1451 1132 1500 quibus

20 1538 26 1547 *
93 1518 249 1565 Tacitus
269 1519 306 1555 δε
330 1511 546 1552 Suetonius:

149 1590 246 1622 Tunc
267 1593 372 1629 neque
392 1589 481 1614 more
497 1571 594 1623 probo
612 1570 732 1608 videas
745 1597 754 1614 ‚
783 1581 848 1624 nec·
861 1579 940 1604 voce
951 1566 1072 1615 serena

149 1641 301 1682 Ingentes
319 1627 485 1678 trepidare
504 1624 616 1668 Titos,
643 1634 720 1659 cum
739 1632 898 1657 carmina
917 1617 1049 1654 lumbos

154 1691 306 1722 Intrant.

94 1749 250 1791 ‘Horatii
269 1746 328 1785 illa
347 1742 428 1781 Art·
443 1740 552 1778 Po'e't‚
576 1747 661 1786 342.
685 1733 862 1773 nimirum
884 1732 920 1770 in
938 1731 1064 1770 animo
1075 1730 1140 1768 ha-

103 1801 209 1840 bebat
223 1826 234 1842 ,

155 1856 241 1908 Celsa
264 1861 478 1907 praetereunt
499 1850 633 1899 austera
646 1850 807 1898 po'e'mata
830 1845 1016 1884 Rhamnes.

105 1924 154 1963 fic
171 1937 189 1962 a
220 1923 343 1962 Rhemo
365 1950 375 1968 ,
411 1919 594 1969 Remensbs.
638 1916 822 1966 Juvenalis
850 1915 922 1954 Sat.
940 1927 975 1954 x.
1002 1913 1059 1959 Ji‘s.
1080 1924 1139 1962 72.

102 1975 197 2014 bene
214 1974 341 2013 habet:

332 2036 383 2074 nil
404 2036 499 2073 ultra
517 2033 683 2082 interrogo
698 2058 709 2076 ‚
728 2030 792 2080 sed
810 2030 896 2080 quid

153 2089 271 2127 Turba
287 2095 450 2126 Remens?

105 2152 155 2189 ita
172 2150 330 2188 vetustus
350 2149 467 2186 codex
491 2147 689 2186 Leidenfis.
717 2147 754 2184 in
786 2146 908 2183 multis
929 2146 1026 2190 aliis,
1056 2149 1144 2200 Tur-

107 2201 152 2238 ba
172 2211 330 2238 tremens.
358 2200 394 2236 in
409 2200 584 2247 vulgatis,
614 2198 728 2235 Turba
749 2197 847 2233 Remi
884 2209 903 2233 a
923 2197 1003 2234 Titi
1021 2207 1146 2234 nonii-

106 2263 154 2290 ne
175 2251 343 2288 Titiorum
361 2261 511 2298 quoque
531 2259 679 2298 gentem
702 2247 797 2295 apud
821 2248 1012 2285 Romanos
1034 2244 1148 2284 claris-

108 2301 236 2340 fimam
259 2301 389 2338 deduci
410 2313 504 2337 reor.
527 2311 595 2337 nec
618 2299 749 2336 Titiam
771 2305 914 2335 tanturn
930 2326 940 2342 ‚
968 2298 1025 2335 sed
1041 2297 1148 2333 Titio-

108 2352 207 2388 niam
227 2362 389 2400 quoque.
410 2351 486 2399 ejus
506 2353 603 2387 enirn
629 2352 665 2388 in
691 2349 849 2386 familiae
869 2349 1022 2386 denariis
1042 2359 1149 2383 com·

112 2402 270 2449 pluribus
284 2429 294 2444 ,
317 2413 336 2436 a
356 2400 489 2438 Fulvio
513 2401 647 2437 Ursino
662 2401 738 2449 jam
752 2399 897 2447 prolatis
911 2427 921 2444 ,
941 2399 1021 2437 Titi
1046 2397 1149 2435 Tatii

112 2453 236 2498 imago
261 2451 462 2488 exhibetur.
490 2451 635 2486 Heius.

168 2525 248 2550 122.
277 2512 520 2560 Luceribusque
541 2510 674 2559 dedit]
732 2509 820 2546 Satis
842 2509 958 2557 liquet
978 2522 1023 2547 ex
1046 2512 1148 2559 supra

112 2563 223 2601 citato
243 2563 418 2599 Varronis
437 2563 523 2598 loco
537 2590 546 2605 ,
574 2561 663 2609 quid
683 2559 771 2596 velit
790 2560 863 2595 hoc
881 2559 1031 2598 disticho
1046 2573 1148 2598 meus

110 2613 269 2652 Publius.
297 2613 418 2649 NEAP.

169 2688 249 2725 135.
277 2682 352 2713 Neu
372 2675 542 2726 dubites]
575 2675 725 2723 Colligit
743 2674 962 2724 conjeeiuris
983 2675 1124 2725 aliquot
1138 2704 1149 2721 ‚

113 2725 292 2764 Kalendas
327 2728 476 2765 Martias
509 2727 571 2765 sub
611 2727 778 2764 Romulo
814 2727 1032 2775 principium
1063 2729 1151 2765 anni

114 2777 231 2817 fuisse.
262 2778 436 2815 Neapot.

169 2840 254 2888 136.
284 2839 499 2889 Animum]
529 2839 649 2876 Oculos
670 2839 808 2875 Strozz.
827 2838 961 2875 animos
972 2839 1099 2878 Ambr.

172 2915 253 2953 ¹37·
284 2901 538 2948 Fluminibus]
596 2901 768 2937 flamineo
804 2901 940 2940 Medic.
980 2903 1150 2942 Heinsius

118 2954 361 3004 conjiciebat,
392 2952 581 2988 Flaminiae
606 2979 615 2992 ,
655 2963 749 3000 quae
772 2951 903 2988 domus
927 2953 1150 2997 flaminum,

118 3004 347 3093 {iegleuGellio
367 3015 402 3040 x.
427 3015 481 3050 15.
509 3004 547 3040 ὅ(
569 3002 673 3039 Festo
693 3004 731 3040 in
754 3002 958 3040 Flamineae.
987 3004 1152 3043 vid&ad

179 3116 256 3163 ¹37·
284 3106 384 3163 Qae
402 3112 470 3139 toto
489 3102 633 3152 perstitit
652 3114 744 3137 anno
766 3101 950 3151 Tettium]
978 3104 1034 3142 En
1059 3104 1157 3142 ordi-

2073 1010 2222 1066 Hinc

1186 1144 1275 1182 libus
1292 1146 1404 1194 ignem
1433 1146 1672 1191 accenderent,
1702 1156 1881 1184 mutarent
1902 1147 2074 1185 viridibus
2098 1158 2225 1185 veteres

1186 1197 1335 1233 laureas.
1364 1197 1403 1233 &
1423 1208 1518 1245 quae
1548 1198 1745 1245 sequuntur
1772 1211 1848 1236 non
1871 1198 2098 1237 omittenda:
2127 1205 2230 1235 Sena-

1187 1257 1243 1283 tus
1265 1246 1458 1295 &populus
1477 1247 1629 1285 Comitia
1653 1259 1811 1296 agerent;
1840 1261 2017 1286 matronae
2037 1249 2144 1295 ῥῖνές
2158 1250 2232 1296 suis

1188 1310 1304 1333 coenas
1329 1307 1512 1344 ponerent,
1533 1297 1638 1346 ficuti
1663 1300 1907 1336 Saturnalibus
1938 1300 2070 1336 domini
2091 1317 2100 1335 .-
2127 1299 2233 1343 illae,

1188 1358 1228 1383 ut
1246 1356 1303 1394 per
1328 1349 1464 1384 honores
1479 1349 1651 1397 promtius
1679 1348 1871 1397 obsequium
1897 1360 2141 1396 provocarent;
2171 1349 2233 1394 hi,

1189 1397 1287 1447 quast
1301 1400 1457 1445 gratiam
1481 1398 1694 1448 repensarent
1711 1401 1850 1449 perfeHi
1871 1400 2006 1439 laboris.
2035 1402 2156 1438 NEAP.

1245 1470 1324 1508 130.
1356 1457 1467 1508 Postta
1485 1460 1577 1496 viret
1595 1459 1714 1497 arbore
1734 1461 1895 1512 phoeba]
1927 1463 2138 1500 Macrobius
2161 1463 2233 1510 pti-

1190 1521 1256 1547 mo
1276 1510 1519 1548 Saturnalium
1536 1525 1542 1547 :
1573 1511 1698 1547 Eodem
1724 1526 1854 1562 quoque
1872 1513 2080 1562 ingrediente
2100 1514 2209 1560 mense
2225 1539 2236 1557 ,

1190 1571 1265 1598 tam
1286 1560 1324 1597 in
1341 1561 1433 1609 regii
1451 1562 1619 1608 curiisque
1639 1573 1743 1612 atque
1767 1564 1963 1600 Flaminum
1987 1564 2141 1601 domibus
2158 1563 2237 1601 lau·

1194 1624 1270 1649 reae
1288 1622 1415 1648 veteres
1433 1613 1533 1649 novis
1550 1613 1675 1649 laureis
1695 1614 1936 1651 mutabantur.
1966 1615 2090 1652 Nux).

1249 1683 1329 1721 139.
1360 1673 1450 1709 Viret
1469 1672 1623 1721 arbom]
1666 1672 1761 1709 Nitet
1789 1673 1970 1710 nonnulli.
1996 1673 2055 1710 sed
2074 1685 2119 1710 ex
2140 1673 2235 1711 disti-

1195 1722 1268 1758 cho
1290 1724 1483 1771 repetitum
1515 1724 1690 1772 sequenti.
1713 1725 1751 1761 &
1776 1723 1862 1761 alias
1883 1725 1992 1761 etiam
2016 1724 2106 1761 haec
2127 1724 2237 1761 verba

1196 1775 1420 1812 commutari
1441 1774 1570 1812 solent.

1245 1847 1328 1882 140.
1358 1841 1454 1873 Ante
1472 1847 1550 1873 tuas
1572 1834 1733 1885 itidem]
1788 1835 1892 1874 Prisci
1925 1835 2026 1879 libri,
2057 1836 2109 1872 Fit
2133 1835 2236 1873 idem.

1193 1887 1371 1925 Nizavot.
1425 1887 1480 1924 Fit
1500 1888 1590 1924 idem
1615 1886 1733 1924 Urfin.
1754 1887 1858 1935 prim.
1887 1886 2057 1925 Ambros.
2093 1887 2237 1925 Zulich.

1196 1939 1358 1987 Nauger.
1379 1938 1513 1987 aliique
1535 1939 1753 1987 complures.
1781 1939 1919 1975 i-lems.

1254 2009 1334 2044 140.
1362 1999 1471 2034 Curia
1494 1998 1770 2048 prisca,fores.]
1797 1996 1951 2043 ‘fivcuoc,
1978 2000 2064 2037 loco
2087 2001 2241 2040 πλκθυν-

1194 2052 1312 2085 τικοῦ.
1369 2049 1501 2085 Curiae
1530 2050 1662 2098 priscae
1695 2059 1796 2087 erant
1824 2050 2008 2094 Forensis,
2038 2051 2239 2095 Veliensis,

1198 2100 1315 2147 Rapta
1331 2127 1341 2143 ,
1369 2099 1506 2136 Velitia
1537 2103 1573 2137 ὅ(
1611 2100 1771 2149 reliquae
1795 2113 1896 2138 xxvi.
1942 2101 1983 2137 In
2002 2103 2126 2139 harum
2150 2113 2242 2139 una-

1199 2161 1344 2198 quaque
1367 2151 1404 2186 &
1437 2152 1677 2188 coenaculum
1708 2161 1805 2196 erat,
1835 2154 1873 2188 δε
1906 2152 2009 2189 focus
2028 2153 2073 2189 ad
2095 2165 2170 2189 rein
2192 2153 2242 2189 sa-

1202 2212 1299 2237 cram
1314 2228 1323 2243 ‚
1353 2212 1397 2236 cx
1422 2201 1576 2238 Romuli
1608 2202 1784 2239 instituto.
1821 2202 1966 2239 Autosor
1989 2203 2095 2252 hujus
2117 2204 2167 2240 rei
2185 2204 2242 2240 lo-

1203 2250 1460 2298 cupletissimus
1482 2253 1682 2301 Dionysius
1700 2253 1758 2289 lib.
1772 2266 1816 2289 11.
1837 2253 1970 2290 Novae
1987 2254 2143 2291 tondern
2158 2265 2243 2290 xxx.

1203 2302 1326 2349 postea
1355 2301 1577 2346 exstructae,
1605 2305 1641 2340 in
1667 2315 1754 2351 quas
1785 2315 1938 2340 evocata
1965 2303 2057 2341 sacra
2087 2307 2129 2341 ab
2151 2304 2243 2340 anti-

1203 2352 1302 2400 quis:
1330 2351 1388 2389 sed
1409 2352 1548 2390 illarum
1570 2363 1726 2401 quatuor
1741 2381 1750 2397 ,
1778 2366 1865 2402 quas
1876 2354 1975 2401 supra
1989 2355 2090 2391 retuli
2107 2383 2116 2398 ,
2145 2354 2237 2390 &de

1203 2403 1334 2451 quibus
1355 2414 1454 2439 nunc
1479 2404 1576 2440 Naso
1598 2405 1741 2445 noster,
1771 2405 1981 2452 exaugurari
2016 2417 2077 2451 per
2095 2405 2242 2450 religio-

1201 2465 1289 2490 nem
1309 2454 1449 2489 licitum
1472 2453 1569 2490 haud
1587 2454 1662 2490 fuit.
1692 2453 1834 2490 Festus:
1858 2461 1980 2489 Novae
1999 2455 2112 2489 curiae
2128 2452 2244 2500 proxi-

1204 2516 1256 2539 me
1278 2503 1460 2550 compitum
1475 2503 1669 2538 Fabricium
1679 2503 1878 2549 aedificatae
1894 2504 1972 2547 ,sunt
1984 2531 1993 2546 ,
2010 2504 2100 2552 quod
2115 2514 2242 2552 parum

1204 2552 1338 2600 amplae
1365 2562 1468 2586 erant
1498 2564 1625 2588 veteres
1645 2552 1670 2588 ei
1694 2553 1981 2597 Romulosaciae,
2010 2553 2067 2589 ubi
2088 2554 2116 2590 is
2142 2563 2244 2601 popu-

1205 2601 1279 2637 lum
1301 2602 1458 2649 &sacra
1476 2602 1514 2638 in
1530 2613 1642 2651 partes
1661 2604 1809 2652 triginta
1827 2603 2064 2650 distribuerat,
2085 2614 2124 2640 ut
2143 2604 2181 2640 in
2202 2603 2245 2641 iit

1204 2665 1243 2688 ea
1255 2654 1354 2699 sacra
1375 2662 1534 2688 curarent
1548 2681 1558 2696 ‚
1586 2666 1693 2702 quae,
1721 2666 1797 2689 cum
1820 2667 1861 2689 ex
1882 2653 2053 2689 veteribus
2080 2655 2117 2691 in
2135 2667 2244 2692 novas

1206 2712 1454 2746 evocarentur,
1473 2703 1600 2752 septem
1630 2704 1806 2739 curiarum
1835 2715 1892 2750 per
1911 2704 2081 2752 religiones
2108 2706 2244 2742 evocari

1208 2766 1275 2789 non
1293 2763 1486 2801 potuerunt.
1513 2755 1630 2804 itaque
1661 2753 1816 2799 Foriensis
1840 2782 1849 2797 ,
1889 2760 2038 2803 Raptae,
2068 2755 2244 2803 Veliensis,

1212 2804 1353 2839 Velitiae
1371 2817 1421 2840 res
1447 2804 1591 2840 divinae
1604 2804 1700 2851 fiunt
1718 2806 1755 2841 in
1777 2804 1946 2840 veteribus
1969 2807 2082 2843 curiis.
2110 2807 2243 2844 Nescio

1209 2865 1252 2890 an
1276 2855 1347 2890 huc
1367 2865 1481 2902 usque
1502 2856 1545 2890 ab
1574 2855 1699 2903 aliquo
1716 2857 1817 2893 locus
1837 2856 1894 2893 liic
1916 2857 1951 2893 in
1971 2857 2069 2894 hunc
2088 2857 2244 2895 modum

1206 2916 1384 2951 umquam
1406 2904 1600 2953 expositus.
1628 2907 1750 2943 Nem.

1261 2966 1340 2999 141.
1370 2955 1461 3003 Vesta
1491 2969 1621 3005 quoque
1651 2967 1690 2993 ut
1712 2956 1826 2993 niteat
1846 2955 1970 3006 solim]
2026 2957 2116 2994 Folio
2138 2959 2247 2995 niteat

1209 3004 1372 3052 plerique
1392 3015 1543 3043 veteres.
1571 3018 1660 3044 mox
1679 3019 1745 3055 pro
1778 3007 1895 3043 laurea
1924 3020 2010 3044 cana
2028 3009 2115 3045 alter
2142 3009 2247 3047 Peta-

1210 3055 1359 3098 vianus,
1387 3055 1504 3093 laurea
1527 3057 1637 3094 vitta.
1667 3057 1739 3094 vid.
1759 3058 1832 3104 sup.
1850 3057 1902 3100 JTJs.
1916 3070 1962 3106 30
2002 3059 2141 3096 Heius.

1268 3117 1346 3155 ¹43·
1376 3107 1463 3143 Fieri
1481 3120 1591 3144 novus
1609 3108 1696 3154 ignis
1716 3108 1753 3144 in
1774 3108 1892 3155 aede]
1925 3110 2046 3146 Habes
2070 3111 2104 3147 id
2126 3122 2168 3146 ex
2181 3109 2246 3146 So-

127 3161 183 3192 tui·
202 3167 223 3191 a
241 3157 366 3203 prima.
393 3159 493 3201 cujus
513 3155 549 3190 ὃ(
571 3152 743 3189 meminit
763 3152 906 3190 Solinus
927 3155 1158 3202 Polyhistoris
1211 3156 1312 3200 lino;
1343 3157 1402 3194 cui
1421 3157 1517 3195 addo
1546 3159 1780 3196 Macrobium
1809 3161 1843 3196 in
1871 3159 1960 3196 haec
1982 3161 2108 3197 verba:
2140 3160 2249 3206 Hujus

130 3205 244 3251 capite
275 3206 400 3241 tertio:
432 3204 602 3246 Romani,
630 3204 749 3252 inquit
771 3230 782 3247 ‚
810 3203 910 3239 initio
938 3218 1074 3241 annum
1105 3206 1162 3241 de-

130 3265 198 3290 cem
221 3253 382 3301 menfibus
404 3253 644 3302 computabant
667 3282 677 3296 ,
712 3252 737 3289 a
769 3254 903 3290 Martio
932 3255 1161 3304 auspicantes;

130 3303 211 3341 adeo
222 3313 261 3340 ut
281 3305 349 3354 ejus
364 3303 417 3342 die
432 3304 551 3354 prima
562 3307 600 3341 de
609 3307 679 3342 aris
698 3304 861 3352 (mallem
877 3305 935 3351 ,in
955 3306 1041 3357 aris)
1054 3306 1164 3354 Vesta-

1215 3206 1323 3244 etiam
1350 3207 1469 3256 primci
1496 3208 1550 3245 die
1573 3209 1683 3256 ignem
1710 3223 1842 3246 novum
1872 3211 1981 3255 Vestae
2005 3210 2074 3245 aris
2094 3209 2251 3244 accende·

1219 3256 1304 3293 bant
1318 3284 1329 3300 ,
1357 3267 1395 3293 ut
1409 3286 1420 3302 ,
1446 3258 1622 3307 incipiente
1641 3273 1733 3296 anno
1747 3288 1757 3304 ‚
1785 3273 1866 3296 cura
1887 3261 1994 3296 denuo
2006 3258 2174 3307 servandi
2193 3269 2252 3291 no-

1220 3307 1301 3346 vati
1320 3307 1432 3395 ignisX
1432 3308 1599 3358 inciperet.
1626 3309 1741 3349 subdit
1759 3310 1881 3348 idem:
1910 3316 1979 3346 Hoc
2005 3307 2113 3355 mense
2131 3318 2254 3390 mercie-

1457 3370 1481 3397 2
2201 3371 2211 3392 ί
2226 3369 2259 3394 85
