2495 3675
765 157 826 214 P.
904 149 1321 213 OVIDII
1392 148 1927 212 NASONIS

559 249 615 308 V
618 249 873 315 aticinor‚
898 265 1237 321 moneoque;
1277 246 1457 298 locum
1485 242 1608 298 date
1634 244 1774 299 sacra
1800 247 2022 308 ferenti:

638 325 766 380 Non
792 325 950 387 mihi,
987 324 1074 376 1ed
1102 335 1297 390 magno
1325 316 1558 388 poscitur
1584 316 1669 371 ille
1694 317 1837 372 Deo,

563 397 710 461 Nec,
747 399 868 470 quia
895 398 974 450 vel
1000 393 1202 450 merui,
1246 390 1331 443 vel
1355 388 1482 443 senfi
1507 388 1770 462 Principis
1794 391 1959 459 iram,

425 483 491 532 50

637 473 691 524 A
729 469 878 524 nobis
903 467 1072 538 ipsum
1099 463 1239 518 nolle
1267 476 1452 534 putate
1481 462 1601 516 coli.

567 543 700 599 Vidi
727 560 830 612 ego
856 540 1108 609 linigerae
1133 552 1333 589 numen
1360 533 1573 589 violasse
1603 535 1864 591 fatentem

640 615 811 676 Isidis,
848 610 1031 665 isiacos
1058 622 1178 663 ante
1203 608 1389 662 sedere
1415 606 1585 662 focos

570 688 750 747 Alter,
787 683 858 738 ob
885 684 1008 739 huic
1034 682 1254 736 similem
1280 680 1514 752 privatus
1543 681 1741 737 lumine
1765 683 2006 755 culpam,

640 757 916 812 Clamabat
942 756 1120 812 media
1146 754 1197 809 se
1225 751 1470 808 meruisse
1496 753 1595 808 via.

426 850 488 900 55
541 830 716 886 ·Talia
741 829 994 886 coelestes
1023 827 1138 883 fieri
1165 827 1446 899 praeconia
1471 826 1707 898 gaudent
1722 857 1738 892 3

647 902 754 968 Ut,
783 905 878 958 ¹sua
901 903 1033 975 quid
1062 903 1270 955 valeant
1305 900 1548 962 numina,
1586 900 1716 954 teste
1741 902 1987 973 probent.

571 976 739 1047 Saepe
766 977 942 1030 levant
966 992 1193 1048 poenaS,
1231 987 1521 1044 ereptaque
1549 972 1746 1027 lumina
1771 973 2037 1040 reddunt;
2087 1044 2089 1047 ι

643 1049 786 1103 Cum
821 1049 960 1104 bene
995 1047 1196 1119 peccati
1224 1044 1539 1118 poenituiffe
1561 1044 1762 1099 vident.

568 1121 820 1176 Poenitet
847 1122 881 1176 ὁ
896 1162 910 1185 ,

423 1201 491 1249 60

950 1125 972 1191 (
985 1124 1018 1176 fi
1049 1120 1180 1194 quid
1206 1118 1519 1173 miserorum
1548 1117 1787 1172 creditur
1812 1119 1939 1187 ulli)

638 1194 920 1259 Poenitet,
958 1197 1013 1248 &
1038 1193 1178 1248 facio
1202 1205 1460 1262 torqueor
1486 1190 1594 1260 ipse
1623 1192 1772 1244 meo!

563 1266 815 1339 Cumque
842 1268 900 1322 sit
926 1267 1192 1329 exsilium,
1232 1264 1399 1334 magis
1429 1261 1502 1316 est
1529 1262 1658 1316 mihi
1685 1265 1837 1335 culpa
1864 1262 2066 1320 dolori:

639 1338 841 1412 Estque
860 1342 973 1413 pati
1005 1355 1237 1413 poenas,
1273 1353 1433 1410 quam
1459 1333 1733 1400 meruisse,
1768 1338 1956 1392 minus,

327 1614 393 1655 43.
418 1610 617 1648 superorum
640 1603 800 1642 numina.
812 1603 828 1654 ]

2346 1466 2418 1525 Ut

879 1604 1033 1643 Nomina
1055 1611 1319 1643 veteresnon·
1369 1595 1497 1649 pamj]
1527 1599 1699 1637 Privatus
1721 1597 1842 1637 limine
1860 1599 1897 1637 in
1927 1599 2114 1639 nonnullis
2133 1601 2334 1647 codicibus.
2361 1606 2419 1648 sed

277 1658 379 1698 nulli.
408 1656 552 1695 Hms.
587 1657 760 1694 Carmina
781 1655 856 1694 duo
877 1655 969 1694 libri.
996 1667 1137 1694 monent
1165 1655 1321 1693 Putean.
1374 1650 1426 1688 nil
1448 1650 1682 1688 mutandum.
1710 1650 1758 1688 fic
1776 1649 1873 1699 apud
1889 1649 2132 1697 Juvenalem:

277 1712 316 1750 δι
344 1708 496 1746 Moreti.

332 1771 391 1817 46.
417 1768 572 1806 Nomina
582 1767 749 1818 sanstus]
809 1769 967 1805 Numina
997 1768 1065 1806 Ed.
1088 1769 1195 1817 prim.
1218 1768 1318 1815 sacra

276 1821 392 1860 Servii
413 1820 544 1858 codex.
571 1821 609 1856 &
640 1819 727 1858 editi
756 1818 919 1869 quidam.
937 1831 1067 1868 magna
1096 1820 1321 1867 Putean.se-

266 1885 358 1910 -ram
380 1872 532 1920 Argent.

329 1948 389 1987 47.
418 1937 643 1988 Moneoque.]
675 1943 865 1987 Moveoque
881 1936 920 1975 P.
934 1937 1031 1976 Dan.
1049 1937 1132 1974 dare
1161 1937 1261 1976 Serv.
1282 1936 1321 1975 δί

268 1991 414 2030 Bersm.
435 1989 472 2026 &
494 1989 672 2037 Excerpta
693 1987 797 2025 Voff.

333 2064 392 2098 50.
421 2051 520 2088 Nolle
535 2062 658 2102 putare
679 2051 778 2101 coli.]
809 2051 1055 2100 Siclegiturin
1077 2051 1140 2088 lib.
1154 2052 1321 2090 Vatican.

280 2102 320 2140 &
343 2101 448 2140 Maff.
470 2103 579 2142 reste.
608 2103 777 2140 Cmrau.
806 2101 892 2139 Nolo
908 2111 1032 2151 putare
1043 2101 1140 2139 Edit.
1154 2103 1296 2151 Gryph-

338 2174 396 2212 51.
422 2164 501 2202 Vidi
521 2179 574 2215 ego
596 2163 794 2214 linigerae]
824 2163 952 2213 Aliqui
974 2163 1153 2208 scribunt,
1191 2163 1322 2213 Nilige-

281 2227 348 2252 nae
361 2242 371 2259 ‚
385 2223 511 2253 contra
535 2215 876 2255 vetera&recentia
889 2214 1119 2263 exemplaria.
1148 2214 1319 2253 Isisenim

281 2273 367 2303 ortu
385 2277 462 2302 non
483 2267 550 2304 fuit
570 2267 745 2316 AEgyptia
759 2294 768 2310 ,
796 2265 855 2303 sed
885 2265 1022 2314 Argiva
1045 2278 1053 2302 :
1093 2265 1190 2304 unde
1211 2266 1324 2304 lectio

281 2327 434 2366 quoque
454 2316 535 2354 falsa
556 2318 603 2355 est
621 2319 680 2356 lib.
704 2328 735 2356 1.
755 2317 800 2355 de
820 2316 930 2353 Arte:

334 2384 413 2415 Neu
429 2379 509 2428 fuge
538 2380 718 2429 Niligenae
740 2378 965 2430 Memphitica
987 2379 1091 2429 sacra
1107 2381 1289 2428 juvencae.

283 2440 347 2479 Isis
367 2450 491 2480 autem
514 2441 658 2491 linigera
678 2470 689 2486 ‚
717 2442 775 2479 vel
796 2440 816 2479 a
841 2441 971 2480 vestitu
992 2442 1218 2481 sacerdotum
1233 2472 1244 2489 ,
1266 2444 1325 2482 vel

283 2490 306 2530 a
329 2492 463 2531 statuae
484 2493 565 2530 suae
585 2493 722 2531 amictu
740 2493 960 2542 appellatur:
990 2493 1151 2542 Niligena
1169 2495 1326 2544 appella-

283 2543 313 2580 ri
338 2555 414 2581 non
437 2544 565 2592 potest.
592 2546 756 2582 FAssiuc.
785 2544 961 2593 Linigerae
979 2555 1062 2582 vera
1074 2545 1328 2599 leffiffiquic·

284 2594 376 2643 quid
395 2593 631 2633 membranae
647 2596 742 2633 inter
762 2594 796 2633 se
820 2602 995 2643 pugnant.
1028 2595 1128 2634 Vide
1147 2597 1265 2634 Notas
1281 2597 1327 2636 ad

287 2646 418 2683 Artem
440 2646 610 2684 Amator.
635 2646 728 2684 libro
749 2660 777 2685 1.
807 2645 860 2689 ybs.
880 2655 944 2694 79.
979 2646 1126 2685 Hmns.
1177 2647 1265 2686 Vid.
1286 2648 1325 2686 δε

290 2692 411 2734 Barth.
427 2708 577 2735 xxxvn.
597 2697 671 2735 Ad.
697 2708 755 2736 10.

343 2775 362 2809 ς
375 2774 402 2800 t.
430 2769 571 2800 Numen
591 2762 770 2812 violaffe.]
809 2763 957 2812 Saepius
975 2764 1012 2802 in
1029 2764 1098 2803 hac
1117 2765 1243 2815 Elegia
1262 2779 1329 2804 nu-

293 2826 393 2856 men,
423 2814 459 2849 ὃ(
483 2814 628 2851 numina
658 2823 867 2852 occurrunt.
891 2827 1003 2864 quare
1024 2815 1151 2854 dubito
1176 2829 1221 2854 an
1249 2829 1328 2855 non

293 2864 352 2900 hic
375 2875 418 2899 ex
441 2864 656 2902 auctoritate
680 2864 938 2904 Leid.Farnes.
955 2866 1329 2906 Francof.&Voffia-

294 2913 331 2951 ni
355 2914 524 2950 codicum
544 2916 663 2962 legam
683 2943 693 2960 ,
731 2915 895 2964 templum
927 2916 1074 2966 violasse.
1104 2926 1141 2955 ut
1170 2920 1219 2956 ita
1241 2929 1328 2956 tem-

290 2963 391 3013 plum
419 2964 548 3000 violare
569 2967 678 3010 Jovis
706 2966 806 3003 Ibide
830 2977 915 3015 313.
951 2968 989 3004 &
1022 2968 1139 3017 templi
1167 2968 1329 3008 violator.

297 3026 343 3052 Π.
365 3015 469 3051 Pont.
494 3026 538 3050 11.
564 3025 626 3062 27.
653 3016 712 3053 ubi
743 3016 837 3053 vide.
867 3019 997 3054 Amm.
1026 3018 1178 3056 Marcel.
1198 3032 1276 3058 xix.
1299 3032 1330 3058 1.

298 3064 392 3102 Hinc
412 3064 509 3150 qnssfi
535 3065 572 3100 in
590 3067 770 3115 sacrilegos
799 3066 925 3104 violati
953 3068 1109 3115 saeviens
1137 3070 1265 3120 templi.
1292 3072 1331 3109 δί

298 3115 437 3164 paffim.
498 3127 596 3152 uma.

353 3193 412 3228 52.
442 3178 586 3228 sedem]
608 3181 732 3226 Jacere
742 3181 1079 3222 Ms.Bersm.male.
1098 3186 1171 3224 vid.
1191 3198 1235 3224 11.
1249 3187 1339 3228 Am.

298 3245 391 3271 xm.
415 3242 469 3277 17.

355 3296 372 3332 5
380 3293 414 3332 3.
440 3280 568 3327 Alter,
596 3281 634 3319 ob
652 3281 732 3321 huic
751 3281 903 3332 fimilem
923 3285 1090 3335 privatus
1116 3286 1248 3327 lumine
1267 3289 1340 3338 cul:

1604 1725 1645 1751 ut
1663 1716 1886 1766 quodcunque
1905 1716 1998 1753 volet
2023 1717 2063 1754 de
2085 1729 2213 1768 corpore
2232 1721 2338 1770 nostro

1427 1763 1485 1813 Isis
1497 1793 1507 1809 ‚
1536 1777 1579 1805 ω·
1598 1766 1688 1802 irato
1696 1768 1809 1808 feriat
1829 1780 1906 1804 mea
1924 1767 2061 1805 lumina
2081 1767 2183 1815 [istro.

1425 1818 1627 1853 Dummodo
1648 1816 1707 1854 vel
1731 1829 1845 1855 caecus
1861 1827 1996 1857 teneam
2008 1847 2020 1865 ,
2048 1834 2129 1870 quos
2147 1820 2272 1873 abnego
2287 1851 2298 1869 ‚
2317 1827 2421 1864 num-2
2456 1827 2477 1858 ’-

1553 1880 1636 1905 mos.

1380 1932 1418 1970 δί
1437 1932 1533 1981 apud
1565 1932 1762 1982 Apulejum
1789 1933 1920 1974 Iliacus
1945 1936 2005 1974 ille
2028 1937 2186 1978 Metam.
2206 1951 2279 1979 vir.
2316 1941 2373 1979 'At
2390 1953 2425 1981 te

1377 1984 1493 2033 inquit
1514 1984 1730 2032 omniparens
1752 1990 1825 2021 Dea
1848 1987 1951 2034 Syria
1968 2014 1977 2029 ,
1997 1999 2041 2027 <7
2061 1994 2189 2035 Venus,
2211 2002 2256 2030 (9'
2271 1992 2420 2039 Bellona,

1377 2044 1421 2072 ω’
1454 2040 1570 2071 Mater
1609 2035 1709 2072 Idaea
1748 2048 1885 2074 caecum
1914 2037 2077 2077 reddant.
2119 2042 2158 2079 in
2191 2042 2420 2093 Anthologia
2465 2081 2469 2085 Α

1379 2084 1519 2123 Graeca
1539 2085 1727 2124 Lucilius:

1862 2156 1912 2197 μὴ
1930 2157 2121 2202 ›cavania-n

1428 2202 1501 2242 Τῆν
1518 2199 1606 2238 ’Ίσιν
1630 2203 1776 2241 ravum.

1379 2262 1508 2318 hucu&
1533 2261 1671 2301 Perfius
1695 2262 1822 2314 Satyra
1845 2278 1882 2303 v.
1908 2266 2084 2315 respexit,
2108 2267 2204 2316 apud
2223 2279 2334 2318 quem
2355 2281 2420 2310 oc·

1381 2320 1510 2351 currit:

1610 2393 1687 2418 cum
1701 2379 1796 2429 fistro
1816 2381 1910 2430 lusca
1929 2383 2093 2433 sacerdos.

1381 2445 1528 2485 HEms.
1565 2449 1617 2486 Ob
1640 2450 1731 2487 hanc
1747 2449 1895 2498 fimilem
1925 2452 2097 2494 Leidens.
2119 2453 2253 2494 lumine
2282 2456 2422 2506 caustum

1381 2497 1474 2546 Reg.
1497 2498 1585 2547 Arg.
1604 2500 1642 2536 &
1662 2502 1761 2539 al1us.

1433 2562 1494 2610 56.
1521 2567 1562 2598 Ut
1578 2564 1683 2614 [ua.]
1714 2565 1886 2604 Francius
1904 2566 2078 2615 volebat,
2106 2579 2150 2610 θ’
2160 2572 2228 2619 sua
2248 2569 2335 2619 quid
2354 2581 2422 2616 vaf

1383 2610 1477 2649 leam
1497 2614 1646 2652 numina
1664 2616 1742 2662 teste
1756 2617 1916 2665 probant.

1432 2678 1493 2717 60.
1519 2684 1564 2717 Et
1575 2683 1706 2732 sabla]
1735 2688 1783 2721 Et
1793 2687 1877 2732 fato
1898 2686 1972 2724 Ms.
1992 2685 2126 2727 Bersm.

1430 2740 1490 2779 61.
1518 2747 1676 2794 Cumque
1688 2744 1737 2795 fit
1757 2744 1914 2795 exstlium
1943 2751 2051 2798 magis
2072 2748 2152 2800 est.]
2209 2750 2264 2789 Ita
2282 2758 2423 2790 veteres

1385 2791 1601 2832 constanter.
1635 2796 1778 2834 Censeo
1796 2799 2038 2837 nihilominus
2055 2800 2283 2839 scribendum
2305 2800 2398 2846 effe,

1438 2858 1627 2947 Qamyuq
1646 2858 1695 2910 fit
1721 2861 1867 2899 exilium
1889 2890 1901 2907 ,
1937 2864 2047 2913 magis
2077 2878 2109 2902 es
2135 2864 2225 2903 mihi
2246 2864 2344 2915 culpa
2365 2865 2425 2911 ἄν,

1577 2923 1637 2948 ort.

1387 2974 1486 3012 Nam
1511 2974 1554 3010 τὶ
1571 2974 1615 3022 est
1634 2975 1736 3014 versu
1755 2979 1929 3025 proximo
1948 2979 2064 3019 rursus
2085 2979 2257 3030 sequitur.
2276 2981 2336 3019 ubi
2350 2990 2425 3032 poe-

1389 3037 1453 3062 nas
1474 3036 1558 3063 cum
1579 3026 1877 3076 Argentoratenfi
1896 3032 2018 3074 malo,
2046 3043 2156 3080 quam
2174 3039 2332 3079 poenam.
2375 3031 2428 3077 Si·⁴

1391 3075 1485 3114 milis
1501 3076 1678 3126 loquendi
1699 3082 1835 3117 modus
1855 3081 1949 3119 infra
1967 3081 2068 3129 Eleg.
2087 3093 2140 3118 IV.

1442 3137 1617 3239 Juncziojl
1639 3143 1834 3229 HaIe-lmonia
1861 3141 1905 3188 est
1936 3149 2044 3181 Ponto
2065 3171 2077 3189 ‚
2115 3158 2223 3195 quam
2254 3153 2362 3185 Roma
2381 3145 2428 3198 fit

1573 3197 1591 3226 l
1617 3206 1664 3230 ro.
1735 3202 1839 3230 finus:

1444 3238 1507 3288 63.
1536 3242 1794 3291 Manifestior-,J
1833 3244 2047 3289 Mansuetior
2077 3246 2250 3296 Gottorp.
2278 3248 2337 3286 sed
2355 3249 2428 3287 fru-

1394 3289 1470 3331 stra.
1497 3292 1696 3342 manifestus
1717 3293 1805 3332 deus
1827 3293 1875 3332 est
1893 3294 2056 3342 praesens
2077 3298 2113 3335 &
2133 3299 2368 3347 conspicuus,
2389 3309 2429 3339 ut

2372 3349 2428 3399 ‚su-
