2495 3675
494 206 540 262 F
608 205 665 261 A
739 205 776 262 s
844 204 908 262 T
976 204 1036 263 ο
1102 202 1159 259 R
1230 171 1298 256 υ
1354 199 1425 259 Μ
1534 163 1729 260 Lm
1800 209 1880 266 111.

334 322 451 379 Cur
474 322 676 378 hedera
699 321 870 378 cincla
896 320 1004 375 est?
1041 316 1238 372 hedera
1264 316 1340 371 est
1365 315 1652 389 gratissima
1675 317 1909 379 BacchO.

411 396 542 452 Hoc
568 413 786 468 quoque
809 411 905 448 cur
926 392 999 446 ita
1022 389 1082 444 fit
1122 389 1303 444 dicere
1328 391 1466 445 nulla
1492 406 1641 443 mora
1666 392 1755 447 est.

332 470 586 543 Nyfiades
609 466 916 539 Nymphae,
952 480 1177 534 puerum
1202 476 1493 535 quaerente
1518 467 1781 530 noverca,

197 560 296 610 770

407 542 569 598 Hanc
598 537 846 594 frondem
871 536 1024 590 cunis
1049 534 1342 607 adposuere
1369 537 1535 591 novis,

338 615 551 676 Restat,
593 625 650 664 ut
673 610 965 670 inveniam,
1007 625 1171 681 quare
1197 621 1322 679 toga
1347 609 1511 663 libera
1540 610 1698 668 detur

411 683 671 741 Lucifero
698 682 902 751 pueris,
941 681 1170 735 candide
1197 680 1436 745 Bacche,
1471 694 1582 737 tuo,

337 761 482 820 Sive,
527 754 676 827 quod
700 753 807 824 ipse
832 771 965 826 puer
987 754 1194 825 semper
1225 752 1540 828 juvenisque
1566 757 1795 822 videris;

404 830 477 885 Et
502 827 677 882 media
702 824 777 879 est
802 840 940 881 aetas
965 827 1105 881 inter
1129 837 1419 900 utrumque
1444 828 1564 882 tibi:

196 920 291 973 775
332 903 436 959 Seu
461 902 582 973 quia
607 914 664 952 tu
691 911 839 968 pater
865 917 947 962 ες,
985 912 1184 971 patreS,
1221 899 1307 953 sua
1331 900 1585 972 pignora,
1626 916 1777 959 natos

407 971 808 1030 Commendant
830 989 988 1028 curae
1012 969 1422 1046 numinibusque
1446 974 1563 1030 tuis,

101 1177 183 1227 761.
208 1173 386 1226 calenti]
416 1171 552 1212 Recenti
570 1175 675 1224 prim.
695 1173 824 1213 Ambr.
843 1169 964 1212 Laeti.

100 1231 182 1275 762.
207 1224 552 1278 splendida‚mella.]
582 1225 746 1262 Candida
760 1225 928 1263 meliores
941 1234 1085 1279 omnes.

51 1281 96 1320 de
117 1292 192 1328 quo
212 1279 285 1316 dixi
304 1278 413 1315 lib.v.
430 1277 479 1314 vs.
496 1276 575 1313 186.
602 1276 775 1324 superiori
796 1275 897 1313 versu
918 1275 1084 1323 profrui-

48 1341 104 1370 tur
119 1330 205 1369 liber
227 1330 460 1372 Erfurtanus,
481 1326 623 1376 potitur.
652 1327 805 1364 Heius.
825 1325 936 1362 Mella
954 1334 1084 1374 reperta

47 1382 186 1430 Junian.
208 1382 245 1418 ὅ(
265 1378 435 1417 Bernens.
840 1409 843 1413 ,

96 1434 177 1481 763.
207 1430 349 1468 Femina
372 1442 431 1466 cur
450 1426 623 1478 praestet.]
642 1427 742 1475 Lege
757 1424 922 1476 ,praefit‚
945 1424 1081 1462 exlibri

44 1483 121 1522 Urs.
151 1482 367 1521 auetoritate
388 1506 399 1523 ,
437 1478 482 1516 ad
509 1479 610 1527 cujus
639 1477 840 1515 menonem
870 1476 949 1513 libri
979 1475 1081 1512 Statii

40 1534 207 1583 scriptura
240 1531 409 1580 proxime
452 1530 605 1566 accedit.
647 1527 776 1575 legitur
805 1526 905 1564 enim
938 1527 976 1563 in
1006 1537 1079 1569 eo,

37 1583 158 1634 preffit.
183 1584 355 1620 CioFAN.
377 1578 499 1628 Presfet
518 1577 639 1616 Urfin.
658 1578 780 1615 Petav.
802 1577 840 1614 δε
863 1587 956 1614 unus
977 1576 1081 1614 Pata-

40 1637 158 1673 vinus.
193 1633 298 1670 bene.
333 1642 418 1668 nam
450 1630 496 1667 de
521 1629 600 1666 libis
627 1629 709 1676 agit.
763 1628 911 1675 Reliqui
942 1637 1079 1675 magno

39 1695 199 1724 numero
221 1710 233 1729 ,
271 1679 381 1732 pressit
400 1708 411 1726 ,
438 1679 497 1718 vel
519 1678 667 1729 praestat
688 1705 699 1723 ,
737 1678 906 1727 proxime
935 1688 1080 1716 verum.

40 1737 187 1832 Ηξιέςς..
206 1790 278 1822 Cur
298 1795 388 1820 anus
404 1780 464 1818 hoc
473 1778 628 1829 faciat.]
658 1785 750 1815 Haec
766 1777 886 1824 faciat
906 1778 1009 1816 multi
1030 1790 1076 1817 ex

37 1836 185 1885 scriptis.
208 1835 268 1873 sed
287 1835 378 1872 refer
399 1833 444 1871 ad
463 1831 586 1869 libum.
613 1828 738 1867 Libum
749 1829 867 1876 facere
884 1838 924 1867 ut
943 1829 1075 1868 Noster

37 1887 99 1926 lib.
120 1898 172 1924 w.
192 1885 373 1924 Fastorum
389 1911 400 1928 ,
429 1895 513 1930 775.

87 1958 161 1966 ·-
185 1958 256 1965 —
283 1946 326 1974 Θ·
344 1947 401 1971 nos
411 1934 590 1981 faciamus
609 1932 657 1967 ad
676 1945 811 1969 annum

90 1987 267 2034 Pastorum
287 1985 449 2023 dominae
464 1983 614 2032 grandia
634 1981 705 2019 liba
723 1982 815 2020 Pali.

40 2037 180 2076 Hems.
209 2038 266 2075 Sic
280 2038 395 2084 facere
414 2033 483 2072 effe
496 2034 655 2071 culinare
669 2033 821 2071 verbum
836 2060 847 2077 ,
868 2033 1005 2071 docent
1026 2034 1081 2071 in-

39 2096 210 2137 terpretes
222 2087 384 2125 Petronii
400 2096 480 2135 cap.
497 2096 603 2123 xxv1.
615 2084 652 2121 &
666 2083 885 2122 xrv11.hinc
898 2084 936 2121 ὅ(
953 2084 1080 2133 panifi-

42 2141 94 2178 eia
121 2139 229 2176 dreia.

92 2189 177 2236 766.
205 2196 295 2226 Haec
314 2186 430 2235 erat.]
470 2192 560 2223 Haec
580 2185 623 2233 est
642 2185 774 2223 reffius
797 2185 905 2223 Laeti
925 2184 1015 2222 liber
1039 2186 1079 2223 &

40 2241 97 2280 alii
115 2239 292 2278 nonnulli.
307 2239 427 2282 Idem,
439 2250 585 2280 amans,
597 2248 662 2284 pro
676 2246 787 2273 amat.
806 2244 845 2273 ut
864 2237 901 2274 δε
918 2236 1079 2284 Nauger.

41 2290 160 2329 Urfin.
181 2292 317 2327 Mazar.
338 2289 481 2327 Zulich.
509 2288 615 2335 prim.
644 2286 816 2324 Ambros.
837 2287 875 2324 &
906 2287 964 2324 alii
985 2298 1081 2324 non-

41 2342 142 2381 nulli.
169 2342 312 2379 Hzms.

52 2408 55 2409 ⁷
94 2392 177 2438 767.
204 2397 276 2428 Cur
293 2389 417 2426 hedera
438 2389 517 2425 haec
535 2387 646 2424 cineta
664 2388 706 2434 est
715 2387 748 2435 ἕ]
777 2387 854 2424 Has
867 2387 1003 2426 vetulas
1015 2399 1079 2425 co·

41 2450 184 2480 ronatas
205 2439 337 2477 hedera
354 2437 556 2477 sacrificaffe
579 2439 658 2485 jain
678 2438 780 2486 supra
802 2438 999 2476 Consuadet
1022 2439 1079 2476 M.

41 2491 174 2530 Varro.
202 2490 378 2527 Nnavot.

93 2542 178 2589 769.
205 2538 374 2587 Nyfiadas
395 2537 612 2586 Nymphas]
653 2538 760 2574 Haec
790 2548 864 2575 una
886 2549 931 2574 ex
954 2538 1078 2576 cauffis

42 2593 135 2630 inter
152 2591 356 2632 sexcentas,
385 2599 473 2637 quas
504 2587 662 2636 Mythici
693 2587 866 2624 referunt.
902 2588 1078 2626 NEAPOL.

43 2642 208 2680 Niliadas
222 2668 233 2685 ,
255 2639 403 2686 Nifie'ides
417 2666 427 2682 ‚
459 2637 642 2686 Nysiades,
674 2635 833 2686 Nisiadas
850 2637 928 2675 libri
947 2638 1078 2686 scripti.

91 2704 175 2739 770.
203 2696 303 2727 Hanc
313 2689 477 2735 frondem
499 2688 594 2724 cunis
614 2688 782 2737 opposuisse
801 2687 962 2737 ferunt.]
990 2695 1077 2738 “Ap-

36 2743 169 2832 l'is‘ifssfi
185 2741 237 2828 ¹³3
244 2752 300 2827 Ἥ·
313 2739 508 2827 Ἃῗὲἱῗᾼεῗ(
522 2737 1076 2827 sermnfflfflfffgcnffififfiz.

42 2804 463 2892 tig,¹fus{erigri'quoque
486 2801 586 2876 veprsu
615 2839 726 2877 iidem
741 2867 752 2883 ,
779 2837 944 2887 Nyfiades
964 2845 1077 2888 Nym-

41 2894 149 2944 phae,
177 2904 242 2942 pro
265 2891 433 2940 Nysiadas
461 2888 650 2939 Nymphas.
678 2890 806 2938 Lege,
833 2889 1007 2939 apposuisse
1019 2904 1077 2926 no-

46 2946 116 2984 vis.
151 2945 188 2981 ὃ(
208 2942 291 2981 vide
311 2954 404 2991 quae
426 2941 552 2978 notavi
574 2940 682 2988 Epist.
703 2952 775 2978 vu.
793 2939 843 2977 vs.
868 2951 951 2978 100.
976 2947 1076 2978 Hanc

36 2994 195 3043 frondem
218 2993 302 3039 cistis
326 2991 617 3040 Hamburgenfis.
645 2991 785 3029 Hzms.

95 3056 136 3092 7⁷
149 3057 176 3082 r.
204 3049 290 3091 Toga
312 3042 416 3079 libera
435 3040 576 3090 cletum]
607 3042 732 3079 Locus
749 3041 809 3078 hic
827 3041 869 3078 ab
883 3040 981 3079 Aldo
993 3043 1075 3080 Ma-

44 3098 148 3132 nutio
170 3093 279 3131 docte
307 3105 431 3141 parum
462 3091 645 3140 expositus
674 3092 712 3129 in
742 3091 809 3129 suis
826 3091 992 3141 quaesitis
1013 3104 1075 3140 per

46 3144 226 3189 Epillolas.
263 3144 413 3192 Colligit
440 3155 485 3181 ex
514 3143 568 3180 his
598 3141 820 3180 Liberalibus
841 3169 851 3187 ,
877 3140 936 3179 illa
957 3142 1073 3180 solum

47 3194 105 3232 die
126 3194 261 3241 pueris,
289 3195 352 3241 qui
374 3193 540 3231 nondum
570 3205 666 3230 xvir.
693 3193 817 3230 aetatis
835 3204 972 3230 annum
995 3194 1076 3231 atti-

45 3253 171 3292 gerant
186 3271 196 3286 ,
222 3242 307 3290 tog-a
324 3243 432 3280 libera
453 3245 505 3281 uti
521 3242 679 3287 licuisse,
706 3242 839 3281 eodem
860 3242 966 3280 finito
986 3243 1075 3280 festo

47 3293 267 3342 depofiram:
299 3293 415 3330 Nostri
440 3305 526 3331 vero
554 3293 669 3332 sensus
688 3293 736 3331 est
755 3322 765 3339 ‚
794 3305 858 3331 eos
879 3321 890 3339 ,
917 3295 978 3342 qui
995 3294 1074 3341 jam

48 3344 93 3382 ad
110 3355 186 3382 xvi.
209 3341 471 3429 pegi—venissent,
499 3343 678 3384 Liberalia
702 3345 931 3394 potiffirnum
952 3344 1077 3392 exspeq

289 3405 354 3430 om.
382 3398 443 3431 ΙΙΙ.

2062 1048 2186 1104 Sive

1143 1171 1269 1218 erasse,
1305 1169 1349 1211 ad
1378 1179 1504 1222 togam
1536 1174 1703 1225 ejusdem
1722 1175 1800 1213 fere
1821 1173 1984 1212 nominis
2002 1171 2185 1211 affumen:

1141 1223 1241 1261 dam.
1292 1223 1441 1262 Addam
1471 1225 1672 1265 firmandae
1703 1227 1816 1264 totius
1844 1227 1896 1263 rei
1920 1226 2032 1263 hosce
2051 1227 2113 1274 qui
2132 1225 2186 1270 [εἷ

1142 1282 1323 1323 quuntur:

1191 1329 1278 1373 Ergo
1296 1335 1336 1362 ut
1354 1335 1518 1373 tyronum
1541 1326 1705 1365 celebrare
1715 1326 1915 1377 frequentia
1928 1324 2022 1377 poffit
2034 1353 2046 1371 ,

1242 1375 1319 1422 Visa
1341 1375 1411 1412 dies
1433 1376 1572 1413 dandae
1589 1391 1658 1414 non
1676 1378 1792 1415 aliena
1811 1388 1916 1427 togae.

1138 1429 1283 1473 Tyrones
1301 1425 1397 1474 apud
1419 1434 1559 1465 veteres
1576 1437 1699 1474 erant,
1723 1428 1852 1478 quibus
1866 1456 1876 1472 ‚
1903 1425 2064 1477 depofitzi
2083 1429 2187 1476 prae-3

1135 1473 1235 1513 texta
1252 1475 1302 1513 ob
1323 1483 1480 1514 aetatem
1503 1478 1664 1516 adultam
1679 1506 1690 1523 ‚
1718 1478 1829 1517 virilis
1845 1480 1923 1528 jam
1939 1507 1949 1523 ,
1976 1479 2036 1516 seu
2055 1479 2185 1522 libera.

1133 1523 1194 1563 seu
1213 1537 1301 1574 pura
1329 1554 1339 1570 ‚
1374 1526 1435 1564 seu
1461 1528 1558 1566 reeta
1586 1530 1790 1578 (συνώνυμα
1811 1530 1903 1567 haec
1922 1530 2027 1578 hujus
2048 1530 2184 1577 togae)

1134 1577 1276 1614 amiciri
1295 1576 1454 1615 dabatur.
1475 1579 1574 1616 unde
1595 1580 1804 1628 tyrocinium
1822 1580 1894 1628 ipsa
1914 1580 2023 1617 aelio.
2050 1578 2184 1617 Sueto-

1134 1626 1214 1663 nius
1232 1627 1321 1665 scito
1340 1627 1428 1665 loco
1453 1641 1461 1665 :
1502 1635 1572 1666 Uno
1599 1641 1705 1680 atque
1725 1630 1837 1667 eodem
1864 1629 1916 1666 die
1936 1640 2049 1678 togam
2068 1656 2078 1671 ‚
2101 1629 2182 1667 sub-

1135 1677 1222 1714 audi
1240 1678 1381 1716 virilem
1396 1706 1407 1723 ,
1428 1679 1552 1728 sumsit
1565 1707 1576 1724 ,
1597 1680 1808 1728 barbamque
1822 1680 1931 1730 posuit
1941 1680 2016 1728 sine
2035 1678 2104 1716 ullo
2122 1678 2186 1715 ho-

1136 1739 1238 1764 nore:
1267 1729 1380 1777 qualis
1398 1730 1584 1778 contigerat
1607 1731 1771 1779 tyrocinio
1784 1732 1947 1777 fratrum
1968 1731 2050 1779 ejus.
2079 1728 2185 1770 Faxit

1134 1777 1237 1817 Deus
1261 1779 1383 1817 videat
1402 1781 1492 1818 haec
1513 1792 1649 1829 aequus
1663 1781 1794 1830 judex.

1185 1840 1269 1875 772.
1296 1830 1461 1876 Luciferis
1482 1831 1635 1880 pueris.]
1667 1833 1742 1869 Cur
1769 1843 1903 1880 negem
1935 1832 1974 1869 in
1994 1830 2070 1868 aliis
2083 1829 2185 1879 legi‚‘

1182 1885 1269 1917 Luce
1285 1882 1357 1928 geri
1368 1881 1504 1930 pueris,
1523 1881 1668 1919 candide
1686 1881 1815 1919 Bacche
1828 1910 1837 1926 ,
1863 1881 1940 1919 tud.

1133 1930 1243 1978 Quae
1259 1931 1341 1969 sane
1361 1931 1476 1970 editio
1491 1960 1500 1976 ‚
1529 1933 1615 1970 licet
1628 1944 1772 1982 pugnax
1793 1942 1917 1981 aperte
1941 1933 1978 1970 in
1999 1931 2181 1981 praedieta

1133 1981 1327 2026 videatur,
1353 1994 1429 2020 non
1450 1983 1519 2027 est,
1548 1982 1572 2020 fi
1595 1983 1687 2022 bene
1707 1985 1907 2021 examines.
1935 1984 2058 2021 ΝεΑι».
2085 1983 2178 2020 Val-

1135 2031 1181 2068 de
1201 2032 1346 2070 turbant
1363 2034 1436 2070 hoc
1453 2034 1539 2071 loco
1560 2034 1639 2072 libri
1666 2042 1818 2072 veteres.
1850 2034 2013 2083 plerique
2032 2041 2179 2078 tamen,

1137 2082 1319 2126 Luciferis
1339 2083 1430 2127 tuis,
1460 2083 1519 2121 vel
1546 2094 1621 2122 tua.
1647 2085 1729 2128 vel,
1757 2090 1842 2121 Luce
1865 2084 1951 2131 feris
1975 2083 2088 2133 pueris
2107 2088 2183 2125 ταας

1136 2133 1285 2179 Luciferi
1312 2143 1374 2169 tua
1406 2135 1532 2172 Petav.
1558 2135 1616 2173 alii
1646 2135 1758 2172 aliter.
1807 2135 1858 2172 At
1892 2133 2010 2172 Ursin.
2041 2137 2183 2174 Mazar.

1136 2182 1277 2221 Zulich.
1299 2187 1405 2231 prim.
1425 2184 1594 2222 Ambros.
1617 2186 1654 2222 ὅ(
1673 2185 1730 2222 sex
1751 2185 1835 2228 alii,

1194 2235 1342 2280 Lucifero
1354 2235 1469 2284 pueris
1482 2264 1491 2280 ‚
1519 2235 1664 2272 candide
1682 2235 1829 2279 Bacche,
1860 2245 1929 2273 tuo.

1135 2284 1319 2332 eleganter
1342 2286 1379 2322 ὅ(
1399 2297 1496 2323 vere.
1510 2287 1582 2323 hoc
1603 2286 1672 2330 est,
1701 2294 1768 2324 tuo
1791 2287 1874 2331 die,
1904 2295 1971 2324 tuo
1992 2285 2092 2324 festo.
2121 2284 2181 2324 Sic

1134 2334 1296 2383 Propert.
1320 2347 1364 2373 Π.
1388 2348 1444 2384 19.
1472 2342 1648 2373 Memento
1675 2342 1864 2374 Venturum
1891 2337 2011 2386 paucis
2041 2350 2093 2372 me
2113 2335 2179 2374 tibi

1135 2386 1322 2433 Luciferi53
1345 2398 1411 2433 pro
1424 2387 1544 2433 paucis
1563 2386 1698 2424 diebus.
1715 2386 1816 2434 supra
1838 2387 1898 2424 lib.
1920 2400 1948 2426 1.
1971 2386 2126 2432 Fast.46.

1187 2441 1269 2473 Non
1285 2436 1389 2474 habet
1403 2436 1501 2485 officii
1519 2436 1656 2483 Lucifer
1674 2437 1783 2473 omnis
1799 2436 1904 2476 idem.

1132 2485 1194 2524 lib.
1214 2497 1259 2523 11.
1279 2486 1365 2533 568.

1186 2541 1257 2571 Nec
1275 2546 1394 2572 tamen
1404 2536 1462 2573 hoc
1481 2536 1576 2574 ultra
1591 2565 1600 2582 ,
1630 2550 1736 2587 quam
1756 2547 1805 2575 tot
1823 2538 1865 2574 de
1883 2537 1994 2585 mense
2006 2535 2175 2587 supersint

1236 2586 1384 2633 Luciferi
1397 2614 1411 2632 ,
1434 2597 1514 2635 quot
1531 2586 1659 2624 habent
1680 2589 1836 2625 carmina
1855 2588 1964 2634 nostra
1980 2589 2087 2637 pedes.
2165 2621 2167 2623 ,

1134 2636 1172 2673 &
1191 2635 1272 2674 alibi
1292 2648 1369 2674 non
1390 2649 1482 2674 raro.
1502 2637 1671 2676 Tibullus
1692 2639 1751 2676 lib.
1773 2653 1801 2676 1.
1830 2639 1883 2677 El.
1906 2651 1970 2678 111.

1182 2706 1253 2715 —
1271 2707 1343 2716 —-
1368 2687 1471 2723 illum
1492 2687 1584 2726 nobis
1604 2693 1746 2726 Aurora
1765 2690 1931 2726 nitentem

1183 2736 1379 2783 Luciferum
1400 2737 1497 2785 roseis
1515 2739 1668 2775 candida
1682 2750 1794 2789 portet
1812 2740 1917 2790 equis.

1129 2787 1242 2837 Apud
1260 2788 1419 2826 Perlium
1435 2789 1506 2826 Sat.
1527 2801 1562 2827 v.

1184 2844 1326 2875 Navem
1341 2837 1499 2888 fipofcat
1509 2837 1576 2888 fibi
1593 2840 1789 2889 perfimatus
1811 2851 1950 2885 arator,

1183 2888 1333 2935 Luciferi
1352 2889 1470 2933 rudis,
1498 2902 1539 2929 (9¹
1558 2890 1680 2928 clamet
1702 2893 1881 2930 Melicerta
1896 2893 2010 2942 periffe

1184 2944 1345 2975 Frontem
1368 2940 1408 2975 de
1428 2940 1536 2978 rebus.

1133 2989 1297 3027 Luciferi
1318 2990 1415 3027 rudis
1429 3019 1439 3035 ‚
1467 2992 1512 3027 est
1530 2992 1720 3041 imperitus
1741 2993 1880 3032 illarum
1901 2994 2041 3033 dierum
2057 3024 2068 3041 ,
2095 2997 2177 3046 qui-

1130 3039 1194 3077 bus
1217 3041 1403 3088 navigatio
1433 3041 1473 3079 lit
1503 3042 1730 3082 instituenda.
1769 3045 1866 3082 Nam
1892 3047 1928 3083 ὅ(
1948 3048 2172 3095 navigationi

1133 3090 1326 3127 obeundae
1347 3101 1464 3129 certos
1479 3092 1554 3130 dies
1569 3121 1579 3137 ,
1591 3102 1632 3131 ut
1650 3095 1724 3131 aliis
1738 3096 1839 3133 iebus
1853 3097 1998 3144 agendis
2013 3125 2022 3141 ‚
2036 3107 2174 3134 veteres

1133 3140 1336 3187 captabant.
1362 3140 1464 3180 locus
1477 3142 1537 3180 ille
1550 3144 1804 3192 interpretibus
1816 3158 1942 3195 parum
1955 3148 2169 3187 intellectus.

1129 3189 1218 3227 dum
1245 3190 1461 3230 Luciferum
1485 3193 1689 3240 simpliciter
1709 3196 1989 3244 interpretantur
2008 3209 2072 3244 pro
2094 3197 2171 3233 (lel-

1130 3240 1161 3277 la
1182 3240 1239 3277 illa
1253 3250 1336 3284 ‚aut
1355 3242 1398 3279 ad
1419 3244 1673 3291 cognitionem
1696 3245 1850 3284 siderum
1871 3249 2039 3284 referunt.
2070 3245 2114 3281 lic
2132 3245 2168 3280 &

1133 3296 1275 3328 Aurora
1297 3292 1334 3328 &
1357 3292 1506 3330 Phoebus
1524 3305 1590 3342 pro
1611 3295 1683 3332 die.
1711 3301 1816 3333 Luna
1827 3308 1893 3343 pro
1904 3296 2023 3333 noete.
2038 3296 2174 3331 Hiems.

1186 3351 1270 3391 773.
1297 3342 1520 3429 {avenisque
1539 3344 1710 3394 videris]
1741 3347 1842 3383 Hinc
1864 3346 1920 3383 ille
1940 3343 2100 3392 Euripidi
2123 3342 2175 3381 9¹4-

1349 3403 1370 3431 e
2052 3394 2177 3439 “a-sue:-

1824 1781 1948 1818 Nun.
