<?xml version="1.0" encoding="UTF-8"?>
<!DOCTYPE html PUBLIC "-//W3C//DTD XHTML 1.0 Transitional//EN"
    "http://www.w3.org/TR/xhtml1/DTD/xhtml1-transitional.dtd">
<html xmlns="http://www.w3.org/1999/xhtml" xml:lang="en" lang="en">
 <head>
  <title>
</title>
<meta http-equiv="Content-Type" content="text/html;charset=utf-8" />
  <meta name='ocr-system' content='tesseract 3.04.00' />
  <meta name='ocr-capabilities' content='ocr_page ocr_carea ocr_par ocr_line ocrx_word'/>
</head>
<body>
  <div class='ocr_page' id='page_1' title='image "./publiiovidiinaso03ovid_0080.png"; bbox 0 0 2495 3675; ppageno 0'>
   <div class='ocr_carea' id='block_1_1' title="bbox 256 184 322 235">
    <p class='ocr_par' dir='ltr' id='par_1_1' title="bbox 256 184 322 235">
     <span class='ocr_line' id='line_1_1' title="bbox 256 184 322 235; baseline -0.015 0"><span class='ocrx_word' id='word_1_1' title='bbox 256 184 322 235; x_wconf 87' lang='lat'><strong>66</strong></span> 
     </span>
    </p>
   </div>
   <div class='ocr_carea' id='block_1_2' title="bbox 705 125 1864 228">
    <p class='ocr_par' dir='ltr' id='par_1_2' title="bbox 705 125 1864 228">
     <span class='ocr_line' id='line_1_2' title="bbox 705 125 1864 228; baseline -0.009 0"><span class='ocrx_word' id='word_1_2' title='bbox 705 169 768 228; x_wconf 83' lang='lat' dir='ltr'><strong>P.</strong></span> <span class='ocrx_word' id='word_1_3' title='bbox 842 125 1864 224; x_wconf 43' lang='lat' dir='ltr'><strong>ov&#39;1D11NAsoN13</strong></span> 
     </span>
    </p>
   </div>
   <div class='ocr_carea' id='block_1_3' title="bbox 537 272 1906 491">
    <p class='ocr_par' dir='ltr' id='par_1_3' title="bbox 537 272 1906 491">
     <span class='ocr_line' id='line_1_3' title="bbox 537 272 1717 356; baseline -0.018 -11"><span class='ocrx_word' id='word_1_4' title='bbox 537 286 670 344; x_wconf 89' lang='lat' dir='ltr'><strong>Inde</strong></span> <span class='ocrx_word' id='word_1_5' title='bbox 696 283 1049 356; x_wconf 70' lang='lat' dir='ltr'><strong>triumphatae</strong></span> <span class='ocrx_word' id='word_1_6' title='bbox 1075 276 1239 335; x_wconf 83' lang='lat' dir='ltr'><strong>libasti</strong></span> <span class='ocrx_word' id='word_1_7' title='bbox 1264 291 1484 330; x_wconf 85' lang='lat' dir='ltr'><strong>munera</strong></span> <span class='ocrx_word' id='word_1_8' title='bbox 1513 272 1717 345; x_wconf 86' lang='lat' dir='ltr'><strong>gentis;</strong></span> 
     </span>
     <span class='ocr_line' id='line_1_4' title="bbox 616 343 1900 430; baseline -0.012 -14"><span class='ocrx_word' id='word_1_9' title='bbox 616 360 958 430; x_wconf 87' lang='lat' dir='ltr'><strong>Templaque</strong></span> <span class='ocrx_word' id='word_1_10' title='bbox 983 353 1179 414; x_wconf 82' lang='lat' dir='ltr'><strong>fecisti,</strong></span> <span class='ocrx_word' id='word_1_11' title='bbox 1217 366 1378 421; x_wconf 84' lang='lat' dir='ltr'><strong>quam</strong></span> <span class='ocrx_word' id='word_1_12' title='bbox 1402 347 1532 401; x_wconf 87' lang='lat' dir='ltr'><strong>colis</strong></span> <span class='ocrx_word' id='word_1_13' title='bbox 1558 345 1694 416; x_wconf 89' lang='lat' dir='ltr'><strong>ipse,</strong></span> <span class='ocrx_word' id='word_1_14' title='bbox 1734 343 1900 400; x_wconf 83' lang='lat' dir='ltr'><strong>Deae.</strong></span> 
     </span>
     <span class='ocr_line' id='line_1_5' title="bbox 544 418 1906 491; baseline -0.013 -1"><span class='ocrx_word' id='word_1_15' title='bbox 544 432 704 491; x_wconf 79' lang='lat' dir='ltr'><strong>Haec</strong></span> <span class='ocrx_word' id='word_1_16' title='bbox 734 447 821 486; x_wconf 87' lang='lat' dir='ltr'><strong>tua</strong></span> <span class='ocrx_word' id='word_1_17' title='bbox 846 426 1117 484; x_wconf 83' lang='lat' dir='ltr'><strong>constituit</strong></span> <span class='ocrx_word' id='word_1_18' title='bbox 1142 421 1413 477; x_wconf 83' lang='lat' dir='ltr'><strong>Genetrix</strong></span> <span class='ocrx_word' id='word_1_19' title='bbox 1438 420 1491 472; x_wconf 88' lang='lat'>&amp;</span> <span class='ocrx_word' id='word_1_20' title='bbox 1519 418 1675 473; x_wconf 84' lang='lat' dir='ltr'><strong>rebus</strong></span> <span class='ocrx_word' id='word_1_21' title='bbox 1704 418 1758 472; x_wconf 86' lang='lat'>&amp;</span> <span class='ocrx_word' id='word_1_22' title='bbox 1787 421 1906 482; x_wconf 72' lang='lat' dir='ltr'><strong>ara,</strong></span> 
     </span>
    </p>
   </div>
   <div class='ocr_carea' id='block_1_4' title="bbox 403 512 506 579">
    <p class='ocr_par' dir='ltr' id='par_1_4' title="bbox 403 512 506 579">
     <span class='ocr_line' id='line_1_6' title="bbox 403 512 506 579; baseline -0.029 -16"><span class='ocrx_word' id='word_1_23' title='bbox 403 512 506 579; x_wconf 87' lang='lat'><strong>650</strong></span> 
     </span>
    </p>
   </div>
   <div class='ocr_carea' id='block_1_5' title="bbox 618 490 1708 578">
    <p class='ocr_par' dir='ltr' id='par_1_5' title="bbox 618 490 1708 578">
     <span class='ocr_line' id='line_1_7' title="bbox 618 490 1708 578; baseline -0.013 -18"><span class='ocrx_word' id='word_1_24' title='bbox 618 506 739 560; x_wconf 87' lang='lat' dir='ltr'><strong>Sola</strong></span> <span class='ocrx_word' id='word_1_25' title='bbox 782 518 906 558; x_wconf 90' lang='lat' dir='ltr'><strong>toro</strong></span> <span class='ocrx_word' id='word_1_26' title='bbox 932 497 1111 569; x_wconf 86' lang='lat' dir='ltr'><strong>magni</strong></span> <span class='ocrx_word' id='word_1_27' title='bbox 1134 496 1296 578; x_wconf 78' lang='lat' dir='ltr'><strong>digna</strong></span> <span class='ocrx_word' id='word_1_28' title='bbox 1320 505 1529 561; x_wconf 87' lang='lat' dir='ltr'><strong>reperta</strong></span> <span class='ocrx_word' id='word_1_29' title='bbox 1545 490 1708 562; x_wconf 78' lang='lat' dir='ltr'><strong>JoviS.</strong></span> 
     </span>
    </p>
   </div>
   <div class='ocr_carea' id='block_1_6' title="bbox 696 562 2234 718">
    <p class='ocr_par' dir='ltr' id='par_1_6' title="bbox 696 562 2234 718">
     <span class='ocr_line' id='line_1_8' title="bbox 696 562 2234 637; baseline -0.006 -6"><span class='ocrx_word' id='word_1_30' title='bbox 696 580 810 632; x_wconf 83' lang='lat' dir='ltr'><strong>Aeo</strong></span> <span class='ocrx_word' id='word_1_31' title='bbox 838 574 926 628; x_wconf 90' lang='lat' dir='ltr'><strong>ubi</strong></span> <span class='ocrx_word' id='word_1_32' title='bbox 953 571 1285 631; x_wconf 87' lang='lat' dir='ltr'><strong>transier1nt;</strong></span> <span class='ocrx_word' id='word_1_33' title='bbox 1325 566 1661 637; x_wconf 85' lang='lat' dir='ltr'><strong>Capricorno</strong></span> <span class='ocrx_word' id='word_1_34' title='bbox 1681 609 1692 627; x_wconf 93' lang='lat'>‚</span> <span class='ocrx_word' id='word_1_35' title='bbox 1730 562 1978 629; x_wconf 87' lang='lat' dir='ltr'><strong>Phoebe,</strong></span> <span class='ocrx_word' id='word_1_36' title='bbox 2014 565 2234 634; x_wconf 63' lang='lat' dir='ltr'><strong>relieto,</strong></span> 
     </span>
     <span class='ocr_line' id='line_1_9' title="bbox 764 638 1962 718; baseline -0.01 -16"><span class='ocrx_word' id='word_1_37' title='bbox 764 649 869 702; x_wconf 88' lang='lat' dir='ltr'><strong>Per</strong></span> <span class='ocrx_word' id='word_1_38' title='bbox 891 643 1096 718; x_wconf 86' lang='lat' dir='ltr'><strong>juvenis</strong></span> <span class='ocrx_word' id='word_1_39' title='bbox 1121 656 1302 697; x_wconf 87' lang='lat' dir='ltr'><strong>curres</strong></span> <span class='ocrx_word' id='word_1_40' title='bbox 1327 638 1468 710; x_wconf 84' lang='lat' dir='ltr'><strong>figna</strong></span> <span class='ocrx_word' id='word_1_41' title='bbox 1497 638 1729 710; x_wconf 84' lang='lat' dir='ltr'><strong>gerentis</strong></span> <span class='ocrx_word' id='word_1_42' title='bbox 1754 654 1962 709; x_wconf 88' lang='lat' dir='ltr'><strong>aquam.</strong></span> 
     </span>
    </p>
   </div>
   <div class='ocr_carea' id='block_1_7' title="bbox 2231 713 2407 788">
    <p class='ocr_par' dir='ltr' id='par_1_7' title="bbox 2231 713 2407 788">
     <span class='ocr_line' id='line_1_10' title="bbox 2231 713 2407 788; baseline 0.011 -19"><span class='ocrx_word' id='word_1_43' title='bbox 2231 713 2407 788; x_wconf 81' lang='lat' dir='ltr'><strong>Septi-</strong></span> 
     </span>
    </p>
   </div>
   <div class='ocr_carea' id='block_1_8' title="bbox 311 847 2412 915">
    <p class='ocr_par' dir='ltr' id='par_1_8' title="bbox 311 847 2412 915">
     <span class='ocr_line' id='line_1_11' title="bbox 311 847 2412 915; baseline -0.005 -9"><span class='ocrx_word' id='word_1_44' title='bbox 311 869 396 915; x_wconf 81' lang='lat'><strong>647.</strong></span> <span class='ocrx_word' id='word_1_45' title='bbox 422 863 550 911; x_wconf 78' lang='lat' dir='ltr'><strong>Libasti</strong></span> <span class='ocrx_word' id='word_1_46' title='bbox 571 873 716 901; x_wconf 86' lang='lat' dir='ltr'><strong>munera</strong></span> <span class='ocrx_word' id='word_1_47' title='bbox 731 857 879 910; x_wconf 59' lang='lat' dir='ltr'><strong>gentis]</strong></span> <span class='ocrx_word' id='word_1_48' title='bbox 919 856 976 895; x_wconf 82' lang='lat' dir='ltr'><strong>Ex</strong></span> <span class='ocrx_word' id='word_1_49' title='bbox 999 853 1210 897; x_wconf 87' lang='lat' dir='ltr'><strong>Historicis‚</strong></span> <span class='ocrx_word' id='word_1_50' title='bbox 1238 851 1303 902; x_wconf 89' lang='lat' dir='ltr'><strong>qui</strong></span> <span class='ocrx_word' id='word_1_51' title='bbox 1358 849 1576 888; x_wconf 82' lang='lat' dir='ltr'><strong>Ptolemaeo</strong></span> <span class='ocrx_word' id='word_1_52' title='bbox 1596 860 1694 888; x_wconf 75' lang='lat' dir='ltr'><strong>xvir.</strong></span> <span class='ocrx_word' id='word_1_53' title='bbox 1719 847 1778 888; x_wconf 92' lang='lat' dir='ltr'><strong>sed</strong></span> <span class='ocrx_word' id='word_1_54' title='bbox 1799 849 1838 887; x_wconf 84' lang='lat'>&amp;</span> <span class='ocrx_word' id='word_1_55' title='bbox 1860 848 1982 888; x_wconf 81' lang='lat' dir='ltr'><strong>Plinio</strong></span> <span class='ocrx_word' id='word_1_56' title='bbox 2004 851 2116 890; x_wconf 89' lang='lat' dir='ltr'><strong>etiam</strong></span> <span class='ocrx_word' id='word_1_57' title='bbox 2138 864 2218 891; x_wconf 83' lang='lat' dir='ltr'><strong>xvx.</strong></span> <span class='ocrx_word' id='word_1_58' title='bbox 2245 851 2295 891; x_wconf 89' lang='lat' dir='ltr'><strong>fic</strong></span> <span class='ocrx_word' id='word_1_59' title='bbox 2306 858 2412 896; x_wconf 83' lang='lat' dir='ltr'><strong>enim.</strong></span> 
     </span>
    </p>
   </div>
   <div class='ocr_carea' id='block_1_9' title="bbox 261 900 2410 969">
    <p class='ocr_par' dir='ltr' id='par_1_9' title="bbox 261 900 2410 969">
     <span class='ocr_line' id='line_1_12' title="bbox 261 900 2410 969; baseline -0.007 -13"><span class='ocrx_word' id='word_1_60' title='bbox 261 927 391 969; x_wconf 74' lang='lat' dir='ltr'><strong>ajunt,</strong></span> <span class='ocrx_word' id='word_1_61' title='bbox 419 915 611 965; x_wconf 83' lang='lat' dir='ltr'><strong>prandium</strong></span> <span class='ocrx_word' id='word_1_62' title='bbox 633 912 734 950; x_wconf 87' lang='lat' dir='ltr'><strong>mille</strong></span> <span class='ocrx_word' id='word_1_63' title='bbox 755 908 908 952; x_wconf 82' lang='lat' dir='ltr'><strong>menfis,</strong></span> <span class='ocrx_word' id='word_1_64' title='bbox 929 905 1210 955; x_wconf 81' lang='lat' dir='ltr'><strong>&amp;congiarium</strong></span> <span class='ocrx_word' id='word_1_65' title='bbox 1231 912 1304 941; x_wconf 88' lang='lat' dir='ltr'><strong>tre·</strong></span> <span class='ocrx_word' id='word_1_66' title='bbox 1359 900 1419 939; x_wconf 88' lang='lat' dir='ltr'><strong>ille</strong></span> <span class='ocrx_word' id='word_1_67' title='bbox 1444 900 1505 938; x_wconf 90' lang='lat' dir='ltr'><strong>lib.</strong></span> <span class='ocrx_word' id='word_1_68' title='bbox 1523 911 1640 937; x_wconf 76' lang='lat' dir='ltr'><strong>xvxix.</strong></span> <span class='ocrx_word' id='word_1_69' title='bbox 1668 912 1745 950; x_wconf 87' lang='lat' dir='ltr'><strong>cap.</strong></span> <span class='ocrx_word' id='word_1_70' title='bbox 1765 902 1823 938; x_wconf 85' lang='lat'><strong>26.</strong></span> <span class='ocrx_word' id='word_1_71' title='bbox 1876 905 1923 937; x_wconf 83' lang='lat' dir='ltr'><strong>Et</strong></span> <span class='ocrx_word' id='word_1_72' title='bbox 1951 914 2030 938; x_wconf 90' lang='lat' dir='ltr'><strong>cum</strong></span> <span class='ocrx_word' id='word_1_73' title='bbox 2053 903 2109 939; x_wconf 85' lang='lat' dir='ltr'><strong>Sol</strong></span> <span class='ocrx_word' id='word_1_74' title='bbox 2140 904 2179 940; x_wconf 85' lang='lat' dir='ltr'><strong>in</strong></span> <span class='ocrx_word' id='word_1_75' title='bbox 2201 907 2410 954; x_wconf 84' lang='lat' dir='ltr'><strong>Aquarium</strong></span> 
     </span>
    </p>
   </div>
   <div class='ocr_carea' id='block_1_10' title="bbox 260 950 2413 1007">
    <p class='ocr_par' dir='ltr' id='par_1_10' title="bbox 260 950 2413 1007">
     <span class='ocr_line' id='line_1_13' title="bbox 260 950 2413 1007; baseline -0.008 0"><span class='ocrx_word' id='word_1_76' title='bbox 260 980 372 1007; x_wconf 88' lang='lat' dir='ltr'><strong>cenos</strong></span> <span class='ocrx_word' id='word_1_77' title='bbox 390 977 568 1005; x_wconf 89' lang='lat' dir='ltr'><strong>nummos</strong></span> <span class='ocrx_word' id='word_1_78' title='bbox 586 964 726 1004; x_wconf 78' lang='lat' dir='ltr'><strong>viritim</strong></span> <span class='ocrx_word' id='word_1_79' title='bbox 739 959 874 1000; x_wconf 76' lang='lat' dir='ltr'><strong>dediffe</strong></span> <span class='ocrx_word' id='word_1_80' title='bbox 887 971 937 998; x_wconf 80' lang='lat' dir='ltr'><strong>ex</strong></span> <span class='ocrx_word' id='word_1_81' title='bbox 955 956 1134 996; x_wconf 85' lang='lat' dir='ltr'><strong>manubiis</strong></span> <span class='ocrx_word' id='word_1_82' title='bbox 1145 954 1304 994; x_wconf 85' lang='lat' dir='ltr'><strong>hosticis.</strong></span> <span class='ocrx_word' id='word_1_83' title='bbox 1356 951 1509 998; x_wconf 83' lang='lat' dir='ltr'><strong>sentitur</strong></span> <span class='ocrx_word' id='word_1_84' title='bbox 1527 950 1699 994; x_wconf 84' lang='lat' dir='ltr'><strong>transire;</strong></span> <span class='ocrx_word' id='word_1_85' title='bbox 1729 951 1819 999; x_wconf 81' lang='lat' dir='ltr'><strong>quod</strong></span> <span class='ocrx_word' id='word_1_86' title='bbox 1839 951 1916 998; x_wconf 72' lang='lat' dir='ltr'><strong>fere</strong></span> <span class='ocrx_word' id='word_1_87' title='bbox 1944 964 2023 990; x_wconf 76' lang='lat' dir='ltr'><strong>xvr.</strong></span> <span class='ocrx_word' id='word_1_88' title='bbox 2051 953 2202 992; x_wconf 84' lang='lat' dir='ltr'><em>Kalend.</em></span> <span class='ocrx_word' id='word_1_89' title='bbox 2220 955 2314 995; x_wconf 84' lang='lat' dir='ltr'><strong>Febr.</strong></span> <span class='ocrx_word' id='word_1_90' title='bbox 2333 971 2413 995; x_wconf 74' lang='lat' dir='ltr'><strong>eve-</strong></span> 
     </span>
    </p>
   </div>
   <div class='ocr_carea' id='block_1_11' title="bbox 259 1021 440 1059">
    <p class='ocr_par' dir='ltr' id='par_1_11' title="bbox 259 1021 440 1059">
     <span class='ocr_line' id='line_1_14' title="bbox 259 1021 440 1059; baseline -0.028 0"><span class='ocrx_word' id='word_1_91' title='bbox 259 1021 440 1059; x_wconf 68' lang='lat' dir='ltr'><strong>NssapoL.</strong></span> 
     </span>
    </p>
   </div>
   <div class='ocr_carea' id='block_1_12' title="bbox 1360 1000 2413 1057">
    <p class='ocr_par' dir='ltr' id='par_1_12' title="bbox 1360 1000 2413 1057">
     <span class='ocr_line' id='line_1_15' title="bbox 1360 1000 2413 1057; baseline 0.008 -18"><span class='ocrx_word' id='word_1_92' title='bbox 1360 1003 1426 1040; x_wconf 84' lang='lat' dir='ltr'><strong>nit.</strong></span> <span class='ocrx_word' id='word_1_93' title='bbox 1465 1001 1562 1039; x_wconf 89' lang='lat' dir='ltr'><strong>Cum</strong></span> <span class='ocrx_word' id='word_1_94' title='bbox 1584 1003 1657 1039; x_wconf 87' lang='lat' dir='ltr'><strong>hoc</strong></span> <span class='ocrx_word' id='word_1_95' title='bbox 1691 1000 1794 1050; x_wconf 76' lang='lat' dir='ltr'><strong>ligno</strong></span> <span class='ocrx_word' id='word_1_96' title='bbox 1823 1011 2003 1050; x_wconf 82' lang='lat' dir='ltr'><strong>quantum</strong></span> <span class='ocrx_word' id='word_1_97' title='bbox 2022 1003 2216 1043; x_wconf 87' lang='lat' dir='ltr'><strong>Zodiacus</strong></span> <span class='ocrx_word' id='word_1_98' title='bbox 2247 1016 2413 1057; x_wconf 83' lang='lat' dir='ltr'><strong>emergat</strong></span> 
     </span>
    </p>
   </div>
   <div class='ocr_carea' id='block_1_13' title="bbox 261 1052 2419 1171">
    <p class='ocr_par' dir='ltr' id='par_1_13' title="bbox 261 1052 2419 1171">
     <span class='ocr_line' id='line_1_16' title="bbox 309 1052 2419 1116; baseline -0.004 -10"><span class='ocrx_word' id='word_1_99' title='bbox 309 1069 394 1111; x_wconf 76' lang='lat'><strong>648.</strong></span> <span class='ocrx_word' id='word_1_100' title='bbox 423 1066 629 1116; x_wconf 82' lang='lat' dir='ltr'><strong>Templaque</strong></span> <span class='ocrx_word' id='word_1_101' title='bbox 648 1062 795 1113; x_wconf 62' lang='lat' dir='ltr'><strong>fecisti]</strong></span> <span class='ocrx_word' id='word_1_102' title='bbox 849 1061 928 1099; x_wconf 84' lang='lat' dir='ltr'><strong>Dio</strong></span> <span class='ocrx_word' id='word_1_103' title='bbox 961 1059 1099 1097; x_wconf 78' lang='lat' dir='ltr'><strong>Cassms</strong></span> <span class='ocrx_word' id='word_1_104' title='bbox 1130 1057 1192 1095; x_wconf 91' lang='lat' dir='ltr'><strong>lib.</strong></span> <span class='ocrx_word' id='word_1_105' title='bbox 1228 1068 1308 1095; x_wconf 72' lang='lat' dir='ltr'><strong>Lvt.</strong></span> <span class='ocrx_word' id='word_1_106' title='bbox 1361 1052 1447 1090; x_wconf 89' lang='lat' dir='ltr'><strong>vide</strong></span> <span class='ocrx_word' id='word_1_107' title='bbox 1465 1052 1561 1101; x_wconf 84' lang='lat' dir='ltr'><strong>apud</strong></span> <span class='ocrx_word' id='word_1_108' title='bbox 1585 1053 1840 1101; x_wconf 78' lang='lat' dir='ltr'><strong>Hipparchum</strong></span> <span class='ocrx_word' id='word_1_109' title='bbox 1857 1052 1916 1090; x_wconf 90' lang='lat' dir='ltr'><strong>lib.</strong></span> <span class='ocrx_word' id='word_1_110' title='bbox 1936 1066 2000 1091; x_wconf 85' lang='lat'><strong>111.</strong></span> <span class='ocrx_word' id='word_1_111' title='bbox 2027 1055 2072 1092; x_wconf 87' lang='lat' dir='ltr'><strong>ad</strong></span> <span class='ocrx_word' id='word_1_112' title='bbox 2090 1055 2244 1094; x_wconf 78' lang='lat' dir='ltr'><strong>Arati&amp;</strong></span> <span class='ocrx_word' id='word_1_113' title='bbox 2264 1058 2419 1098; x_wconf 62' lang='lat' dir='ltr'><strong>Eudoxi</strong></span> 
     </span>
     <span class='ocr_line' id='line_1_17' title="bbox 261 1104 2414 1171; baseline -0.001 -21"><span class='ocrx_word' id='word_1_114' title='bbox 261 1124 317 1170; x_wconf 60' lang='grc' dir='ltr'><strong>τῷ</strong></span> <span class='ocrx_word' id='word_1_115' title='bbox 336 1120 354 1171; x_wconf 74' lang='lat'><strong>5¹</strong></span> <span class='ocrx_word' id='word_1_116' title='bbox 375 1121 441 1167; x_wconf 57' lang='grc' dir='ltr'><strong>ἑξῆς</strong></span> <span class='ocrx_word' id='word_1_117' title='bbox 457 1120 510 1163; x_wconf 54' lang='lat'><strong>&#39;2¹⁷4</strong></span> <span class='ocrx_word' id='word_1_118' title='bbox 530 1119 567 1156; x_wconf 67' lang='grc' dir='ltr'><strong>τό</strong></span> <span class='ocrx_word' id='word_1_119' title='bbox 586 1148 598 1168; x_wconf 78' lang='lat'>,</span> <span class='ocrx_word' id='word_1_120' title='bbox 635 1133 670 1156; x_wconf 62' lang='grc' dir='ltr'><strong>π</strong></span> <span class='ocrx_word' id='word_1_121' title='bbox 690 1115 868 1166; x_wconf 53' lang='lat' dir='ltr'><strong>‘offendam</strong></span> <span class='ocrx_word' id='word_1_122' title='bbox 896 1114 959 1150; x_wconf 68' lang='grc' dir='ltr'><strong>ὑπὸ</strong></span> <span class='ocrx_word' id='word_1_123' title='bbox 977 1112 1002 1154; x_wconf 63' lang='grc' dir='ltr'>ξ</span> <span class='ocrx_word' id='word_1_124' title='bbox 1024 1107 1166 1156; x_wconf 56' lang='grc' dir='ltr'><strong>Τιςεφίε</strong></span> <span class='ocrx_word' id='word_1_125' title='bbox 1185 1112 1308 1147; x_wconf 63' lang='grc' dir='ltr'><em>καθιε-</em></span> <span class='ocrx_word' id='word_1_126' title='bbox 1361 1104 1638 1141; x_wconf 86' lang='lat' dir='ltr'><strong>Phaenomena.</strong></span> <span class='ocrx_word' id='word_1_127' title='bbox 1667 1104 1843 1141; x_wconf 53' lang='lat' dir='ltr'><strong>Nestoi.</strong></span> <span class='ocrx_word' id='word_1_128' title='bbox 1872 1104 2063 1141; x_wconf 84' lang='lat' dir='ltr'><strong>Transieris</strong></span> <span class='ocrx_word' id='word_1_129' title='bbox 2078 1107 2219 1153; x_wconf 81' lang='lat' dir='ltr'><strong>primae</strong></span> <span class='ocrx_word' id='word_1_130' title='bbox 2231 1108 2414 1147; x_wconf 87' lang='lat' dir='ltr'><strong>editiones</strong></span> 
     </span>
    </p>
   </div>
   <div class='ocr_carea' id='block_1_14' title="bbox 260 1163 1338 3356">
    <p class='ocr_par' dir='ltr' id='par_1_14' title="bbox 260 1163 1321 2096">
     <span class='ocr_line' id='line_1_18' title="bbox 260 1163 1306 1229; baseline -0.013 -16"><span class='ocrx_word' id='word_1_131' title='bbox 260 1173 373 1229; x_wconf 62' lang='grc' dir='ltr'>ρόθη,</span> <span class='ocrx_word' id='word_1_132' title='bbox 404 1175 461 1222; x_wconf 63' lang='lat'><strong>²49⁰?</strong></span> <span class='ocrx_word' id='word_1_133' title='bbox 481 1174 575 1223; x_wconf 68' lang='grc' dir='ltr'><strong>αὐτῷ</strong></span> <span class='ocrx_word' id='word_1_134' title='bbox 594 1172 653 1222; x_wconf 70' lang='grc' dir='ltr'><strong>τό,</strong></span> <span class='ocrx_word' id='word_1_135' title='bbox 683 1188 718 1210; x_wconf 85' lang='grc' dir='ltr'><strong>τε</strong></span> <span class='ocrx_word' id='word_1_136' title='bbox 738 1172 845 1209; x_wconf 63' lang='grc' dir='ltr'><strong>ὠκείης</strong></span> <span class='ocrx_word' id='word_1_137' title='bbox 872 1168 999 1216; x_wconf 62' lang='grc' dir='ltr'><strong>ὅνομαι,</strong></span> <span class='ocrx_word' id='word_1_138' title='bbox 1037 1167 1094 1213; x_wconf 55' lang='grc' dir='ltr'><strong>,μὶ</strong></span> <span class='ocrx_word' id='word_1_139' title='bbox 1116 1166 1154 1201; x_wconf 75' lang='grc' dir='ltr'><strong>τὸ</strong></span> <span class='ocrx_word' id='word_1_140' title='bbox 1175 1164 1201 1205; x_wconf 66' lang='lat'><strong>{3</strong></span> <span class='ocrx_word' id='word_1_141' title='bbox 1219 1163 1306 1213; x_wconf 69' lang='grc' dir='ltr'>Δρέ-</span> 
     </span>
     <span class='ocr_line' id='line_1_19' title="bbox 263 1217 1307 1277; baseline -0.014 -8"><span class='ocrx_word' id='word_1_142' title='bbox 263 1246 308 1270; x_wconf 70' lang='grc' dir='ltr'><strong>σκ</strong></span> <span class='ocrx_word' id='word_1_143' title='bbox 328 1230 355 1273; x_wconf 58' lang='grc' dir='ltr'><em>ὖ</em></span> <span class='ocrx_word' id='word_1_144' title='bbox 372 1227 509 1277; x_wconf 61' lang='grc' dir='ltr'><strong>οἱδελίζέ</strong></span> <span class='ocrx_word' id='word_1_145' title='bbox 530 1230 587 1275; x_wconf 58' lang='grc' dir='ltr'><strong>χρᾷ</strong></span> <span class='ocrx_word' id='word_1_146' title='bbox 608 1227 804 1268; x_wconf 60' lang='grc' dir='ltr'><strong>τεθνηκότῶυ</strong></span> <span class='ocrx_word' id='word_1_147' title='bbox 830 1219 1010 1274; x_wconf 58' lang='grc' dir='ltr'><strong>ἐπεγράφη·</strong></span> <span class='ocrx_word' id='word_1_148' title='bbox 1047 1217 1177 1270; x_wconf 64' lang='lat' dir='ltr'><strong>Ma&#39;gnss</strong></span> <span class='ocrx_word' id='word_1_149' title='bbox 1204 1220 1224 1266; x_wconf 71' lang='lat'><strong>&#39;3&#39;&#39;</strong></span> <span class='ocrx_word' id='word_1_150' title='bbox 1244 1220 1307 1255; x_wconf 70' lang='lat' dir='ltr'><strong>Ai-</strong></span> 
     </span>
     <span class='ocr_line' id='line_1_20' title="bbox 263 1270 1310 1337; baseline -0.017 -13"><span class='ocrx_word' id='word_1_151' title='bbox 263 1286 371 1337; x_wconf 66' lang='grc' dir='ltr'><strong><em>μυλίε</em></strong></span> <span class='ocrx_word' id='word_1_152' title='bbox 396 1287 448 1335; x_wconf 58' lang='lat' dir='ltr'><strong>f&amp;</strong></span> <span class='ocrx_word' id='word_1_153' title='bbox 476 1287 646 1322; x_wconf 67' lang='grc' dir='ltr'><strong>Στατιλίκ</strong></span> <span class='ocrx_word' id='word_1_154' title='bbox 666 1276 779 1332; x_wconf 69' lang='grc' dir='ltr'><strong>Τκῦρε</strong></span> <span class='ocrx_word' id='word_1_155' title='bbox 802 1275 1078 1318; x_wconf 65' lang='grc' dir='ltr'><strong>ὑπατεόσκντΘ-σ.</strong></span> <span class='ocrx_word' id='word_1_156' title='bbox 1106 1280 1145 1309; x_wconf 73' lang='grc' dir='ltr'>ὸί</span> <span class='ocrx_word' id='word_1_157' title='bbox 1176 1270 1310 1308; x_wconf 88' lang='lat' dir='ltr'><strong>Sueto-</strong></span> 
     </span>
     <span class='ocr_line' id='line_1_21' title="bbox 262 1326 1312 1378; baseline -0.016 0"><span class='ocrx_word' id='word_1_158' title='bbox 262 1340 346 1378; x_wconf 88' lang='lat' dir='ltr'><strong>nius</strong></span> <span class='ocrx_word' id='word_1_159' title='bbox 366 1340 403 1376; x_wconf 85' lang='lat' dir='ltr'><strong>in</strong></span> <span class='ocrx_word' id='word_1_160' title='bbox 426 1338 561 1375; x_wconf 82' lang='lat' dir='ltr'><strong>eodem</strong></span> <span class='ocrx_word' id='word_1_161' title='bbox 587 1350 595 1374; x_wconf 89' lang='lat'><strong>:</strong></span> <span class='ocrx_word' id='word_1_162' title='bbox 635 1333 829 1372; x_wconf 83' lang='lat' dir='ltr'><strong>Dedicavit</strong></span> <span class='ocrx_word' id='word_1_163' title='bbox 858 1343 900 1372; x_wconf 72' lang='grc' dir='ltr'><strong>ω·</strong></span> <span class='ocrx_word' id='word_1_164' title='bbox 929 1328 1138 1367; x_wconf 84' lang='lat' dir='ltr'><strong>Concordiae</strong></span> <span class='ocrx_word' id='word_1_165' title='bbox 1167 1326 1312 1370; x_wconf 87' lang='lat' dir='ltr'><strong>aedem,</strong></span> 
     </span>
     <span class='ocr_line' id='line_1_22' title="bbox 263 1376 1315 1433; baseline -0.014 -6"><span class='ocrx_word' id='word_1_166' title='bbox 263 1389 351 1428; x_wconf 77' lang='lat' dir='ltr'><strong>item</strong></span> <span class='ocrx_word' id='word_1_167' title='bbox 372 1388 520 1426; x_wconf 84' lang='lat' dir='ltr'><strong>Pollucis</strong></span> <span class='ocrx_word' id='word_1_168' title='bbox 549 1398 593 1428; x_wconf 70' lang='lat'><strong>(9¹</strong></span> <span class='ocrx_word' id='word_1_169' title='bbox 621 1385 792 1433; x_wconf 84' lang='lat' dir='ltr'><strong>Castoris,</strong></span> <span class='ocrx_word' id='word_1_170' title='bbox 815 1383 874 1432; x_wconf 80' lang='lat' dir='ltr'><strong>suo</strong></span> <span class='ocrx_word' id='word_1_171' title='bbox 893 1379 1092 1429; x_wconf 76' lang='lat' dir='ltr'><strong>fratrisque</strong></span> <span class='ocrx_word' id='word_1_172' title='bbox 1112 1378 1251 1415; x_wconf 87' lang='lat' dir='ltr'><strong>nomine</strong></span> <span class='ocrx_word' id='word_1_173' title='bbox 1273 1376 1315 1414; x_wconf 86' lang='lat' dir='ltr'><strong>de</strong></span> 
     </span>
     <span class='ocr_line' id='line_1_23' title="bbox 266 1427 1316 1485; baseline -0.013 -7"><span class='ocrx_word' id='word_1_174' title='bbox 266 1440 455 1478; x_wconf 85' lang='lat' dir='ltr'><strong>manubiis.</strong></span> <span class='ocrx_word' id='word_1_175' title='bbox 494 1440 548 1477; x_wconf 86' lang='lat' dir='ltr'><strong>Ex</strong></span> <span class='ocrx_word' id='word_1_176' title='bbox 568 1439 624 1476; x_wconf 90' lang='lat' dir='ltr'><strong>his</strong></span> <span class='ocrx_word' id='word_1_177' title='bbox 644 1434 744 1475; x_wconf 62' lang='lat' dir='ltr'><strong>nova</strong></span> <span class='ocrx_word' id='word_1_178' title='bbox 762 1433 874 1484; x_wconf 72' lang='lat' dir='ltr'><strong>opera</strong></span> <span class='ocrx_word' id='word_1_179' title='bbox 894 1432 932 1470; x_wconf 89' lang='lat' dir='ltr'><strong>id</strong></span> <span class='ocrx_word' id='word_1_180' title='bbox 949 1430 1130 1478; x_wconf 91' lang='lat' dir='ltr'><strong>templum</strong></span> <span class='ocrx_word' id='word_1_181' title='bbox 1153 1427 1174 1465; x_wconf 67' lang='lat' dir='ltr'><strong>a</strong></span> <span class='ocrx_word' id='word_1_182' title='bbox 1189 1428 1316 1485; x_wconf 27' lang='lat' dir='ltr'><strong>‘Tibe-</strong></span> 
     </span>
     <span class='ocr_line' id='line_1_24' title="bbox 265 1479 1316 1529; baseline -0.014 0"><span class='ocrx_word' id='word_1_183' title='bbox 265 1491 322 1529; x_wconf 82' lang='lat' dir='ltr'><strong>rio</strong></span> <span class='ocrx_word' id='word_1_184' title='bbox 341 1489 560 1528; x_wconf 69' lang='lat' dir='ltr'><strong>exstruelum</strong></span> <span class='ocrx_word' id='word_1_185' title='bbox 581 1488 752 1526; x_wconf 90' lang='lat' dir='ltr'><strong>nondum</strong></span> <span class='ocrx_word' id='word_1_186' title='bbox 782 1485 892 1523; x_wconf 90' lang='lat' dir='ltr'><strong>elicio</strong></span> <span class='ocrx_word' id='word_1_187' title='bbox 915 1496 925 1520; x_wconf 71' lang='grc' dir='ltr'><strong>ι</strong></span> <span class='ocrx_word' id='word_1_188' title='bbox 962 1493 1047 1518; x_wconf 89' lang='lat' dir='ltr'><strong>nam</strong></span> <span class='ocrx_word' id='word_1_189' title='bbox 1076 1480 1163 1518; x_wconf 90' lang='lat' dir='ltr'><strong>licet</strong></span> <span class='ocrx_word' id='word_1_190' title='bbox 1187 1479 1316 1516; x_wconf 82' lang='lat' dir='ltr'><strong>inserat</strong></span> 
     </span>
     <span class='ocr_line' id='line_1_25' title="bbox 266 1529 1315 1584; baseline -0.013 -5"><span class='ocrx_word' id='word_1_191' title='bbox 266 1541 472 1580; x_wconf 84' lang='lat' dir='ltr'><strong>Historicus</strong></span> <span class='ocrx_word' id='word_1_192' title='bbox 493 1541 535 1577; x_wconf 83' lang='lat' dir='ltr'><strong>cle</strong></span> <span class='ocrx_word' id='word_1_193' title='bbox 552 1538 751 1582; x_wconf 83' lang='lat' dir='ltr'><strong>manubiis,</strong></span> <span class='ocrx_word' id='word_1_194' title='bbox 778 1533 957 1584; x_wconf 88' lang='lat' dir='ltr'><strong>impensas</strong></span> <span class='ocrx_word' id='word_1_195' title='bbox 978 1542 1132 1581; x_wconf 88' lang='lat' dir='ltr'><strong>quoque</strong></span> <span class='ocrx_word' id='word_1_196' title='bbox 1150 1529 1223 1567; x_wconf 89' lang='lat' dir='ltr'><strong>scio</strong></span> <span class='ocrx_word' id='word_1_197' title='bbox 1235 1541 1315 1577; x_wconf 83' lang='lat' dir='ltr'><strong>per-</strong></span> 
     </span>
     <span class='ocr_line' id='line_1_26' title="bbox 267 1579 1314 1630; baseline -0.014 1"><span class='ocrx_word' id='word_1_198' title='bbox 267 1593 400 1630; x_wconf 88' lang='lat' dir='ltr'><strong>multas</strong></span> <span class='ocrx_word' id='word_1_199' title='bbox 421 1592 458 1629; x_wconf 90' lang='lat' dir='ltr'><strong>in</strong></span> <span class='ocrx_word' id='word_1_200' title='bbox 478 1591 712 1629; x_wconf 82' lang='lat' dir='ltr'><strong>dedicatione</strong></span> <span class='ocrx_word' id='word_1_201' title='bbox 732 1587 880 1624; x_wconf 87' lang='lat' dir='ltr'><strong>aedium</strong></span> <span class='ocrx_word' id='word_1_202' title='bbox 903 1584 1081 1622; x_wconf 86' lang='lat' dir='ltr'><strong>sacrarum</strong></span> <span class='ocrx_word' id='word_1_203' title='bbox 1102 1579 1314 1619; x_wconf 82' lang='lat' dir='ltr'><strong>necessarias</strong></span> 
     </span>
     <span class='ocr_line' id='line_1_27' title="bbox 265 1632 1313 1688; baseline -0.013 -7"><span class='ocrx_word' id='word_1_204' title='bbox 265 1641 398 1688; x_wconf 63' lang='lat' dir='ltr'><strong>futffe,</strong></span> <span class='ocrx_word' id='word_1_205' title='bbox 425 1650 466 1680; x_wconf 93' lang='lat' dir='ltr'><strong>ut</strong></span> <span class='ocrx_word' id='word_1_206' title='bbox 489 1641 601 1679; x_wconf 91' lang='lat' dir='ltr'><strong>docet</strong></span> <span class='ocrx_word' id='word_1_207' title='bbox 617 1651 679 1677; x_wconf 88' lang='lat' dir='ltr'><strong>me</strong></span> <span class='ocrx_word' id='word_1_208' title='bbox 698 1639 786 1687; x_wconf 83' lang='lat' dir='ltr'><strong>lapis</strong></span> <span class='ocrx_word' id='word_1_209' title='bbox 808 1635 1016 1684; x_wconf 87' lang='lat' dir='ltr'><strong>Spoletinus</strong></span> <span class='ocrx_word' id='word_1_210' title='bbox 1031 1632 1313 1681; x_wconf 77' lang='lat' dir='ltr'><strong>inscriptionum</strong></span> 
     </span>
     <span class='ocr_line' id='line_1_28' title="bbox 268 1682 1313 1743; baseline -0.012 -12"><span class='ocrx_word' id='word_1_211' title='bbox 268 1694 384 1743; x_wconf 82' lang='lat' dir='ltr'><strong>antiq.</strong></span> <span class='ocrx_word' id='word_1_212' title='bbox 414 1691 546 1740; x_wconf 68' lang='lat' dir='ltr'><strong>pagina</strong></span> <span class='ocrx_word' id='word_1_213' title='bbox 578 1702 704 1729; x_wconf 73' lang='lat' dir='ltr'><strong>mxxt</strong></span> <span class='ocrx_word' id='word_1_214' title='bbox 717 1701 745 1727; x_wconf 91' lang='lat'><strong>1.</strong></span> <span class='ocrx_word' id='word_1_215' title='bbox 773 1686 904 1725; x_wconf 74' lang='lat' dir='ltr'><strong>verum</strong></span> <span class='ocrx_word' id='word_1_216' title='bbox 924 1695 1080 1723; x_wconf 87' lang='lat' dir='ltr'><strong>omnem</strong></span> <span class='ocrx_word' id='word_1_217' title='bbox 1105 1682 1313 1730; x_wconf 82' lang='lat' dir='ltr'><strong>scrupulum</strong></span> 
     </span>
     <span class='ocr_line' id='line_1_29' title="bbox 269 1732 1316 1783; baseline -0.012 -2"><span class='ocrx_word' id='word_1_218' title='bbox 269 1743 367 1781; x_wconf 88' lang='lat' dir='ltr'><strong>tollit</strong></span> <span class='ocrx_word' id='word_1_219' title='bbox 395 1743 533 1780; x_wconf 85' lang='lat' dir='ltr'><strong>Caffius</strong></span> <span class='ocrx_word' id='word_1_220' title='bbox 562 1742 624 1779; x_wconf 88' lang='lat' dir='ltr'><strong>lib.</strong></span> <span class='ocrx_word' id='word_1_221' title='bbox 645 1753 705 1778; x_wconf 71' lang='grc' dir='ltr'><strong>ιν.</strong></span> <span class='ocrx_word' id='word_1_222' title='bbox 741 1737 894 1775; x_wconf 81' lang='lat' dir='ltr'><strong>Tiberius</strong></span> <span class='ocrx_word' id='word_1_223' title='bbox 916 1764 928 1781; x_wconf 94' lang='lat'><strong>,</strong></span> <span class='ocrx_word' id='word_1_224' title='bbox 964 1735 1107 1783; x_wconf 88' lang='lat' dir='ltr'><strong>inquit,</strong></span> <span class='ocrx_word' id='word_1_225' title='bbox 1144 1732 1316 1770; x_wconf 84' lang='lat' dir='ltr'><strong>Kalendis</strong></span> 
     </span>
     <span class='ocr_line' id='line_1_30' title="bbox 271 1784 1315 1841; baseline -0.009 -12"><span class='ocrx_word' id='word_1_226' title='bbox 271 1793 466 1840; x_wconf 75' lang='lat' dir='ltr'><strong>Januariis</strong></span> <span class='ocrx_word' id='word_1_227' title='bbox 485 1821 494 1837; x_wconf 95' lang='lat'><strong>,</strong></span> <span class='ocrx_word' id='word_1_228' title='bbox 521 1791 644 1841; x_wconf 80' lang='lat' dir='ltr'><strong>quibus</strong></span> <span class='ocrx_word' id='word_1_229' title='bbox 664 1788 895 1838; x_wconf 79' lang='lat' dir='ltr'><strong>Consulatum</strong></span> <span class='ocrx_word' id='word_1_230' title='bbox 923 1786 1035 1823; x_wconf 85' lang='lat' dir='ltr'><strong>inivit</strong></span> <span class='ocrx_word' id='word_1_231' title='bbox 1064 1798 1141 1821; x_wconf 92' lang='lat' dir='ltr'><strong>cum</strong></span> <span class='ocrx_word' id='word_1_232' title='bbox 1169 1789 1237 1821; x_wconf 89' lang='lat' dir='ltr'><strong>Cn.</strong></span> <span class='ocrx_word' id='word_1_233' title='bbox 1255 1784 1315 1821; x_wconf 85' lang='lat' dir='ltr'><strong>Pi-</strong></span> 
     </span>
     <span class='ocr_line' id='line_1_31' title="bbox 264 1838 1318 1893; baseline -0.011 -11"><span class='ocrx_word' id='word_1_234' title='bbox 264 1845 348 1893; x_wconf 78' lang='lat' dir='ltr'><strong>fime</strong></span> <span class='ocrx_word' id='word_1_235' title='bbox 361 1872 370 1888; x_wconf 93' lang='lat'><strong>,</strong></span> <span class='ocrx_word' id='word_1_236' title='bbox 387 1844 426 1880; x_wconf 87' lang='lat' dir='ltr'><strong>in</strong></span> <span class='ocrx_word' id='word_1_237' title='bbox 449 1843 590 1880; x_wconf 58' lang='lat' dir='ltr'><strong>octavii</strong></span> <span class='ocrx_word' id='word_1_238' title='bbox 612 1841 744 1879; x_wconf 86' lang='lat' dir='ltr'><strong>curiam</strong></span> <span class='ocrx_word' id='word_1_239' title='bbox 759 1840 857 1888; x_wconf 89' lang='lat' dir='ltr'><strong>(haec</strong></span> <span class='ocrx_word' id='word_1_240' title='bbox 878 1838 972 1875; x_wconf 86' lang='lat' dir='ltr'><strong>enim</strong></span> <span class='ocrx_word' id='word_1_241' title='bbox 992 1846 1066 1873; x_wconf 84' lang='lat' dir='ltr'><strong>erat</strong></span> <span class='ocrx_word' id='word_1_242' title='bbox 1088 1845 1189 1872; x_wconf 82' lang='lat' dir='ltr'><strong>extra</strong></span> <span class='ocrx_word' id='word_1_243' title='bbox 1206 1844 1318 1882; x_wconf 83' lang='lat' dir='ltr'><strong>pome-</strong></span> 
     </span>
     <span class='ocr_line' id='line_1_32' title="bbox 274 1883 1318 1941; baseline -0.009 -10"><span class='ocrx_word' id='word_1_244' title='bbox 274 1895 384 1941; x_wconf 86' lang='lat' dir='ltr'><strong>rium)</strong></span> <span class='ocrx_word' id='word_1_245' title='bbox 405 1905 585 1931; x_wconf 86' lang='lat' dir='ltr'><strong>convocato</strong></span> <span class='ocrx_word' id='word_1_246' title='bbox 605 1895 756 1941; x_wconf 84' lang='lat' dir='ltr'><strong>senatu,</strong></span> <span class='ocrx_word' id='word_1_247' title='bbox 777 1893 909 1938; x_wconf 84' lang='lat' dir='ltr'><strong>fanum</strong></span> <span class='ocrx_word' id='word_1_248' title='bbox 934 1887 1144 1925; x_wconf 79' lang='lat' dir='ltr'><strong>Concordiae</strong></span> <span class='ocrx_word' id='word_1_249' title='bbox 1166 1883 1318 1933; x_wconf 77' lang='lat' dir='ltr'><strong>[ibimet-</strong></span> 
     </span>
     <span class='ocr_line' id='line_1_33' title="bbox 273 1935 1320 1994; baseline -0.01 -12"><span class='ocrx_word' id='word_1_250' title='bbox 273 1944 334 1994; x_wconf 78' lang='lat' dir='ltr'><strong>ipfi</strong></span> <span class='ocrx_word' id='word_1_251' title='bbox 354 1944 573 1992; x_wconf 82' lang='lat' dir='ltr'><strong>reficiendum</strong></span> <span class='ocrx_word' id='word_1_252' title='bbox 590 1942 768 1992; x_wconf 80' lang='lat' dir='ltr'><strong>injunxit3</strong></span> <span class='ocrx_word' id='word_1_253' title='bbox 798 1951 838 1978; x_wconf 83' lang='lat' dir='ltr'><strong>ut</strong></span> <span class='ocrx_word' id='word_1_254' title='bbox 854 1941 911 1983; x_wconf 78' lang='lat' dir='ltr'><strong>suo</strong></span> <span class='ocrx_word' id='word_1_255' title='bbox 932 1939 970 1975; x_wconf 83' lang='lat' dir='ltr'><strong>id</strong></span> <span class='ocrx_word' id='word_1_256' title='bbox 990 1949 1033 1978; x_wconf 62' lang='grc' dir='ltr'><strong>(φ’</strong></span> <span class='ocrx_word' id='word_1_257' title='bbox 1053 1935 1162 1986; x_wconf 81' lang='lat' dir='ltr'><strong>Drufi</strong></span> <span class='ocrx_word' id='word_1_258' title='bbox 1184 1936 1320 1973; x_wconf 84' lang='lat' dir='ltr'><strong>nomine</strong></span> 
     </span>
     <span class='ocr_line' id='line_1_34' title="bbox 273 1988 1319 2044; baseline -0.01 -10"><span class='ocrx_word' id='word_1_259' title='bbox 273 1995 479 2044; x_wconf 77' lang='lat' dir='ltr'><strong>inscriberet.</strong></span> <span class='ocrx_word' id='word_1_260' title='bbox 506 1996 543 2033; x_wconf 89' lang='lat' dir='ltr'><strong>id</strong></span> <span class='ocrx_word' id='word_1_261' title='bbox 572 1994 664 2032; x_wconf 87' lang='lat' dir='ltr'><strong>vero</strong></span> <span class='ocrx_word' id='word_1_262' title='bbox 689 2021 699 2036; x_wconf 89' lang='lat'><strong>,</strong></span> <span class='ocrx_word' id='word_1_263' title='bbox 735 2000 775 2030; x_wconf 88' lang='lat' dir='ltr'><strong>ut</strong></span> <span class='ocrx_word' id='word_1_264' title='bbox 806 1991 905 2028; x_wconf 89' lang='lat' dir='ltr'><strong>vides</strong></span> <span class='ocrx_word' id='word_1_265' title='bbox 928 2017 938 2034; x_wconf 94' lang='lat'>‚</span> <span class='ocrx_word' id='word_1_266' title='bbox 977 1989 1116 2038; x_wconf 79' lang='lat' dir='ltr'><strong>peregit</strong></span> <span class='ocrx_word' id='word_1_267' title='bbox 1147 1988 1319 2025; x_wconf 88' lang='lat' dir='ltr'><strong>Tiberius</strong></span> 
     </span>
     <span class='ocr_line' id='line_1_35' title="bbox 277 2039 1321 2096; baseline -0.01 -11"><span class='ocrx_word' id='word_1_268' title='bbox 277 2046 358 2096; x_wconf 89' lang='lat' dir='ltr'><strong>post</strong></span> <span class='ocrx_word' id='word_1_269' title='bbox 376 2058 491 2084; x_wconf 85' lang='lat' dir='ltr'><strong>annos</strong></span> <span class='ocrx_word' id='word_1_270' title='bbox 510 2058 619 2083; x_wconf 86' lang='lat' dir='ltr'><strong>xv1t.</strong></span> <span class='ocrx_word' id='word_1_271' title='bbox 642 2045 735 2082; x_wconf 89' lang='lat' dir='ltr'><strong>illius</strong></span> <span class='ocrx_word' id='word_1_272' title='bbox 767 2042 943 2080; x_wconf 62' lang='lat' dir='ltr'><strong>viEtori-ae</strong></span> <span class='ocrx_word' id='word_1_273' title='bbox 963 2040 1169 2077; x_wconf 69' lang='lat' dir='ltr'><strong>occasione.</strong></span> <span class='ocrx_word' id='word_1_274' title='bbox 1195 2039 1321 2076; x_wconf 81' lang='lat' dir='ltr'><strong>NEAP.</strong></span> 
     </span>
    </p>

    <p class='ocr_par' dir='ltr' id='par_1_15' title="bbox 277 2089 1325 2287">
     <span class='ocr_line' id='line_1_36' title="bbox 331 2089 1325 2145; baseline -0.007 -11"><span class='ocrx_word' id='word_1_275' title='bbox 331 2097 419 2144; x_wconf 79' lang='lat'><strong>648.</strong></span> <span class='ocrx_word' id='word_1_276' title='bbox 447 2099 569 2145; x_wconf 57' lang='lat' dir='ltr'><strong>§Luam</strong></span> <span class='ocrx_word' id='word_1_277' title='bbox 591 2096 669 2133; x_wconf 81' lang='lat' dir='ltr'><strong>colis</strong></span> <span class='ocrx_word' id='word_1_278' title='bbox 685 2093 788 2144; x_wconf 55' lang='lat' dir='ltr'><strong>ipſsa]</strong></span> <span class='ocrx_word' id='word_1_279' title='bbox 819 2095 920 2142; x_wconf 69' lang='lat' dir='ltr'><strong>Qae</strong></span> <span class='ocrx_word' id='word_1_280' title='bbox 939 2091 1016 2128; x_wconf 84' lang='lat' dir='ltr'><strong>colis</strong></span> <span class='ocrx_word' id='word_1_281' title='bbox 1037 2091 1142 2128; x_wconf 85' lang='lat' dir='ltr'><strong>multi</strong></span> <span class='ocrx_word' id='word_1_282' title='bbox 1164 2089 1325 2127; x_wconf 84' lang='lat' dir='ltr'><strong>codices.</strong></span> 
     </span>
     <span class='ocr_line' id='line_1_37' title="bbox 278 2140 1324 2198; baseline -0.007 -13"><span class='ocrx_word' id='word_1_283' title='bbox 278 2155 372 2192; x_wconf 58' lang='lat' dir='ltr'><strong>tra,</strong></span> <span class='ocrx_word' id='word_1_284' title='bbox 399 2162 486 2198; x_wconf 79' lang='lat' dir='ltr'><strong>quae</strong></span> <span class='ocrx_word' id='word_1_285' title='bbox 506 2147 584 2184; x_wconf 87' lang='lat' dir='ltr'><strong>colis</strong></span> <span class='ocrx_word' id='word_1_286' title='bbox 605 2147 686 2194; x_wconf 80' lang='lat' dir='ltr'><strong>ipsa.</strong></span> <span class='ocrx_word' id='word_1_287' title='bbox 706 2146 805 2182; x_wconf 84' lang='lat' dir='ltr'><strong>Maz.</strong></span> <span class='ocrx_word' id='word_1_288' title='bbox 826 2157 933 2192; x_wconf 89' lang='lat' dir='ltr'><strong>quam</strong></span> <span class='ocrx_word' id='word_1_289' title='bbox 967 2141 1043 2178; x_wconf 85' lang='lat' dir='ltr'><strong>colis</strong></span> <span class='ocrx_word' id='word_1_290' title='bbox 1061 2142 1146 2190; x_wconf 82' lang='lat' dir='ltr'><strong>ipsa.</strong></span> <span class='ocrx_word' id='word_1_291' title='bbox 1181 2140 1324 2178; x_wconf 77' lang='lat' dir='ltr'><strong>Zulich.</strong></span> 
     </span>
     <span class='ocr_line' id='line_1_38' title="bbox 277 2192 1325 2248; baseline -0.005 -13"><span class='ocrx_word' id='word_1_292' title='bbox 277 2211 367 2248; x_wconf 87' lang='lat' dir='ltr'><strong>quae</strong></span> <span class='ocrx_word' id='word_1_293' title='bbox 384 2199 461 2235; x_wconf 85' lang='lat' dir='ltr'><strong>colit</strong></span> <span class='ocrx_word' id='word_1_294' title='bbox 484 2198 564 2246; x_wconf 73' lang='lat' dir='ltr'><strong>ipfiz.</strong></span> <span class='ocrx_word' id='word_1_295' title='bbox 592 2198 701 2235; x_wconf 83' lang='lat' dir='ltr'><strong>Forte</strong></span> <span class='ocrx_word' id='word_1_296' title='bbox 716 2224 725 2240; x_wconf 94' lang='lat'><strong>,</strong></span> <span class='ocrx_word' id='word_1_297' title='bbox 738 2208 845 2246; x_wconf 87' lang='lat' dir='ltr'><strong>quam</strong></span> <span class='ocrx_word' id='word_1_298' title='bbox 860 2193 947 2231; x_wconf 87' lang='lat' dir='ltr'><strong>colat</strong></span> <span class='ocrx_word' id='word_1_299' title='bbox 959 2193 1029 2242; x_wconf 87' lang='lat' dir='ltr'><strong>ipsa</strong></span> <span class='ocrx_word' id='word_1_300' title='bbox 1043 2220 1054 2237; x_wconf 92' lang='lat'><strong>,</strong></span> <span class='ocrx_word' id='word_1_301' title='bbox 1081 2203 1217 2240; x_wconf 89' lang='lat' dir='ltr'><strong>nempe</strong></span> <span class='ocrx_word' id='word_1_302' title='bbox 1231 2192 1325 2230; x_wconf 91' lang='lat' dir='ltr'><strong>Ger-</strong></span> 
     </span>
     <span class='ocr_line' id='line_1_39' title="bbox 280 2249 588 2287; baseline -0.003 0"><span class='ocrx_word' id='word_1_303' title='bbox 280 2249 414 2287; x_wconf 85' lang='lat' dir='ltr'><strong>mania.</strong></span> <span class='ocrx_word' id='word_1_304' title='bbox 445 2250 588 2286; x_wconf 68' lang='lat' dir='ltr'><strong>Heius.</strong></span> 
     </span>
    </p>

    <p class='ocr_par' dir='ltr' id='par_1_16' title="bbox 281 2292 1328 2546">
     <span class='ocr_line' id='line_1_40' title="bbox 334 2292 1327 2348; baseline -0.008 -11"><span class='ocrx_word' id='word_1_305' title='bbox 334 2300 420 2348; x_wconf 72' lang='lat'><strong>649.</strong></span> <span class='ocrx_word' id='word_1_306' title='bbox 447 2307 537 2336; x_wconf 85' lang='lat' dir='ltr'><strong>Haec</strong></span> <span class='ocrx_word' id='word_1_307' title='bbox 556 2297 652 2348; x_wconf 53' lang='lat' dir='ltr'><strong>tum]</strong></span> <span class='ocrx_word' id='word_1_308' title='bbox 691 2303 792 2333; x_wconf 86' lang='lat' dir='ltr'><strong>Hanc</strong></span> <span class='ocrx_word' id='word_1_309' title='bbox 821 2305 884 2333; x_wconf 89' lang='lat' dir='ltr'><strong>tua</strong></span> <span class='ocrx_word' id='word_1_310' title='bbox 916 2294 1056 2331; x_wconf 80' lang='lat' dir='ltr'><strong>Mazar.</strong></span> <span class='ocrx_word' id='word_1_311' title='bbox 1079 2294 1117 2331; x_wconf 71' lang='grc' dir='ltr'><strong>ὅ(</strong></span> <span class='ocrx_word' id='word_1_312' title='bbox 1148 2292 1327 2331; x_wconf 88' lang='lat' dir='ltr'><strong>Arundel.</strong></span> 
     </span>
     <span class='ocr_line' id='line_1_41' title="bbox 284 2344 1326 2398; baseline -0.008 -10"><span class='ocrx_word' id='word_1_313' title='bbox 284 2349 324 2388; x_wconf 86' lang='lat'>&amp;</span> <span class='ocrx_word' id='word_1_314' title='bbox 342 2351 442 2389; x_wconf 85' lang='lat' dir='ltr'><strong>alius.</strong></span> <span class='ocrx_word' id='word_1_315' title='bbox 470 2359 510 2389; x_wconf 90' lang='lat' dir='ltr'><strong>ut</strong></span> <span class='ocrx_word' id='word_1_316' title='bbox 532 2350 708 2398; x_wconf 85' lang='lat' dir='ltr'><strong>intelligat</strong></span> <span class='ocrx_word' id='word_1_317' title='bbox 737 2345 1004 2385; x_wconf 81' lang='lat' dir='ltr'><strong>Concordiam.</strong></span> <span class='ocrx_word' id='word_1_318' title='bbox 1033 2346 1070 2382; x_wconf 75' lang='grc' dir='ltr'><strong>ὃ(</strong></span> <span class='ocrx_word' id='word_1_319' title='bbox 1099 2345 1194 2382; x_wconf 87' lang='lat' dir='ltr'><strong>forte</strong></span> <span class='ocrx_word' id='word_1_320' title='bbox 1217 2344 1326 2381; x_wconf 88' lang='lat' dir='ltr'><strong>Livia</strong></span> 
     </span>
     <span class='ocr_line' id='line_1_42' title="bbox 282 2395 1327 2444; baseline -0.008 -5"><span class='ocrx_word' id='word_1_321' title='bbox 282 2400 468 2439; x_wconf 87' lang='lat' dir='ltr'><strong>constituit</strong></span> <span class='ocrx_word' id='word_1_322' title='bbox 495 2413 593 2439; x_wconf 86' lang='lat' dir='ltr'><strong>aram</strong></span> <span class='ocrx_word' id='word_1_323' title='bbox 626 2401 663 2438; x_wconf 87' lang='lat' dir='ltr'><strong>in</strong></span> <span class='ocrx_word' id='word_1_324' title='bbox 687 2399 778 2436; x_wconf 83' lang='lat' dir='ltr'><strong>aede</strong></span> <span class='ocrx_word' id='word_1_325' title='bbox 802 2397 1036 2435; x_wconf 86' lang='lat' dir='ltr'><strong>Concordiae</strong></span> <span class='ocrx_word' id='word_1_326' title='bbox 1051 2423 1062 2440; x_wconf 87' lang='lat'>‚</span> <span class='ocrx_word' id='word_1_327' title='bbox 1089 2406 1200 2444; x_wconf 88' lang='lat' dir='ltr'><strong>quam</strong></span> <span class='ocrx_word' id='word_1_328' title='bbox 1222 2395 1327 2432; x_wconf 90' lang='lat' dir='ltr'><strong>rebus</strong></span> 
     </span>
     <span class='ocr_line' id='line_1_43' title="bbox 284 2446 1325 2501; baseline -0.008 -12"><span class='ocrx_word' id='word_1_329' title='bbox 284 2451 367 2500; x_wconf 75' lang='lat' dir='ltr'><strong>ipsis</strong></span> <span class='ocrx_word' id='word_1_330' title='bbox 391 2452 556 2501; x_wconf 87' lang='lat' dir='ltr'><strong>Augusto</strong></span> <span class='ocrx_word' id='word_1_331' title='bbox 577 2451 740 2489; x_wconf 82' lang='lat' dir='ltr'><strong>exhibuit</strong></span> <span class='ocrx_word' id='word_1_332' title='bbox 756 2459 814 2492; x_wconf 90' lang='lat' dir='ltr'><strong>‚ut</strong></span> <span class='ocrx_word' id='word_1_333' title='bbox 832 2450 911 2498; x_wconf 88' lang='lat' dir='ltr'><strong>jam</strong></span> <span class='ocrx_word' id='word_1_334' title='bbox 925 2447 1115 2495; x_wconf 87' lang='lat' dir='ltr'><strong>suspicatus</strong></span> <span class='ocrx_word' id='word_1_335' title='bbox 1134 2446 1183 2483; x_wconf 88' lang='lat' dir='ltr'><strong>est</strong></span> <span class='ocrx_word' id='word_1_336' title='bbox 1203 2446 1325 2482; x_wconf 83' lang='lat' dir='ltr'><strong>Anto-</strong></span> 
     </span>
     <span class='ocr_line' id='line_1_44' title="bbox 281 2496 1328 2546; baseline -0.007 -5"><span class='ocrx_word' id='word_1_337' title='bbox 281 2503 362 2540; x_wconf 78' lang='lat' dir='ltr'><strong>nius</strong></span> <span class='ocrx_word' id='word_1_338' title='bbox 383 2502 564 2540; x_wconf 82' lang='lat' dir='ltr'><strong>Fanenfis.</strong></span> <span class='ocrx_word' id='word_1_339' title='bbox 583 2515 641 2539; x_wconf 87' lang='lat' dir='ltr'><strong>nec</strong></span> <span class='ocrx_word' id='word_1_340' title='bbox 662 2512 725 2537; x_wconf 86' lang='lat' dir='ltr'><strong>tua</strong></span> <span class='ocrx_word' id='word_1_341' title='bbox 741 2501 911 2546; x_wconf 87' lang='lat' dir='ltr'><strong>Excerpt.</strong></span> <span class='ocrx_word' id='word_1_342' title='bbox 933 2498 1172 2535; x_wconf 85' lang='lat' dir='ltr'><strong>Kloekhovii.</strong></span> <span class='ocrx_word' id='word_1_343' title='bbox 1195 2496 1328 2534; x_wconf 74' lang='lat' dir='ltr'><strong>Bunm.</strong></span> 
     </span>
    </p>

    <p class='ocr_par' dir='ltr' id='par_1_17' title="bbox 287 2547 1329 2642">
     <span class='ocr_line' id='line_1_45' title="bbox 337 2547 1329 2602; baseline -0.007 -13"><span class='ocrx_word' id='word_1_344' title='bbox 337 2553 422 2602; x_wconf 85' lang='lat'><strong>649.</strong></span> <span class='ocrx_word' id='word_1_345' title='bbox 451 2558 497 2590; x_wconf 80' lang='lat' dir='ltr'><strong>Et</strong></span> <span class='ocrx_word' id='word_1_346' title='bbox 517 2552 614 2590; x_wconf 86' lang='lat' dir='ltr'><strong>rebus</strong></span> <span class='ocrx_word' id='word_1_347' title='bbox 628 2580 639 2598; x_wconf 93' lang='lat'><strong>,</strong></span> <span class='ocrx_word' id='word_1_348' title='bbox 665 2563 708 2590; x_wconf 68' lang='grc' dir='ltr'><strong>ω’</strong></span> <span class='ocrx_word' id='word_1_349' title='bbox 727 2549 825 2599; x_wconf 86' lang='lat' dir='ltr'><strong>ara.]</strong></span> <span class='ocrx_word' id='word_1_350' title='bbox 864 2549 1007 2586; x_wconf 88' lang='lat' dir='ltr'><strong>Partem</strong></span> <span class='ocrx_word' id='word_1_351' title='bbox 1030 2547 1241 2584; x_wconf 63' lang='lat' dir='ltr'><strong>refectionis</strong></span> <span class='ocrx_word' id='word_1_352' title='bbox 1262 2547 1329 2583; x_wconf 81' lang='lat' dir='ltr'><strong>Li·</strong></span> 
     </span>
     <span class='ocr_line' id='line_1_46' title="bbox 287 2599 1053 2642; baseline -0.008 -2"><span class='ocrx_word' id='word_1_353' title='bbox 287 2602 369 2640; x_wconf 79' lang='lat' dir='ltr'><strong>viae</strong></span> <span class='ocrx_word' id='word_1_354' title='bbox 389 2605 494 2640; x_wconf 81' lang='lat' dir='ltr'><strong>matri</strong></span> <span class='ocrx_word' id='word_1_355' title='bbox 525 2604 655 2642; x_wconf 86' lang='lat' dir='ltr'><strong>Noster</strong></span> <span class='ocrx_word' id='word_1_356' title='bbox 675 2601 848 2640; x_wconf 84' lang='lat' dir='ltr'><strong>attribuit.</strong></span> <span class='ocrx_word' id='word_1_357' title='bbox 877 2599 1053 2637; x_wconf 63' lang='lat' dir='ltr'><strong>Neapor..</strong></span> 
     </span>
    </p>

    <p class='ocr_par' dir='ltr' id='par_1_18' title="bbox 290 2647 1333 2802">
     <span class='ocr_line' id='line_1_47' title="bbox 340 2647 1330 2702; baseline -0.006 -14"><span class='ocrx_word' id='word_1_358' title='bbox 340 2653 426 2700; x_wconf 81' lang='lat'><strong>650.</strong></span> <span class='ocrx_word' id='word_1_359' title='bbox 454 2659 536 2689; x_wconf 85' lang='lat' dir='ltr'><strong>Toro</strong></span> <span class='ocrx_word' id='word_1_360' title='bbox 562 2655 668 2702; x_wconf 78' lang='lat' dir='ltr'><strong>digna</strong></span> <span class='ocrx_word' id='word_1_361' title='bbox 696 2661 826 2700; x_wconf 80' lang='lat' dir='ltr'><strong>reperta</strong></span> <span class='ocrx_word' id='word_1_362' title='bbox 849 2648 994 2696; x_wconf 73' lang='lat' dir='ltr'><strong>Jovis.]</strong></span> <span class='ocrx_word' id='word_1_363' title='bbox 1053 2647 1234 2684; x_wconf 86' lang='lat' dir='ltr'><strong>Eamdem</strong></span> <span class='ocrx_word' id='word_1_364' title='bbox 1254 2647 1330 2694; x_wconf 82' lang='lat' dir='ltr'><strong>pari</strong></span> 
     </span>
     <span class='ocr_line' id='line_1_48' title="bbox 290 2695 1333 2752; baseline -0.008 -13"><span class='ocrx_word' id='word_1_365' title='bbox 290 2701 498 2740; x_wconf 80' lang='lat' dir='ltr'><strong>adulatione</strong></span> <span class='ocrx_word' id='word_1_366' title='bbox 521 2703 568 2741; x_wconf 85' lang='lat' dir='ltr'><strong>fic</strong></span> <span class='ocrx_word' id='word_1_367' title='bbox 587 2701 813 2752; x_wconf 82' lang='lat' dir='ltr'><strong>prosequitur</strong></span> <span class='ocrx_word' id='word_1_368' title='bbox 841 2700 901 2737; x_wconf 86' lang='lat' dir='ltr'><strong>lib.</strong></span> <span class='ocrx_word' id='word_1_369' title='bbox 925 2710 978 2735; x_wconf 93' lang='lat'><strong>11.</strong></span> <span class='ocrx_word' id='word_1_370' title='bbox 1006 2697 1184 2734; x_wconf 81' lang='lat' dir='ltr'><strong>Triilium</strong></span> <span class='ocrx_word' id='word_1_371' title='bbox 1205 2695 1333 2744; x_wconf 77' lang='lat' dir='ltr'><strong>Elegia</strong></span> 
     </span>
     <span class='ocr_line' id='line_1_49' title="bbox 291 2752 721 2802; baseline 0 -12"><span class='ocrx_word' id='word_1_372' title='bbox 291 2752 410 2802; x_wconf 77' lang='lat' dir='ltr'><strong>prima</strong></span> <span class='ocrx_word' id='word_1_373' title='bbox 431 2754 475 2790; x_wconf 91' lang='lat' dir='ltr'><strong>ad</strong></span> <span class='ocrx_word' id='word_1_374' title='bbox 495 2754 721 2802; x_wconf 83' lang='lat' dir='ltr'><strong>Augustum:</strong></span> 
     </span>
    </p>

    <p class='ocr_par' dir='ltr' id='par_1_19' title="bbox 347 2800 1102 2851">
     <span class='ocr_line' id='line_1_50' title="bbox 347 2800 1102 2851; baseline -0.009 -10"><span class='ocrx_word' id='word_1_375' title='bbox 347 2803 454 2841; x_wconf 78' lang='lat' dir='ltr'><strong>Livia</strong></span> <span class='ocrx_word' id='word_1_376' title='bbox 466 2802 515 2851; x_wconf 78' lang='lat' dir='ltr'><strong>fic</strong></span> <span class='ocrx_word' id='word_1_377' title='bbox 535 2814 645 2839; x_wconf 81' lang='lat' dir='ltr'><strong>tecum</strong></span> <span class='ocrx_word' id='word_1_378' title='bbox 663 2802 796 2851; x_wconf 73' lang='lat' dir='ltr'><strong>fhciales</strong></span> <span class='ocrx_word' id='word_1_379' title='bbox 811 2800 953 2850; x_wconf 80' lang='lat' dir='ltr'><strong>impleat</strong></span> <span class='ocrx_word' id='word_1_380' title='bbox 974 2811 1102 2836; x_wconf 79' lang='lat' dir='ltr'><strong>annos:</strong></span> 
     </span>
    </p>

    <p class='ocr_par' dir='ltr' id='par_1_20' title="bbox 394 2848 1186 2903">
     <span class='ocr_line' id='line_1_51' title="bbox 394 2848 1186 2903; baseline -0.005 -13"><span class='ocrx_word' id='word_1_381' title='bbox 394 2857 496 2903; x_wconf 59' lang='lat' dir='ltr'><strong>{Luae</strong></span> <span class='ocrx_word' id='word_1_382' title='bbox 516 2881 527 2898; x_wconf 90' lang='lat'><strong>,</strong></span> <span class='ocrx_word' id='word_1_383' title='bbox 556 2853 620 2902; x_wconf 74' lang='lat' dir='ltr'><strong>nist</strong></span> <span class='ocrx_word' id='word_1_384' title='bbox 638 2864 668 2889; x_wconf 86' lang='lat' dir='ltr'><strong>te</strong></span> <span class='ocrx_word' id='word_1_385' title='bbox 681 2882 690 2898; x_wconf 94' lang='lat'><strong>,</strong></span> <span class='ocrx_word' id='word_1_386' title='bbox 719 2853 813 2889; x_wconf 87' lang='lat' dir='ltr'><strong>nullo</strong></span> <span class='ocrx_word' id='word_1_387' title='bbox 833 2852 967 2900; x_wconf 87' lang='lat' dir='ltr'><strong>conjuge</strong></span> <span class='ocrx_word' id='word_1_388' title='bbox 984 2848 1186 2897; x_wconf 77' lang='lat' dir='ltr'><strong>dignasuit.</strong></span> 
     </span>
    </p>

    <p class='ocr_par' dir='ltr' id='par_1_21' title="bbox 347 2900 1188 2954">
     <span class='ocr_line' id='line_1_52' title="bbox 347 2900 1188 2954; baseline -0.007 -13"><span class='ocrx_word' id='word_1_389' title='bbox 347 2906 448 2954; x_wconf 48' lang='grc' dir='ltr'><strong>(ἐξήιε</strong></span> <span class='ocrx_word' id='word_1_390' title='bbox 463 2903 496 2952; x_wconf 83' lang='lat' dir='ltr'><strong><em>fi</em></strong></span> <span class='ocrx_word' id='word_1_391' title='bbox 512 2918 579 2941; x_wconf 88' lang='lat' dir='ltr'><strong>non</strong></span> <span class='ocrx_word' id='word_1_392' title='bbox 595 2900 666 2952; x_wconf 75' lang='lat' dir='ltr'><strong>effer</strong></span> <span class='ocrx_word' id='word_1_393' title='bbox 681 2932 690 2949; x_wconf 95' lang='lat'><strong>,</strong></span> <span class='ocrx_word' id='word_1_394' title='bbox 720 2902 843 2940; x_wconf 83' lang='lat' dir='ltr'><strong>caelebs</strong></span> <span class='ocrx_word' id='word_1_395' title='bbox 862 2913 893 2939; x_wconf 84' lang='lat' dir='ltr'><strong>te</strong></span> <span class='ocrx_word' id='word_1_396' title='bbox 911 2902 990 2938; x_wconf 78' lang='lat' dir='ltr'><strong>vita</strong></span> <span class='ocrx_word' id='word_1_397' title='bbox 1009 2902 1156 2937; x_wconf 84' lang='lat' dir='ltr'><strong>deceret.-</strong></span> <span class='ocrx_word' id='word_1_398' title='bbox 1183 2914 1188 2917; x_wconf 94' lang='lat'>·</span> 
     </span>
    </p>

    <p class='ocr_par' dir='ltr' id='par_1_22' title="bbox 296 2952 1174 3054">
     <span class='ocr_line' id='line_1_53' title="bbox 399 2952 1174 3004; baseline -0.006 -12"><span class='ocrx_word' id='word_1_399' title='bbox 399 2955 575 3004; x_wconf 79' lang='lat' dir='ltr'><strong>Nullaque</strong></span> <span class='ocrx_word' id='word_1_400' title='bbox 588 2983 598 2999; x_wconf 91' lang='lat'>‚</span> <span class='ocrx_word' id='word_1_401' title='bbox 627 2955 680 2992; x_wconf 86' lang='lat' dir='ltr'><strong>cui</strong></span> <span class='ocrx_word' id='word_1_402' title='bbox 693 2956 790 3003; x_wconf 83' lang='lat' dir='ltr'><strong>poffes</strong></span> <span class='ocrx_word' id='word_1_403' title='bbox 809 2953 864 3002; x_wconf 80' lang='lat' dir='ltr'><strong>effe</strong></span> <span class='ocrx_word' id='word_1_404' title='bbox 887 2952 1036 2990; x_wconf 83' lang='lat' dir='ltr'><strong>maritus</strong></span> <span class='ocrx_word' id='word_1_405' title='bbox 1050 2980 1061 2997; x_wconf 90' lang='lat'><strong>,</strong></span> <span class='ocrx_word' id='word_1_406' title='bbox 1087 2960 1174 2988; x_wconf 87' lang='lat' dir='ltr'><strong>erat.</strong></span> 
     </span>
     <span class='ocr_line' id='line_1_54' title="bbox 296 3005 987 3054; baseline -0.009 -8"><span class='ocrx_word' id='word_1_407' title='bbox 296 3007 472 3046; x_wconf 62' lang='lat' dir='ltr'><strong>Numi.</strong></span> <span class='ocrx_word' id='word_1_408' title='bbox 496 3012 636 3054; x_wconf 68' lang='lat' dir='ltr'><strong>Referta</strong></span> <span class='ocrx_word' id='word_1_409' title='bbox 663 3006 729 3041; x_wconf 84' lang='lat' dir='ltr'><strong>Dei</strong></span> <span class='ocrx_word' id='word_1_410' title='bbox 748 3017 798 3053; x_wconf 90' lang='lat' dir='ltr'><strong>pr.</strong></span> <span class='ocrx_word' id='word_1_411' title='bbox 820 3005 987 3041; x_wconf 83' lang='lat' dir='ltr'><strong>Vatican.</strong></span> 
     </span>
    </p>

    <p class='ocr_par' dir='ltr' id='par_1_23' title="bbox 296 3051 1338 3256">
     <span class='ocr_line' id='line_1_55' title="bbox 350 3051 1335 3106; baseline -0.005 -13"><span class='ocrx_word' id='word_1_412' title='bbox 350 3060 436 3106; x_wconf 81' lang='lat'><strong>650.</strong></span> <span class='ocrx_word' id='word_1_413' title='bbox 467 3055 745 3104; x_wconf 72' lang='lat' dir='ltr'><strong>MagniJovis.]</strong></span> <span class='ocrx_word' id='word_1_414' title='bbox 776 3054 961 3102; x_wconf 82' lang='lat' dir='ltr'><strong>Antiquos</strong></span> <span class='ocrx_word' id='word_1_415' title='bbox 986 3052 1153 3090; x_wconf 86' lang='lat' dir='ltr'><strong>Caesares</strong></span> <span class='ocrx_word' id='word_1_416' title='bbox 1172 3051 1276 3089; x_wconf 86' lang='lat' dir='ltr'><strong>Deos</strong></span> <span class='ocrx_word' id='word_1_417' title='bbox 1297 3051 1335 3089; x_wconf 72' lang='grc' dir='ltr'><strong>δε</strong></span> 
     </span>
     <span class='ocr_line' id='line_1_56' title="bbox 296 3102 1336 3156; baseline -0.006 -10"><span class='ocrx_word' id='word_1_418' title='bbox 296 3108 409 3156; x_wconf 79' lang='lat' dir='ltr'><strong>Joves</strong></span> <span class='ocrx_word' id='word_1_419' title='bbox 431 3108 628 3155; x_wconf 79' lang='lat' dir='ltr'><strong>appellatos</strong></span> <span class='ocrx_word' id='word_1_420' title='bbox 666 3107 744 3154; x_wconf 85' lang='lat' dir='ltr'><strong>quis</strong></span> <span class='ocrx_word' id='word_1_421' title='bbox 771 3117 847 3142; x_wconf 88' lang='lat' dir='ltr'><strong>non</strong></span> <span class='ocrx_word' id='word_1_422' title='bbox 876 3102 1050 3141; x_wconf 80' lang='lat' dir='ltr'><strong>audivit?</strong></span> <span class='ocrx_word' id='word_1_423' title='bbox 1089 3102 1232 3149; x_wconf 78' lang='lat' dir='ltr'><strong>ipsimet</strong></span> <span class='ocrx_word' id='word_1_424' title='bbox 1261 3102 1336 3140; x_wconf 89' lang='lat' dir='ltr'><strong>suas</strong></span> 
     </span>
     <span class='ocr_line' id='line_1_57' title="bbox 299 3152 1338 3202; baseline -0.006 -6"><span class='ocrx_word' id='word_1_425' title='bbox 299 3160 434 3196; x_wconf 88' lang='lat' dir='ltr'><strong>domos</strong></span> <span class='ocrx_word' id='word_1_426' title='bbox 454 3158 597 3194; x_wconf 69' lang='lat' dir='ltr'><strong>dizinas</strong></span> <span class='ocrx_word' id='word_1_427' title='bbox 621 3158 755 3194; x_wconf 75' lang='lat' dir='ltr'><strong>dixere.</strong></span> <span class='ocrx_word' id='word_1_428' title='bbox 783 3155 856 3192; x_wconf 73' lang='lat' dir='ltr'><strong>Adi</strong></span> <span class='ocrx_word' id='word_1_429' title='bbox 876 3155 898 3192; x_wconf 89' lang='lat' dir='ltr'><strong>l.</strong></span> <span class='ocrx_word' id='word_1_430' title='bbox 919 3167 986 3194; x_wconf 75' lang='lat'><strong>111.</strong></span> <span class='ocrx_word' id='word_1_431' title='bbox 1015 3160 1056 3191; x_wconf 88' lang='lat' dir='ltr'><strong>C.</strong></span> <span class='ocrx_word' id='word_1_432' title='bbox 1079 3153 1118 3190; x_wconf 86' lang='lat' dir='ltr'><strong>de</strong></span> <span class='ocrx_word' id='word_1_433' title='bbox 1142 3152 1338 3202; x_wconf 80' lang='lat' dir='ltr'><strong>Privilegiis</strong></span> 
     </span>
     <span class='ocr_line' id='line_1_58' title="bbox 300 3206 1157 3256; baseline -0.007 -10"><span class='ocrx_word' id='word_1_434' title='bbox 300 3210 420 3246; x_wconf 82' lang='lat' dir='ltr'><strong>domus</strong></span> <span class='ocrx_word' id='word_1_435' title='bbox 443 3208 617 3256; x_wconf 80' lang='lat' dir='ltr'><strong>Augustae</strong></span> <span class='ocrx_word' id='word_1_436' title='bbox 637 3207 693 3244; x_wconf 57' lang='lat' dir='ltr'><strong>cel</strong></span> <span class='ocrx_word' id='word_1_437' title='bbox 714 3207 759 3243; x_wconf 77' lang='lat' dir='ltr'><strong>rei</strong></span> <span class='ocrx_word' id='word_1_438' title='bbox 778 3206 952 3254; x_wconf 74' lang='lat' dir='ltr'><strong>privatae.</strong></span> <span class='ocrx_word' id='word_1_439' title='bbox 980 3206 1157 3243; x_wconf 67' lang='lat' dir='ltr'><strong>Neanor..</strong></span> 
     </span>
    </p>

    <p class='ocr_par' dir='ltr' id='par_1_24' title="bbox 298 3254 1337 3356">
     <span class='ocr_line' id='line_1_59' title="bbox 349 3254 1337 3309; baseline -0.006 -12"><span class='ocrx_word' id='word_1_440' title='bbox 349 3263 433 3309; x_wconf 76' lang='lat'>65¹·</span> <span class='ocrx_word' id='word_1_441' title='bbox 463 3267 551 3296; x_wconf 83' lang='lat' dir='ltr'><strong>Haec</strong></span> <span class='ocrx_word' id='word_1_442' title='bbox 578 3258 636 3295; x_wconf 82' lang='lat' dir='ltr'><strong>ubi</strong></span> <span class='ocrx_word' id='word_1_443' title='bbox 663 3256 906 3305; x_wconf 62' lang='lat' dir='ltr'><strong>transierim]</strong></span> <span class='ocrx_word' id='word_1_444' title='bbox 962 3269 1048 3295; x_wconf 83' lang='lat' dir='ltr'><strong>xvt.</strong></span> <span class='ocrx_word' id='word_1_445' title='bbox 1070 3254 1247 3293; x_wconf 82' lang='lat' dir='ltr'><strong>Kalendas</strong></span> <span class='ocrx_word' id='word_1_446' title='bbox 1268 3254 1337 3292; x_wconf 87' lang='lat' dir='ltr'><strong>Fe-</strong></span> 
     </span>
     <span class='ocr_line' id='line_1_60' title="bbox 298 3306 1337 3356; baseline -0.005 -7"><span class='ocrx_word' id='word_1_447' title='bbox 298 3310 454 3351; x_wconf 65' lang='lat' dir='ltr'><strong>Etuarias</strong></span> <span class='ocrx_word' id='word_1_448' title='bbox 474 3309 610 3350; x_wconf 82' lang='lat' dir='ltr'><strong>Nostro</strong></span> <span class='ocrx_word' id='word_1_449' title='bbox 641 3310 689 3350; x_wconf 82' lang='lat' dir='ltr'><strong>est</strong></span> <span class='ocrx_word' id='word_1_450' title='bbox 730 3308 820 3348; x_wconf 78' lang='lat' dir='ltr'><strong>Solis</strong></span> <span class='ocrx_word' id='word_1_451' title='bbox 850 3306 1016 3347; x_wconf 75' lang='lat' dir='ltr'><strong>transitus</strong></span> <span class='ocrx_word' id='word_1_452' title='bbox 1045 3309 1082 3346; x_wconf 91' lang='lat' dir='ltr'><strong>in</strong></span> <span class='ocrx_word' id='word_1_453' title='bbox 1106 3307 1337 3356; x_wconf 77' lang='lat' dir='ltr'><strong>Aquarium,</strong></span> 
     </span>
    </p>
   </div>
   <div class='ocr_carea' id='block_1_15' title="bbox 1364 1154 2415 1255">
    <p class='ocr_par' dir='ltr' id='par_1_25' title="bbox 1364 1154 2415 1255">
     <span class='ocr_line' id='line_1_61' title="bbox 1365 1154 2415 1210; baseline 0.004 -18"><span class='ocrx_word' id='word_1_454' title='bbox 1365 1154 1504 1210; x_wconf 76' lang='lat' dir='ltr'><strong>&amp;duo</strong></span> <span class='ocrx_word' id='word_1_455' title='bbox 1538 1154 1667 1210; x_wconf 73' lang='lat' dir='ltr'><strong>scripti.</strong></span> <span class='ocrx_word' id='word_1_456' title='bbox 1695 1154 1893 1209; x_wconf 41' lang='lat' dir='ltr'><strong>totidem)</strong></span> <span class='ocrx_word' id='word_1_457' title='bbox 1932 1155 2123 1194; x_wconf 81' lang='lat' dir='ltr'><strong>transierit.</strong></span> <span class='ocrx_word' id='word_1_458' title='bbox 2161 1157 2268 1207; x_wconf 85' lang='lat' dir='ltr'><strong>Lego</strong></span> <span class='ocrx_word' id='word_1_459' title='bbox 2291 1186 2304 1204; x_wconf 95' lang='lat'><strong>,</strong></span> <span class='ocrx_word' id='word_1_460' title='bbox 2332 1165 2415 1198; x_wconf 74' lang='lat' dir='ltr'><strong>Nox</strong></span> 
     </span>
     <span class='ocr_line' id='line_1_62' title="bbox 1364 1204 2085 1255; baseline 0.004 -14"><span class='ocrx_word' id='word_1_461' title='bbox 1364 1204 1424 1242; x_wconf 81' lang='lat' dir='ltr'><strong>ubt</strong></span> <span class='ocrx_word' id='word_1_462' title='bbox 1442 1215 1635 1243; x_wconf 76' lang='lat' dir='ltr'><strong>transtertt.</strong></span> <span class='ocrx_word' id='word_1_463' title='bbox 1662 1204 1710 1242; x_wconf 85' lang='lat' dir='ltr'><strong>fic</strong></span> <span class='ocrx_word' id='word_1_464' title='bbox 1729 1206 1823 1243; x_wconf 84' lang='lat' dir='ltr'><strong>infra</strong></span> <span class='ocrx_word' id='word_1_465' title='bbox 1849 1204 1909 1243; x_wconf 89' lang='lat' dir='ltr'><strong>l1b.</strong></span> <span class='ocrx_word' id='word_1_466' title='bbox 1930 1219 1976 1244; x_wconf 89' lang='lat'><strong>11.</strong></span> <span class='ocrx_word' id='word_1_467' title='bbox 1996 1206 2085 1255; x_wconf 85' lang='lat'><strong>639.</strong></span> 
     </span>
    </p>
   </div>
   <div class='ocr_carea' id='block_1_16' title="bbox 1417 1268 2282 1318">
    <p class='ocr_par' dir='ltr' id='par_1_26' title="bbox 1417 1268 2282 1318">
     <span class='ocr_line' id='line_1_63' title="bbox 1417 1268 2282 1318; baseline 0.002 -12"><span class='ocrx_word' id='word_1_468' title='bbox 1417 1274 1499 1306; x_wconf 84' lang='lat' dir='ltr'><strong>Nox</strong></span> <span class='ocrx_word' id='word_1_469' title='bbox 1519 1269 1579 1306; x_wconf 84' lang='lat' dir='ltr'><strong>ubi</strong></span> <span class='ocrx_word' id='word_1_470' title='bbox 1599 1270 1779 1308; x_wconf 83' lang='lat' dir='ltr'><strong>transierit</strong></span> <span class='ocrx_word' id='word_1_471' title='bbox 1793 1297 1804 1316; x_wconf 94' lang='lat'>‚</span> <span class='ocrx_word' id='word_1_472' title='bbox 1823 1268 1926 1318; x_wconf 83' lang='lat' dir='ltr'><strong>solito</strong></span> <span class='ocrx_word' id='word_1_473' title='bbox 1946 1269 2129 1308; x_wconf 79' lang='lat' dir='ltr'><strong>celebretur</strong></span> <span class='ocrx_word' id='word_1_474' title='bbox 2146 1268 2282 1309; x_wconf 85' lang='lat' dir='ltr'><strong>honore.</strong></span> 
     </span>
    </p>
   </div>
   <div class='ocr_carea' id='block_1_17' title="bbox 1367 1334 2441 3400">
    <p class='ocr_par' dir='ltr' id='par_1_27' title="bbox 1367 1334 2423 1626">
     <span class='ocr_line' id='line_1_64' title="bbox 1367 1334 1614 1384; baseline 0 -11"><span class='ocrx_word' id='word_1_475' title='bbox 1367 1334 1429 1373; x_wconf 88' lang='lat' dir='ltr'><strong>lib.</strong></span> <span class='ocrx_word' id='word_1_476' title='bbox 1455 1347 1509 1374; x_wconf 84' lang='lat' dir='ltr'><strong>tv.</strong></span> <span class='ocrx_word' id='word_1_477' title='bbox 1533 1335 1614 1384; x_wconf 78' lang='lat'><strong>165.</strong></span> 
     </span>
     <span class='ocr_line' id='line_1_65' title="bbox 1420 1385 2342 1437; baseline 0.002 -15"><span class='ocrx_word' id='word_1_478' title='bbox 1420 1392 1501 1422; x_wconf 87' lang='lat' dir='ltr'><strong>Nox</strong></span> <span class='ocrx_word' id='word_1_479' title='bbox 1521 1386 1580 1423; x_wconf 80' lang='lat' dir='ltr'><strong>ubi</strong></span> <span class='ocrx_word' id='word_1_480' title='bbox 1598 1385 1801 1431; x_wconf 82' lang='lat' dir='ltr'><strong>transierit,</strong></span> <span class='ocrx_word' id='word_1_481' title='bbox 1829 1385 2027 1437; x_wconf 74' lang='lat' dir='ltr'><strong>caelumque</strong></span> <span class='ocrx_word' id='word_1_482' title='bbox 2046 1385 2215 1437; x_wconf 81' lang='lat' dir='ltr'><strong>rubescere</strong></span> <span class='ocrx_word' id='word_1_483' title='bbox 2228 1385 2342 1437; x_wconf 84' lang='lat' dir='ltr'><strong>primo</strong></span> 
     </span>
     <span class='ocr_line' id='line_1_66' title="bbox 1475 1437 1638 1485; baseline 0.012 -13"><span class='ocrx_word' id='word_1_484' title='bbox 1475 1437 1638 1485; x_wconf 85' lang='lat' dir='ltr'><strong>Coeperit.</strong></span> 
     </span>
     <span class='ocr_line' id='line_1_67' title="bbox 1370 1486 2416 1536; baseline 0.003 -12"><span class='ocrx_word' id='word_1_485' title='bbox 1370 1494 1480 1536; x_wconf 87' lang='lat' dir='ltr'><strong>atque</strong></span> <span class='ocrx_word' id='word_1_486' title='bbox 1502 1488 1549 1524; x_wconf 88' lang='lat' dir='ltr'><strong>ita</strong></span> <span class='ocrx_word' id='word_1_487' title='bbox 1573 1488 1784 1536; x_wconf 88' lang='lat' dir='ltr'><strong>frequenter</strong></span> <span class='ocrx_word' id='word_1_488' title='bbox 1803 1487 1841 1524; x_wconf 89' lang='lat' dir='ltr'><strong>in</strong></span> <span class='ocrx_word' id='word_1_489' title='bbox 1868 1487 1922 1524; x_wconf 90' lang='lat' dir='ltr'><strong>his</strong></span> <span class='ocrx_word' id='word_1_490' title='bbox 1941 1486 2049 1525; x_wconf 89' lang='lat' dir='ltr'><strong>libris.</strong></span> <span class='ocrx_word' id='word_1_491' title='bbox 2085 1492 2177 1523; x_wconf 82' lang='lat' dir='ltr'><strong>Haec</strong></span> <span class='ocrx_word' id='word_1_492' title='bbox 2195 1487 2307 1536; x_wconf 89' lang='lat' dir='ltr'><strong>paulo</strong></span> <span class='ocrx_word' id='word_1_493' title='bbox 2328 1496 2416 1527; x_wconf 86' lang='lat' dir='ltr'><strong>ante</strong></span> 
     </span>
     <span class='ocr_line' id='line_1_68' title="bbox 1369 1535 2423 1588; baseline 0.002 -14"><span class='ocrx_word' id='word_1_494' title='bbox 1369 1536 1614 1586; x_wconf 68' lang='lat' dir='ltr'><strong>praecesserat.</strong></span> <span class='ocrx_word' id='word_1_495' title='bbox 1638 1537 1723 1574; x_wconf 87' lang='lat' dir='ltr'><strong>inde</strong></span> <span class='ocrx_word' id='word_1_496' title='bbox 1753 1546 1858 1575; x_wconf 86' lang='lat' dir='ltr'><strong>natus</strong></span> <span class='ocrx_word' id='word_1_497' title='bbox 1885 1549 1995 1576; x_wconf 86' lang='lat' dir='ltr'><strong>error.</strong></span> <span class='ocrx_word' id='word_1_498' title='bbox 2033 1535 2153 1576; x_wconf 82' lang='lat' dir='ltr'><strong>Poffet</strong></span> <span class='ocrx_word' id='word_1_499' title='bbox 2182 1538 2294 1576; x_wconf 87' lang='lat' dir='ltr'><strong>etiam</strong></span> <span class='ocrx_word' id='word_1_500' title='bbox 2318 1538 2388 1588; x_wconf 85' lang='lat' dir='ltr'><strong>legi</strong></span> <span class='ocrx_word' id='word_1_501' title='bbox 2400 1554 2423 1584; x_wconf 67' lang='grc' dir='ltr'><strong>ς.</strong></span> 
     </span>
     <span class='ocr_line' id='line_1_69' title="bbox 1369 1587 1909 1626; baseline 0.002 -2"><span class='ocrx_word' id='word_1_502' title='bbox 1369 1594 1449 1625; x_wconf 83' lang='lat' dir='ltr'><strong>Lux</strong></span> <span class='ocrx_word' id='word_1_503' title='bbox 1467 1587 1526 1626; x_wconf 87' lang='lat' dir='ltr'><strong>ubi</strong></span> <span class='ocrx_word' id='word_1_504' title='bbox 1544 1588 1733 1625; x_wconf 84' lang='lat' dir='ltr'><strong>transierit.</strong></span> <span class='ocrx_word' id='word_1_505' title='bbox 1764 1588 1909 1625; x_wconf 59' lang='lat' dir='ltr'><strong>Hiems.</strong></span> 
     </span>
    </p>

    <p class='ocr_par' dir='ltr' id='par_1_28' title="bbox 1368 1636 2422 1842">
     <span class='ocr_line' id='line_1_70' title="bbox 1419 1636 2417 1688; baseline 0.002 -13"><span class='ocrx_word' id='word_1_506' title='bbox 1419 1640 1504 1688; x_wconf 78' lang='lat'><strong>652.</strong></span> <span class='ocrx_word' id='word_1_507' title='bbox 1531 1638 1802 1688; x_wconf 38' lang='lat' dir='ltr'><strong>Signa-regentis</strong></span> <span class='ocrx_word' id='word_1_508' title='bbox 1822 1636 1972 1687; x_wconf 86' lang='lat' dir='ltr'><strong>aquas.]</strong></span> <span class='ocrx_word' id='word_1_509' title='bbox 2002 1642 2150 1686; x_wconf 85' lang='lat' dir='ltr'><strong>Aquam</strong></span> <span class='ocrx_word' id='word_1_510' title='bbox 2171 1638 2301 1686; x_wconf 84' lang='lat' dir='ltr'><strong>scripti.</strong></span> <span class='ocrx_word' id='word_1_511' title='bbox 2339 1639 2417 1677; x_wconf 89' lang='lat' dir='ltr'><strong>Le-</strong></span> 
     </span>
     <span class='ocr_line' id='line_1_71' title="bbox 1368 1688 2419 1741; baseline 0 -14"><span class='ocrx_word' id='word_1_512' title='bbox 1368 1700 1414 1738; x_wconf 85' lang='lat' dir='ltr'><strong>ge</strong></span> <span class='ocrx_word' id='word_1_513' title='bbox 1429 1718 1440 1733; x_wconf 92' lang='lat'><strong>,</strong></span> <span class='ocrx_word' id='word_1_514' title='bbox 1463 1690 1610 1739; x_wconf 84' lang='lat' dir='ltr'><strong>gerentis</strong></span> <span class='ocrx_word' id='word_1_515' title='bbox 1631 1703 1774 1741; x_wconf 82' lang='lat' dir='ltr'><strong>aquam.</strong></span> <span class='ocrx_word' id='word_1_516' title='bbox 1804 1690 1902 1727; x_wconf 87' lang='lat' dir='ltr'><strong>Nam</strong></span> <span class='ocrx_word' id='word_1_517' title='bbox 1926 1688 2062 1736; x_wconf 81' lang='lat' dir='ltr'><strong>urniger</strong></span> <span class='ocrx_word' id='word_1_518' title='bbox 2083 1689 2267 1738; x_wconf 79' lang='lat' dir='ltr'><strong>Aquarius</strong></span> <span class='ocrx_word' id='word_1_519' title='bbox 2297 1689 2419 1728; x_wconf 61' lang='lat' dir='ltr'><strong>dietus-</strong></span> 
     </span>
     <span class='ocr_line' id='line_1_72' title="bbox 1369 1739 2422 1798; baseline -0.001 -19"><span class='ocrx_word' id='word_1_520' title='bbox 1369 1741 1494 1789; x_wconf 84' lang='lat' dir='ltr'><strong>paffim</strong></span> <span class='ocrx_word' id='word_1_521' title='bbox 1516 1742 1646 1790; x_wconf 79' lang='lat' dir='ltr'><strong>poetis.</strong></span> <span class='ocrx_word' id='word_1_522' title='bbox 1668 1741 1821 1798; x_wconf 66' lang='lat' dir='ltr'><strong>Huius.</strong></span> <span class='ocrx_word' id='word_1_523' title='bbox 1850 1740 1963 1778; x_wconf 87' lang='lat' dir='ltr'><strong>Catal.</strong></span> <span class='ocrx_word' id='word_1_524' title='bbox 1977 1739 2147 1788; x_wconf 86' lang='lat' dir='ltr'><strong>Scaligeri</strong></span> <span class='ocrx_word' id='word_1_525' title='bbox 2169 1751 2204 1788; x_wconf 88' lang='lat' dir='ltr'><strong>p.</strong></span> <span class='ocrx_word' id='word_1_526' title='bbox 2220 1740 2300 1786; x_wconf 83' lang='lat'><strong>164.</strong></span> <span class='ocrx_word' id='word_1_527' title='bbox 2328 1740 2422 1788; x_wconf 61' lang='lat' dir='ltr'><strong>{Lai-</strong></span> 
     </span>
     <span class='ocr_line' id='line_1_73' title="bbox 1371 1802 1702 1842; baseline 0.003 -14"><span class='ocrx_word' id='word_1_528' title='bbox 1371 1806 1436 1842; x_wconf 70' lang='lat' dir='ltr'><strong>que</strong></span> <span class='ocrx_word' id='word_1_529' title='bbox 1456 1805 1584 1830; x_wconf 70' lang='lat' dir='ltr'><em>urnam</em></span> <span class='ocrx_word' id='word_1_530' title='bbox 1602 1802 1702 1841; x_wconf 64' lang='lat' dir='ltr'><strong>gent.</strong></span> 
     </span>
    </p>

    <p class='ocr_par' dir='ltr' id='par_1_29' title="bbox 1373 1839 2425 1992">
     <span class='ocr_line' id='line_1_74' title="bbox 1423 1839 2425 1893; baseline 0 -13"><span class='ocrx_word' id='word_1_531' title='bbox 1423 1843 1508 1893; x_wconf 86' lang='lat'><strong>653.</strong></span> <span class='ocrx_word' id='word_1_532' title='bbox 1534 1844 1701 1892; x_wconf 77' lang='lat' dir='ltr'><strong>Septimus</strong></span> <span class='ocrx_word' id='word_1_533' title='bbox 1719 1842 1799 1879; x_wconf 86' lang='lat' dir='ltr'><strong>hinc</strong></span> <span class='ocrx_word' id='word_1_534' title='bbox 1819 1840 1965 1891; x_wconf 86' lang='lat' dir='ltr'><strong>oriens.]</strong></span> <span class='ocrx_word' id='word_1_535' title='bbox 1994 1839 2220 1878; x_wconf 83' lang='lat' dir='ltr'><strong>x.Kalendas</strong></span> <span class='ocrx_word' id='word_1_536' title='bbox 2233 1840 2331 1890; x_wconf 85' lang='lat' dir='ltr'><strong>Lyra</strong></span> <span class='ocrx_word' id='word_1_537' title='bbox 2354 1853 2425 1880; x_wconf 86' lang='lat' dir='ltr'><strong>oc-</strong></span> 
     </span>
     <span class='ocr_line' id='line_1_75' title="bbox 1375 1891 2424 1932; baseline 0 0"><span class='ocrx_word' id='word_1_538' title='bbox 1375 1894 1461 1932; x_wconf 90' lang='lat' dir='ltr'><strong>cidit</strong></span> <span class='ocrx_word' id='word_1_539' title='bbox 1481 1894 1609 1932; x_wconf 88' lang='lat' dir='ltr'><strong>occasu</strong></span> <span class='ocrx_word' id='word_1_540' title='bbox 1627 1894 1784 1931; x_wconf 84' lang='lat' dir='ltr'><strong>heliaco.</strong></span> <span class='ocrx_word' id='word_1_541' title='bbox 1802 1894 1979 1931; x_wconf 52' lang='lat' dir='ltr'><strong>Neston.</strong></span> <span class='ocrx_word' id='word_1_542' title='bbox 2016 1897 2123 1928; x_wconf 85' lang='lat' dir='ltr'><strong>Ortus</strong></span> <span class='ocrx_word' id='word_1_543' title='bbox 2144 1891 2287 1929; x_wconf 90' lang='lat' dir='ltr'><strong>Arund.</strong></span> <span class='ocrx_word' id='word_1_544' title='bbox 2312 1892 2424 1932; x_wconf 89' lang='lat' dir='ltr'><strong>male.</strong></span> 
     </span>
     <span class='ocr_line' id='line_1_76' title="bbox 1373 1942 2147 1992; baseline -0.005 -10"><span class='ocrx_word' id='word_1_545' title='bbox 1373 1944 1481 1982; x_wconf 88' lang='lat' dir='ltr'><strong>oriens</strong></span> <span class='ocrx_word' id='word_1_546' title='bbox 1500 1945 1547 1983; x_wconf 88' lang='lat' dir='ltr'><strong>est</strong></span> <span class='ocrx_word' id='word_1_547' title='bbox 1566 1944 1628 1982; x_wconf 90' lang='lat' dir='ltr'><strong>sol.</strong></span> <span class='ocrx_word' id='word_1_548' title='bbox 1647 1945 1720 1982; x_wconf 90' lang='lat' dir='ltr'><strong>vid.</strong></span> <span class='ocrx_word' id='word_1_549' title='bbox 1738 1943 1783 1981; x_wconf 86' lang='lat' dir='ltr'><strong>ad</strong></span> <span class='ocrx_word' id='word_1_550' title='bbox 1806 1943 1951 1992; x_wconf 87' lang='lat' dir='ltr'><strong>Calpur.</strong></span> <span class='ocrx_word' id='word_1_551' title='bbox 1974 1942 2080 1980; x_wconf 90' lang='lat' dir='ltr'><strong>Decl.</strong></span> <span class='ocrx_word' id='word_1_552' title='bbox 2101 1953 2147 1979; x_wconf 86' lang='lat'><strong>11.</strong></span> 
     </span>
    </p>

    <p class='ocr_par' dir='ltr' id='par_1_30' title="bbox 1378 1991 2423 2094">
     <span class='ocr_line' id='line_1_77' title="bbox 1424 1991 2423 2044; baseline 0 -11"><span class='ocrx_word' id='word_1_553' title='bbox 1424 1996 1510 2044; x_wconf 82' lang='lat'><strong>653.</strong></span> <span class='ocrx_word' id='word_1_554' title='bbox 1538 2002 1576 2033; x_wconf 85' lang='lat' dir='ltr'><strong>Se</strong></span> <span class='ocrx_word' id='word_1_555' title='bbox 1605 1993 1821 2043; x_wconf 83' lang='lat' dir='ltr'><strong>demiserit.]</strong></span> <span class='ocrx_word' id='word_1_556' title='bbox 1876 2000 1914 2031; x_wconf 87' lang='lat' dir='ltr'><strong>Se</strong></span> <span class='ocrx_word' id='word_1_557' title='bbox 1941 1992 2147 2042; x_wconf 75' lang='lat' dir='ltr'><strong>dimerserit.</strong></span> <span class='ocrx_word' id='word_1_558' title='bbox 2174 1991 2351 2032; x_wconf 83' lang='lat' dir='ltr'><strong>Arundel.</strong></span> <span class='ocrx_word' id='word_1_559' title='bbox 2379 1994 2423 2033; x_wconf 86' lang='lat'>&amp;</span> 
     </span>
     <span class='ocr_line' id='line_1_78' title="bbox 1378 2045 1954 2094; baseline -0.002 -11"><span class='ocrx_word' id='word_1_560' title='bbox 1378 2046 1544 2085; x_wconf 85' lang='lat' dir='ltr'><strong>Voffian.</strong></span> <span class='ocrx_word' id='word_1_561' title='bbox 1572 2045 1775 2094; x_wconf 84' lang='lat' dir='ltr'><strong>commiserit</strong></span> <span class='ocrx_word' id='word_1_562' title='bbox 1801 2045 1954 2083; x_wconf 85' lang='lat' dir='ltr'><strong>Thuan.</strong></span> 
     </span>
    </p>

    <p class='ocr_par' dir='ltr' id='par_1_31' title="bbox 1379 2093 2428 2287">
     <span class='ocr_line' id='line_1_79' title="bbox 1431 2093 2428 2145; baseline 0 -11"><span class='ocrx_word' id='word_1_563' title='bbox 1431 2098 1514 2145; x_wconf 79' lang='lat'><strong>654.</strong></span> <span class='ocrx_word' id='word_1_564' title='bbox 1543 2102 1623 2134; x_wconf 86' lang='lat' dir='ltr'><strong>Toto</strong></span> <span class='ocrx_word' id='word_1_565' title='bbox 1637 2096 1716 2145; x_wconf 87' lang='lat' dir='ltr'><strong>jam</strong></span> <span class='ocrx_word' id='word_1_566' title='bbox 1735 2096 1813 2144; x_wconf 67' lang='lat' dir='ltr'><strong>lyra</strong></span> <span class='ocrx_word' id='word_1_567' title='bbox 1825 2095 1926 2133; x_wconf 88' lang='lat' dir='ltr'><strong>nulla</strong></span> <span class='ocrx_word' id='word_1_568' title='bbox 1940 2093 2051 2145; x_wconf 61' lang='lat' dir='ltr'><strong>palm}</strong></span> <span class='ocrx_word' id='word_1_569' title='bbox 2081 2093 2194 2132; x_wconf 87' lang='lat' dir='ltr'><strong>Multi</strong></span> <span class='ocrx_word' id='word_1_570' title='bbox 2213 2106 2258 2132; x_wconf 86' lang='lat' dir='ltr'><strong>ex</strong></span> <span class='ocrx_word' id='word_1_571' title='bbox 2275 2094 2428 2143; x_wconf 85' lang='lat' dir='ltr'><strong>scriptis,</strong></span> 
     </span>
     <span class='ocr_line' id='line_1_80' title="bbox 1379 2145 2426 2197; baseline -0.002 -12"><span class='ocrx_word' id='word_1_572' title='bbox 1379 2147 1473 2185; x_wconf 88' lang='lat' dir='ltr'><strong>nullo</strong></span> <span class='ocrx_word' id='word_1_573' title='bbox 1491 2147 1575 2197; x_wconf 89' lang='lat' dir='ltr'><strong>polo.</strong></span> <span class='ocrx_word' id='word_1_574' title='bbox 1621 2148 1754 2191; x_wconf 86' lang='lat' dir='ltr'><strong>Forte,</strong></span> <span class='ocrx_word' id='word_1_575' title='bbox 1774 2148 1886 2193; x_wconf 86' lang='lat' dir='ltr'><strong>furvo</strong></span> <span class='ocrx_word' id='word_1_576' title='bbox 1908 2146 1993 2194; x_wconf 86' lang='lat' dir='ltr'><strong>polo.</strong></span> <span class='ocrx_word' id='word_1_577' title='bbox 2034 2145 2080 2182; x_wconf 91' lang='lat' dir='ltr'><strong>de</strong></span> <span class='ocrx_word' id='word_1_578' title='bbox 2108 2156 2180 2192; x_wconf 86' lang='lat' dir='ltr'><strong>qua</strong></span> <span class='ocrx_word' id='word_1_579' title='bbox 2214 2156 2308 2182; x_wconf 91' lang='lat' dir='ltr'><strong>voce</strong></span> <span class='ocrx_word' id='word_1_580' title='bbox 2329 2146 2426 2184; x_wconf 84' lang='lat' dir='ltr'><strong>Met.</strong></span> 
     </span>
     <span class='ocr_line' id='line_1_81' title="bbox 1381 2194 2427 2283; baseline -0.002 -47"><span class='ocrx_word' id='word_1_581' title='bbox 1381 2211 1403 2283; x_wconf 63' lang='lat' dir='ltr'><strong>1q</strong></span> <span class='ocrx_word' id='word_1_582' title='bbox 1403 2212 1445 2236; x_wconf 82' lang='grc' dir='ltr'><strong>ιῐ.</strong></span> <span class='ocrx_word' id='word_1_583' title='bbox 1459 2200 1516 2236; x_wconf 89' lang='lat' dir='ltr'><strong>vel</strong></span> <span class='ocrx_word' id='word_1_584' title='bbox 1532 2197 1639 2247; x_wconf 90' lang='lat' dir='ltr'><strong>pullo,</strong></span> <span class='ocrx_word' id='word_1_585' title='bbox 1652 2198 1710 2236; x_wconf 89' lang='lat' dir='ltr'><strong>vel</strong></span> <span class='ocrx_word' id='word_1_586' title='bbox 1720 2197 1840 2245; x_wconf 79' lang='lat' dir='ltr'><strong>fulvo.</strong></span> <span class='ocrx_word' id='word_1_587' title='bbox 1859 2197 2006 2234; x_wconf 64' lang='lat' dir='ltr'><strong>Hzms.</strong></span> <span class='ocrx_word' id='word_1_588' title='bbox 2022 2194 2187 2243; x_wconf 81' lang='lat' dir='ltr'><strong>Fulgebat</strong></span> <span class='ocrx_word' id='word_1_589' title='bbox 2209 2194 2427 2234; x_wconf 81' lang='lat' dir='ltr'><strong>Bernens&amp;</strong></span> 
     </span>
     <span class='ocr_line' id='line_1_82' title="bbox 1381 2262 1545 2287; baseline -0.006 -1"><span class='ocrx_word' id='word_1_590' title='bbox 1381 2262 1545 2287; x_wconf 54' lang='lat' dir='ltr'><strong>karravu.</strong></span> 
     </span>
    </p>

    <p class='ocr_par' dir='ltr' id='par_1_32' title="bbox 1380 2294 2428 2501">
     <span class='ocr_line' id='line_1_83' title="bbox 1431 2294 2426 2347; baseline 0 -11"><span class='ocrx_word' id='word_1_591' title='bbox 1431 2301 1516 2347; x_wconf 78' lang='lat'><strong>655.</strong></span> <span class='ocrx_word' id='word_1_592' title='bbox 1545 2298 1656 2336; x_wconf 73' lang='lat' dir='ltr'><strong>sidere</strong></span> <span class='ocrx_word' id='word_1_593' title='bbox 1683 2297 1728 2335; x_wconf 89' lang='lat' dir='ltr'><strong>ab</strong></span> <span class='ocrx_word' id='word_1_594' title='bbox 1755 2297 1817 2334; x_wconf 89' lang='lat' dir='ltr'><strong>hoc</strong></span> <span class='ocrx_word' id='word_1_595' title='bbox 1835 2325 1846 2342; x_wconf 92' lang='lat'><strong>,</strong></span> <span class='ocrx_word' id='word_1_596' title='bbox 1870 2295 1999 2346; x_wconf 82' lang='lat' dir='ltr'><strong>ignis.]</strong></span> <span class='ocrx_word' id='word_1_597' title='bbox 2039 2307 2095 2333; x_wconf 88' lang='lat' dir='ltr'><strong>1x.</strong></span> <span class='ocrx_word' id='word_1_598' title='bbox 2123 2294 2303 2336; x_wconf 82' lang='lat' dir='ltr'><strong>Kalendas</strong></span> <span class='ocrx_word' id='word_1_599' title='bbox 2334 2298 2426 2336; x_wconf 84' lang='lat' dir='ltr'><strong>clara</strong></span> 
     </span>
     <span class='ocr_line' id='line_1_84' title="bbox 1380 2347 2428 2399; baseline -0.002 -11"><span class='ocrx_word' id='word_1_600' title='bbox 1380 2350 1477 2388; x_wconf 87' lang='lat' dir='ltr'><strong>stella</strong></span> <span class='ocrx_word' id='word_1_601' title='bbox 1496 2352 1531 2388; x_wconf 91' lang='lat' dir='ltr'><strong>in</strong></span> <span class='ocrx_word' id='word_1_602' title='bbox 1556 2350 1706 2399; x_wconf 65' lang='lat' dir='ltr'><strong>pectore</strong></span> <span class='ocrx_word' id='word_1_603' title='bbox 1728 2349 1869 2386; x_wconf 88' lang='lat' dir='ltr'><strong>Leonis</strong></span> <span class='ocrx_word' id='word_1_604' title='bbox 1898 2347 2047 2385; x_wconf 91' lang='lat' dir='ltr'><strong>occidit.</strong></span> <span class='ocrx_word' id='word_1_605' title='bbox 2072 2347 2196 2394; x_wconf 86' lang='lat' dir='ltr'><strong>accipe</strong></span> <span class='ocrx_word' id='word_1_606' title='bbox 2229 2348 2275 2385; x_wconf 89' lang='lat' dir='ltr'><strong>de</strong></span> <span class='ocrx_word' id='word_1_607' title='bbox 2296 2349 2428 2387; x_wconf 90' lang='lat' dir='ltr'><strong>occasu</strong></span> 
     </span>
     <span class='ocr_line' id='line_1_85' title="bbox 1382 2397 2427 2444; baseline -0.002 -5"><span class='ocrx_word' id='word_1_608' title='bbox 1382 2401 1558 2439; x_wconf 86' lang='lat' dir='ltr'><strong>cosmico.</strong></span> <span class='ocrx_word' id='word_1_609' title='bbox 1585 2400 1794 2438; x_wconf 89' lang='lat' dir='ltr'><strong>Columella</strong></span> <span class='ocrx_word' id='word_1_610' title='bbox 1814 2399 1932 2437; x_wconf 89' lang='lat' dir='ltr'><strong>scribit</strong></span> <span class='ocrx_word' id='word_1_611' title='bbox 1953 2398 2012 2435; x_wconf 91' lang='lat' dir='ltr'><strong>die</strong></span> <span class='ocrx_word' id='word_1_612' title='bbox 2033 2397 2193 2444; x_wconf 85' lang='lat' dir='ltr'><strong>Januarii</strong></span> <span class='ocrx_word' id='word_1_613' title='bbox 2211 2410 2332 2437; x_wconf 84' lang='lat' dir='ltr'><strong>xxvn.</strong></span> <span class='ocrx_word' id='word_1_614' title='bbox 2354 2401 2427 2437; x_wconf 88' lang='lat' dir='ltr'><strong>im-</strong></span> 
     </span>
     <span class='ocr_line' id='line_1_86' title="bbox 1381 2452 1707 2501; baseline -0.009 -11"><span class='ocrx_word' id='word_1_615' title='bbox 1381 2453 1510 2501; x_wconf 85' lang='lat' dir='ltr'><strong>mergi.</strong></span> <span class='ocrx_word' id='word_1_616' title='bbox 1532 2452 1707 2488; x_wconf 70' lang='lat' dir='ltr'><strong>NEAPOL.</strong></span> 
     </span>
    </p>

    <p class='ocr_par' dir='ltr' id='par_1_33' title="bbox 1382 2496 2427 2600">
     <span class='ocr_line' id='line_1_87' title="bbox 1434 2496 2427 2551; baseline -0.001 -12"><span class='ocrx_word' id='word_1_617' title='bbox 1434 2503 1519 2551; x_wconf 81' lang='lat'><strong>657.</strong></span> <span class='ocrx_word' id='word_1_618' title='bbox 1547 2500 1697 2549; x_wconf 53' lang='lat' dir='ltr'><strong>fastos]</strong></span> <span class='ocrx_word' id='word_1_619' title='bbox 1744 2499 1862 2546; x_wconf 84' lang='lat' dir='ltr'><strong>Fastus</strong></span> <span class='ocrx_word' id='word_1_620' title='bbox 1894 2510 1987 2536; x_wconf 88' lang='lat' dir='ltr'><strong>unus</strong></span> <span class='ocrx_word' id='word_1_621' title='bbox 2015 2496 2275 2546; x_wconf 85' lang='lat' dir='ltr'><strong>Farnefianus,</strong></span> <span class='ocrx_word' id='word_1_622' title='bbox 2293 2507 2334 2538; x_wconf 91' lang='lat' dir='ltr'><strong>ut</strong></span> <span class='ocrx_word' id='word_1_623' title='bbox 2352 2499 2427 2539; x_wconf 80' lang='lat' dir='ltr'><strong>dixi</strong></span> 
     </span>
     <span class='ocr_line' id='line_1_88' title="bbox 1382 2550 2045 2600; baseline -0.008 -10"><span class='ocrx_word' id='word_1_624' title='bbox 1382 2552 1485 2600; x_wconf 87' lang='lat' dir='ltr'><strong>supra</strong></span> <span class='ocrx_word' id='word_1_625' title='bbox 1516 2553 1622 2589; x_wconf 88' lang='lat' dir='ltr'><strong>initio</strong></span> <span class='ocrx_word' id='word_1_626' title='bbox 1643 2551 1721 2588; x_wconf 85' lang='lat' dir='ltr'><strong>libri</strong></span> <span class='ocrx_word' id='word_1_627' title='bbox 1746 2551 1864 2597; x_wconf 87' lang='lat' dir='ltr'><strong>primi.</strong></span> <span class='ocrx_word' id='word_1_628' title='bbox 1901 2550 2045 2586; x_wconf 71' lang='lat' dir='ltr'><strong>Herus.</strong></span> 
     </span>
    </p>

    <p class='ocr_par' dir='ltr' id='par_1_34' title="bbox 1381 2599 2441 3360">
     <span class='ocr_line' id='line_1_89' title="bbox 1437 2599 2430 2651; baseline -0.001 -11"><span class='ocrx_word' id='word_1_629' title='bbox 1437 2602 1522 2651; x_wconf 82' lang='lat'><strong>658.</strong></span> <span class='ocrx_word' id='word_1_630' title='bbox 1552 2608 1623 2638; x_wconf 82' lang='lat' dir='ltr'><strong>Nec</strong></span> <span class='ocrx_word' id='word_1_631' title='bbox 1649 2601 1847 2637; x_wconf 75' lang='lat' dir='ltr'><strong>sementina</strong></span> <span class='ocrx_word' id='word_1_632' title='bbox 1868 2599 1911 2648; x_wconf 79' lang='lat' dir='ltr'><strong>est</strong></span> <span class='ocrx_word' id='word_1_633' title='bbox 1939 2599 2013 2636; x_wconf 86' lang='lat' dir='ltr'><strong>ulla</strong></span> <span class='ocrx_word' id='word_1_634' title='bbox 2043 2608 2177 2648; x_wconf 85' lang='lat' dir='ltr'><strong>reperta</strong></span> <span class='ocrx_word' id='word_1_635' title='bbox 2197 2599 2306 2650; x_wconf 83' lang='lat' dir='ltr'><strong>dies.]</strong></span> <span class='ocrx_word' id='word_1_636' title='bbox 2347 2600 2430 2649; x_wconf 72' lang='lat' dir='ltr'><strong>Qui</strong></span> 
     </span>
     <span class='ocr_line' id='line_1_90' title="bbox 1386 2649 2427 2701; baseline -0.002 -10"><span class='ocrx_word' id='word_1_637' title='bbox 1386 2661 1553 2701; x_wconf 89' lang='lat' dir='ltr'><strong>poterat,</strong></span> <span class='ocrx_word' id='word_1_638' title='bbox 1584 2651 1609 2688; x_wconf 88' lang='lat' dir='ltr'>fi</span> <span class='ocrx_word' id='word_1_639' title='bbox 1629 2651 1853 2688; x_wconf 88' lang='lat' dir='ltr'><strong>sementinae</strong></span> <span class='ocrx_word' id='word_1_640' title='bbox 1880 2651 1992 2690; x_wconf 88' lang='lat' dir='ltr'><strong>feriae</strong></span> <span class='ocrx_word' id='word_1_641' title='bbox 2018 2649 2099 2686; x_wconf 89' lang='lat' dir='ltr'><strong>sunt</strong></span> <span class='ocrx_word' id='word_1_642' title='bbox 2128 2649 2149 2685; x_wconf 82' lang='grc' dir='ltr'>ὲ</span> <span class='ocrx_word' id='word_1_643' title='bbox 2169 2651 2427 2699; x_wconf 83' lang='lat' dir='ltr'><strong>conceptivis?</strong></span> 
     </span>
     <span class='ocr_line' id='line_1_91' title="bbox 1386 2699 2432 2749; baseline -0.001 -9"><span class='ocrx_word' id='word_1_644' title='bbox 1386 2703 1475 2740; x_wconf 87' lang='lat' dir='ltr'><strong>hinc</strong></span> <span class='ocrx_word' id='word_1_645' title='bbox 1494 2702 1636 2738; x_wconf 78' lang='lat' dir='ltr'><strong>Varro:</strong></span> <span class='ocrx_word' id='word_1_646' title='bbox 1666 2701 1882 2738; x_wconf 74' lang='lat' dir='ltr'><strong>sementinae</strong></span> <span class='ocrx_word' id='word_1_647' title='bbox 1892 2700 2004 2749; x_wconf 83' lang='lat' dir='ltr'><strong>feriae</strong></span> <span class='ocrx_word' id='word_1_648' title='bbox 2023 2699 2093 2736; x_wconf 85' lang='lat' dir='ltr'><strong>dies</strong></span> <span class='ocrx_word' id='word_1_649' title='bbox 2113 2699 2163 2743; x_wconf 78' lang='lat' dir='ltr'><strong>is,</strong></span> <span class='ocrx_word' id='word_1_650' title='bbox 2184 2700 2243 2746; x_wconf 86' lang='lat' dir='ltr'><strong>qui</strong></span> <span class='ocrx_word' id='word_1_651' title='bbox 2263 2700 2287 2736; x_wconf 70' lang='lat' dir='ltr'><strong>a</strong></span> <span class='ocrx_word' id='word_1_652' title='bbox 2310 2702 2432 2739; x_wconf 85' lang='lat' dir='ltr'><strong>Ponti-</strong></span> 
     </span>
     <span class='ocr_line' id='line_1_92' title="bbox 1381 2751 2432 2800; baseline 0.002 -12"><span class='ocrx_word' id='word_1_653' title='bbox 1381 2751 1508 2800; x_wconf 85' lang='lat' dir='ltr'><strong>ficibus</strong></span> <span class='ocrx_word' id='word_1_654' title='bbox 1526 2752 1648 2787; x_wconf 66' lang='lat' dir='ltr'><strong>dietus.</strong></span> <span class='ocrx_word' id='word_1_655' title='bbox 1675 2751 1800 2788; x_wconf 84' lang='lat' dir='ltr'><strong>clarius</strong></span> <span class='ocrx_word' id='word_1_656' title='bbox 1819 2751 2029 2790; x_wconf 89' lang='lat' dir='ltr'><strong>Macrobius</strong></span> <span class='ocrx_word' id='word_1_657' title='bbox 2048 2751 2169 2797; x_wconf 85' lang='lat' dir='ltr'><strong>ptimo</strong></span> <span class='ocrx_word' id='word_1_658' title='bbox 2191 2751 2331 2789; x_wconf 86' lang='lat' dir='ltr'><strong>Saturn.</strong></span> <span class='ocrx_word' id='word_1_659' title='bbox 2383 2757 2432 2790; x_wconf 80' lang='lat' dir='ltr'><strong>Et</strong></span> 
     </span>
     <span class='ocr_line' id='line_1_93' title="bbox 1385 2801 2432 2852; baseline 0 -13"><span class='ocrx_word' id='word_1_660' title='bbox 1385 2804 1470 2852; x_wconf 84' lang='lat' dir='ltr'><strong>sunt</strong></span> <span class='ocrx_word' id='word_1_661' title='bbox 1485 2801 1641 2850; x_wconf 75' lang='lat' dir='ltr'><strong>stativae</strong></span> <span class='ocrx_word' id='word_1_662' title='bbox 1661 2801 1817 2850; x_wconf 81' lang='lat' dir='ltr'><strong>universi</strong></span> <span class='ocrx_word' id='word_1_663' title='bbox 1832 2802 1945 2852; x_wconf 85' lang='lat' dir='ltr'><strong>populi</strong></span> <span class='ocrx_word' id='word_1_664' title='bbox 1964 2813 2157 2837; x_wconf 81' lang='lat' dir='ltr'><strong>communes</strong></span> <span class='ocrx_word' id='word_1_665' title='bbox 2179 2804 2277 2838; x_wconf 87' lang='lat' dir='ltr'><strong>certis</strong></span> <span class='ocrx_word' id='word_1_666' title='bbox 2299 2814 2432 2842; x_wconf 65' lang='lat' dir='ltr'><strong>&amp;con-</strong></span> 
     </span>
     <span class='ocr_line' id='line_1_94' title="bbox 1384 2851 2434 2903; baseline 0.001 -14"><span class='ocrx_word' id='word_1_667' title='bbox 1384 2853 1519 2901; x_wconf 85' lang='lat' dir='ltr'><strong>stitutis</strong></span> <span class='ocrx_word' id='word_1_668' title='bbox 1536 2852 1654 2890; x_wconf 83' lang='lat' dir='ltr'><strong>diebus</strong></span> <span class='ocrx_word' id='word_1_669' title='bbox 1671 2865 1710 2889; x_wconf 84' lang='lat' dir='ltr'><strong>ac</strong></span> <span class='ocrx_word' id='word_1_670' title='bbox 1737 2852 1905 2903; x_wconf 80' lang='lat' dir='ltr'><strong>menfibus</strong></span> <span class='ocrx_word' id='word_1_671' title='bbox 1919 2880 1929 2896; x_wconf 93' lang='lat'><strong>,</strong></span> <span class='ocrx_word' id='word_1_672' title='bbox 1955 2861 1999 2890; x_wconf 57' lang='grc' dir='ltr'><strong>δ’</strong></span> <span class='ocrx_word' id='word_1_673' title='bbox 2020 2851 2059 2887; x_wconf 81' lang='lat' dir='ltr'><strong>in</strong></span> <span class='ocrx_word' id='word_1_674' title='bbox 2079 2851 2182 2897; x_wconf 84' lang='lat' dir='ltr'><strong>fastis</strong></span> <span class='ocrx_word' id='word_1_675' title='bbox 2201 2852 2305 2899; x_wconf 65' lang='lat' dir='ltr'><strong>statis</strong></span> <span class='ocrx_word' id='word_1_676' title='bbox 2325 2853 2434 2902; x_wconf 79' lang='lat' dir='ltr'><strong>obser—</strong></span> 
     </span>
     <span class='ocr_line' id='line_1_95' title="bbox 1389 2901 2434 2953; baseline 0.002 -13"><span class='ocrx_word' id='word_1_677' title='bbox 1389 2903 1592 2941; x_wconf 82' lang='lat' dir='ltr'><strong>vationibus</strong></span> <span class='ocrx_word' id='word_1_678' title='bbox 1613 2913 1824 2940; x_wconf 83' lang='lat' dir='ltr'><strong>annotatae.-</strong></span> <span class='ocrx_word' id='word_1_679' title='bbox 1854 2904 1891 2939; x_wconf 91' lang='lat' dir='ltr'><strong>in</strong></span> <span class='ocrx_word' id='word_1_680' title='bbox 1919 2901 2042 2953; x_wconf 84' lang='lat' dir='ltr'><strong>quibus</strong></span> <span class='ocrx_word' id='word_1_681' title='bbox 2057 2903 2230 2952; x_wconf 84' lang='lat' dir='ltr'><strong>praecipue</strong></span> <span class='ocrx_word' id='word_1_682' title='bbox 2239 2903 2434 2949; x_wconf 78' lang='lat' dir='ltr'><strong>servantur</strong></span> 
     </span>
     <span class='ocr_line' id='line_1_96' title="bbox 1391 2951 2433 3003; baseline 0.001 -12"><span class='ocrx_word' id='word_1_683' title='bbox 1391 2955 1568 3003; x_wconf 81' lang='lat' dir='ltr'><strong>Agonalia</strong></span> <span class='ocrx_word' id='word_1_684' title='bbox 1593 2981 1603 2997; x_wconf 95' lang='lat'><strong>,</strong></span> <span class='ocrx_word' id='word_1_685' title='bbox 1641 2953 1884 2991; x_wconf 77' lang='lat' dir='ltr'><strong>carmentalia</strong></span> <span class='ocrx_word' id='word_1_686' title='bbox 1903 2980 1913 2997; x_wconf 93' lang='lat'><strong>,</strong></span> <span class='ocrx_word' id='word_1_687' title='bbox 1954 2951 2166 2999; x_wconf 84' lang='lat' dir='ltr'><strong>Lupercalia.</strong></span> <span class='ocrx_word' id='word_1_688' title='bbox 2203 2955 2433 3003; x_wconf 84' lang='lat' dir='ltr'><strong>Conceptivae</strong></span> 
     </span>
     <span class='ocr_line' id='line_1_97' title="bbox 1384 3002 2435 3055; baseline 0.002 -14"><span class='ocrx_word' id='word_1_689' title='bbox 1384 3005 1473 3054; x_wconf 90' lang='lat' dir='ltr'><strong>sunt</strong></span> <span class='ocrx_word' id='word_1_690' title='bbox 1486 3033 1496 3049; x_wconf 92' lang='lat'><strong>,</strong></span> <span class='ocrx_word' id='word_1_691' title='bbox 1524 3018 1610 3053; x_wconf 86' lang='lat' dir='ltr'><strong>quae</strong></span> <span class='ocrx_word' id='word_1_692' title='bbox 1630 3004 1816 3055; x_wconf 83' lang='lat' dir='ltr'><strong>quotannis</strong></span> <span class='ocrx_word' id='word_1_693' title='bbox 1836 3003 1862 3041; x_wconf 70' lang='grc' dir='ltr'><em>ὰ</em></span> <span class='ocrx_word' id='word_1_694' title='bbox 1890 3002 2149 3051; x_wconf 59' lang='lat' dir='ltr'><strong>lulagistratibus</strong></span> <span class='ocrx_word' id='word_1_695' title='bbox 2169 3003 2228 3039; x_wconf 83' lang='lat' dir='ltr'><strong>vel</strong></span> <span class='ocrx_word' id='word_1_696' title='bbox 2244 3006 2435 3042; x_wconf 82' lang='lat' dir='ltr'><strong>Sacerdoti-</strong></span> 
     </span>
     <span class='ocr_line' id='line_1_98' title="bbox 1391 3054 2434 3104; baseline 0 -11"><span class='ocrx_word' id='word_1_697' title='bbox 1391 3055 1453 3093; x_wconf 85' lang='lat' dir='ltr'><strong>bus</strong></span> <span class='ocrx_word' id='word_1_698' title='bbox 1473 3055 1707 3104; x_wconf 82' lang='lat' dir='ltr'><strong>concipiuntur</strong></span> <span class='ocrx_word' id='word_1_699' title='bbox 1723 3057 1761 3093; x_wconf 85' lang='lat' dir='ltr'><strong>in</strong></span> <span class='ocrx_word' id='word_1_700' title='bbox 1782 3055 1852 3092; x_wconf 84' lang='lat' dir='ltr'><strong>dies</strong></span> <span class='ocrx_word' id='word_1_701' title='bbox 1870 3054 1926 3091; x_wconf 79' lang='lat' dir='ltr'><strong>vel</strong></span> <span class='ocrx_word' id='word_1_702' title='bbox 1946 3063 2049 3090; x_wconf 84' lang='lat' dir='ltr'><strong>certos</strong></span> <span class='ocrx_word' id='word_1_703' title='bbox 2074 3054 2132 3089; x_wconf 80' lang='lat' dir='ltr'><strong>vel</strong></span> <span class='ocrx_word' id='word_1_704' title='bbox 2148 3054 2254 3091; x_wconf 88' lang='lat' dir='ltr'><strong>etiam</strong></span> <span class='ocrx_word' id='word_1_705' title='bbox 2275 3057 2434 3094; x_wconf 79' lang='lat' dir='ltr'><strong>incertos:</strong></span> 
     </span>
     <span class='ocr_line' id='line_1_99' title="bbox 1393 3105 2436 3156; baseline -0.001 -12"><span class='ocrx_word' id='word_1_706' title='bbox 1393 3117 1432 3144; x_wconf 82' lang='lat' dir='ltr'><strong>ut</strong></span> <span class='ocrx_word' id='word_1_707' title='bbox 1444 3108 1531 3155; x_wconf 84' lang='lat' dir='ltr'><strong>sunt</strong></span> <span class='ocrx_word' id='word_1_708' title='bbox 1558 3106 1703 3143; x_wconf 86' lang='lat' dir='ltr'><strong>Latinae</strong></span> <span class='ocrx_word' id='word_1_709' title='bbox 1722 3135 1733 3151; x_wconf 90' lang='lat'><strong>,</strong></span> <span class='ocrx_word' id='word_1_710' title='bbox 1771 3105 1966 3154; x_wconf 77' lang='lat' dir='ltr'><strong>Paganalia</strong></span> <span class='ocrx_word' id='word_1_711' title='bbox 1985 3132 1996 3149; x_wconf 91' lang='lat'><strong><em>‚</em></strong></span> <span class='ocrx_word' id='word_1_712' title='bbox 2033 3105 2268 3148; x_wconf 77' lang='lat' dir='ltr'><strong>sementinae,</strong></span> <span class='ocrx_word' id='word_1_713' title='bbox 2297 3107 2436 3156; x_wconf 87' lang='lat' dir='ltr'><strong>Compi-</strong></span> 
     </span>
     <span class='ocr_line' id='line_1_100' title="bbox 1391 3155 2441 3197; baseline 0 -3"><span class='ocrx_word' id='word_1_714' title='bbox 1391 3157 1494 3195; x_wconf 81' lang='lat' dir='ltr'><strong>talia.</strong></span> <span class='ocrx_word' id='word_1_715' title='bbox 1554 3158 1730 3194; x_wconf 70' lang='lat' dir='ltr'><strong>Nfiapor..</strong></span> <span class='ocrx_word' id='word_1_716' title='bbox 1785 3155 2001 3193; x_wconf 80' lang='lat' dir='ltr'><strong>Sementinae</strong></span> <span class='ocrx_word' id='word_1_717' title='bbox 2032 3155 2207 3192; x_wconf 83' lang='lat' dir='ltr'><strong>Arundel.</strong></span> <span class='ocrx_word' id='word_1_718' title='bbox 2247 3157 2355 3194; x_wconf 85' lang='lat' dir='ltr'><strong>Laeti</strong></span> <span class='ocrx_word' id='word_1_719' title='bbox 2394 3159 2441 3197; x_wconf 72' lang='lat'><strong>&amp;¹</strong></span> 
     </span>
     <span class='ocr_line' id='line_1_101' title="bbox 1391 3204 2434 3258; baseline -0.001 -11"><span class='ocrx_word' id='word_1_720' title='bbox 1391 3210 1556 3258; x_wconf 79' lang='lat' dir='ltr'><strong>quinque</strong></span> <span class='ocrx_word' id='word_1_721' title='bbox 1576 3209 1646 3245; x_wconf 86' lang='lat' dir='ltr'><strong>alii.</strong></span> <span class='ocrx_word' id='word_1_722' title='bbox 1674 3208 1875 3244; x_wconf 80' lang='lat' dir='ltr'><strong>Sementiva</strong></span> <span class='ocrx_word' id='word_1_723' title='bbox 1897 3207 2047 3256; x_wconf 86' lang='lat' dir='ltr'><strong>septem.</strong></span> <span class='ocrx_word' id='word_1_724' title='bbox 2074 3204 2220 3250; x_wconf 86' lang='lat' dir='ltr'><strong>Urfini,</strong></span> <span class='ocrx_word' id='word_1_725' title='bbox 2248 3207 2434 3247; x_wconf 86' lang='lat' dir='ltr'><strong>Petavian.</strong></span> 
     </span>
     <span class='ocr_line' id='line_1_102' title="bbox 1393 3255 2431 3298; baseline 0 -1"><span class='ocrx_word' id='word_1_726' title='bbox 1393 3262 1432 3297; x_wconf 68' lang='grc' dir='ltr'><strong>ὅ(</strong></span> <span class='ocrx_word' id='word_1_727' title='bbox 1455 3259 1582 3297; x_wconf 82' lang='lat' dir='ltr'><strong>decem</strong></span> <span class='ocrx_word' id='word_1_728' title='bbox 1604 3260 1677 3296; x_wconf 85' lang='lat' dir='ltr'><strong>alii.</strong></span> <span class='ocrx_word' id='word_1_729' title='bbox 1730 3258 1930 3295; x_wconf 73' lang='lat' dir='ltr'><strong>Sementita.</strong></span> <span class='ocrx_word' id='word_1_730' title='bbox 1959 3255 2060 3294; x_wconf 82' lang='lat' dir='ltr'><strong>Voff.</strong></span> <span class='ocrx_word' id='word_1_731' title='bbox 2090 3257 2306 3295; x_wconf 83' lang='lat' dir='ltr'><strong>Sementitia.</strong></span> <span class='ocrx_word' id='word_1_732' title='bbox 2360 3259 2431 3298; x_wconf 87' lang='lat' dir='ltr'><strong>Sed</strong></span> 
     </span>
     <span class='ocr_line' id='line_1_103' title="bbox 1393 3308 2433 3360; baseline -0.002 -11"><span class='ocrx_word' id='word_1_733' title='bbox 1393 3310 1489 3360; x_wconf 90' lang='lat' dir='ltr'><strong>apud</strong></span> <span class='ocrx_word' id='word_1_734' title='bbox 1515 3310 1674 3350; x_wconf 86' lang='lat' dir='ltr'><strong>Varron.</strong></span> <span class='ocrx_word' id='word_1_735' title='bbox 1699 3310 1760 3349; x_wconf 86' lang='lat' dir='ltr'><strong>lib.</strong></span> <span class='ocrx_word' id='word_1_736' title='bbox 1781 3322 1807 3350; x_wconf 88' lang='lat'><strong>1.</strong></span> <span class='ocrx_word' id='word_1_737' title='bbox 1829 3320 1907 3359; x_wconf 86' lang='lat' dir='ltr'><strong>cap.</strong></span> <span class='ocrx_word' id='word_1_738' title='bbox 1930 3320 1987 3350; x_wconf 85' lang='lat'><strong>11.</strong></span> <span class='ocrx_word' id='word_1_739' title='bbox 2023 3308 2074 3348; x_wconf 84' lang='lat' dir='ltr'><strong>bis</strong></span> <span class='ocrx_word' id='word_1_740' title='bbox 2093 3309 2312 3348; x_wconf 75' lang='lat' dir='ltr'><strong>sementivae</strong></span> <span class='ocrx_word' id='word_1_741' title='bbox 2320 3310 2433 3356; x_wconf 74' lang='lat' dir='ltr'><strong>seriae</strong></span> 
     </span>
    </p>

    <p class='ocr_par' dir='ltr' id='par_1_35' title="bbox 2307 3370 2437 3400">
     <span class='ocr_line' id='line_1_104' title="bbox 2307 3370 2437 3400; baseline 0.008 -1"><span class='ocrx_word' id='word_1_742' title='bbox 2307 3370 2437 3400; x_wconf 84' lang='lat' dir='ltr'><strong>occur-</strong></span> 
     </span>
    </p>
   </div>
  </div>
 </body>
</html>
