2495 3675
514 181 1460 253 FASTORUM
1571 182 1876 249 L1B.I.

2209 207 2270 246 11

404 312 526 368 Ede
551 310 700 366 fimul
723 305 973 366 caussam,
1010 318 1107 356 cur
1131 299 1202 355 de
1228 299 1543 355 coelestibus
1566 317 1700 358 unus
1717 343 1733 369 ‚

481 385 666 458 Sitque
691 379 838 453 quod
866 380 894 431 a
919 390 1103 447 terg0,
1141 374 1310 447 fitque
1337 373 1488 446 quod
1511 388 1666 439 ante,
1705 376 1872 433 vides,

404 456 565 512 Haec
590 471 691 524 ego
717 469 843 506 curn
869 449 1052 505 sumtis
1081 448 1333 518 agitarem
1359 459 1540 502 mente
1565 448 1797 513 tabellis;

479 525 740 585 Lucidior
766 524 871 578 visa
894 521 993 585 est,
1033 537 1194 593 quam
1218 519 1320 574 fuit
1346 533 1498 583 ante,
1535 520 1744 578 domuS.

303 622 368 675 95
408 603 556 658 Tum
580 598 721 652 sacer
745 595 962 667 ancipiti
984 592 1257 648 mirandus
1279 593 1509 665 imagine
1526 592 1689 663 Janus

470 673 602 727 Bina
627 686 818 742 repens
843 668 1010 723 oculis
1035 667 1230 721 obtulit
1259 684 1351 720 ora
1374 667 1522 720 meis.

405 743 698 816 Obstupui;
739 740 977 812 sensique
1002 752 1152 794 metu
1178 737 1387 812 riguisse
1412 740 1654 810 capillos:

479 818 547 871 Et
576 815 813 888 gelidum
841 814 1015 867 subito
1041 813 1242 884 frigore
1268 811 1450 885 pefius
1474 825 1603 867 erat.

407 892 496 947 Ille
522 904 707 944 tenens
733 887 924 942 dextra
947 886 1191 940 baculum
1214 931 1225 948 ‚
1265 887 1576 959 clavemque
1602 883 1831 950 finistra,

263 983 362 1021 100

473 962 660 1018 Edidit
688 960 785 1014 hos
810 960 962 1014 nobis
992 977 1087 1013 ore
1111 959 1291 1030 priore
1314 959 1486 1013 sonos,

405 1037 567 1093 Disce
586 1072 600 1096 ‚
638 1046 785 1087 metu
815 1032 1010 1104 posim,
1052 1045 1197 1086 vates
1224 1032 1447 1103 operose
1475 1031 1715 1096 dierum,

479 1107 647 1181 Quod
677 1106 811 1177 petis
838 1132 849 1161 :
895 1108 947 1158 δε
973 1123 1134 1160 voces
1157 1105 1375 1176 percipe
1399 1119 1581 1159 mente
1608 1123 1765 1161 meas,

410 1182 511 1239 Me
536 1181 713 1236 Chaos
741 1179 944 1250 antiqui
972 1179 1118 1247 (nam
1143 1196 1225 1232 res
1251 1178 1365 1231 sum
1391 1177 1578 1249 prisca)
1606 1178 1885 1234 vocabant.

482 1253 746 1327 Adspice,
784 1253 944 1323 quam
969 1251 1114 1322 longi
1138 1251 1397 1321 temporis
1420 1249 1531 1304 asia
1554 1268 1757 1307 canam.

139 1476 149 1479 ‘⁷
172 1469 234 1521 85.
259 1465 423 1519 spectac}
453 1465 585 1516 Speffat
603 1475 696 1502 unus
712 1461 803 1501 liber
825 1461 863 1500 ὃς
881 1459 1167 1511 excerpt.Dou-

123 1535 202 1563 zae.
224 1521 401 1569 conspectat
420 1517 551 1555 Voffii.

174 1586 234 1631 87.
260 1582 365 1621 Salve
374 1580 462 1629 festa
478 1578 588 1628 dies.]
618 1577 674 1616 Ita
691 1577 771 1627 lege
784 1589 831 1615 ex
842 1575 1025 1615 veteribus
1038 1587 1167 1615 exem-

123 1637 278 1688 plaribus
313 1634 350 1670 &
387 1632 541 1669 ratione.
589 1630 758 1667 Crem«.
791 1628 1018 1667 Vetustiores
1048 1627 1164 1672 libri,

125 1694 246 1726 Laeta.
274 1682 523 1733 Apologetico
551 1680 771 1718 Tertulliani
797 1691 876 1729 cap.
909 1691 967 1729 35.
1005 1684 1081 1716 Cur
1110 1678 1166 1716 die

126 1738 213 1775 laeto
229 1749 297 1774 non
316 1732 457 1771 Laureis
475 1731 574 1782 postes
596 1730 870 1770 obumbramus?
893 1729 1038 1769 Auctor
1051 1729 1168 1769 Odia·

127 1790 210 1828 viae
221 1814 234 1834 ,

471 1843 534 1893 sed
555 1854 699 1882 movent
719 1843 806 1881 laeto
823 1843 879 1881 die

176 1897 324 1948 pulsata
337 1895 466 1947 palmis
479 1897 615 1944 pestora
642 1909 684 1936 (9-
692 1895 796 1943 fusae
819 1908 947 1934 comae.

129 1967 278 2006 Hiems.
303 1962 447 2002 Eadem
466 1963 618 2001 varietas
637 1975 673 2000 v.
693 1961 731 1999 T
734 1960 802 1999 rist.
826 1974 890 1999 111.
914 1973 948 2010 3.

180 2040 240 2076 90.
269 2025 414 2063 Graecia
442 2038 570 2063 numen
598 2022 740 2070 habet.]
771 2022 861 2060 Inde
881 2022 1094 2060 Athenaeus
1114 2018 1176 2058 lib.

131 2092 193 2119 xv,
221 2070 301 2115 (J‘rn
328 2076 436 2119 Γκνός
466 2075 481 2112 ὁ
515 2070 600 2120 παρ’
623 2074 702 2118 ἡμῖν
732 2074 840 2118 Θεὸς,
876 2072 912 2110 ἓν
937 2075 1000 2111 ua?
1029 2073 1174 2118 πατέρα

130 2129 438 2175 προσαγορεύομεν.
467 2127 644 2164 ΝΕΑΡοῐ..

180 2193 240 2230 92.
267 2179 384 2230 Sitque
413 2177 504 2227 quod
531 2190 554 2213 a
582 2187 696 2226 tergo,
715 2173 831 2226 fitque
849 2175 940 2224 quod
959 2173 1084 2224 ante.]
1114 2175 1173 2211 Id-

131 2245 194 2282 que
212 2232 249 2268 in
271 2237 429 2278 utroque
449 2229 536 2266 loco
555 2227 774 2276 ponendum
797 2226 946 2265 suadent
968 2225 1173 2276 priscilibri.

133 2284 247 2321 IDEM.
277 2280 382 2329 quue
399 2280 489 2329 quod
510 2278 536 2316 a
555 2289 644 2327 tergo
667 2278 732 2326 est,
758 2277 862 2327 idque
880 2278 963 2323 alii,
989 2277 1049 2315 sed
1068 2276 1175 2327 pejo-

130 2335 176 2373 ris
195 2341 317 2371 notae.
346 2331 466 2368 Scribe
480 2358 492 2375 ‚

184 2396 306 2445 Fitque
327 2394 416 2444 quod
436 2392 461 2430 a
480 2403 569 2443 tergo
582 2421 593 2439 ,
616 2392 727 2444 fitque
748 2392 839 2445 quod
856 2401 963 2438 ante,
991 2391 1100 2430 vides.

137 2459 228 2496 infra
245 2459 307 2496 lib.
330 2470 365 2495 v.
387 2470 468 2508 123.

189 2522 305 2558 Stulta
318 2550 327 2566 ‚
354 2523 451 2558 videt
472 2525 594 2566 Janus
605 2551 615 2566 ‚
644 2537 732 2570 quae
744 2524 812 2570 post
815 2525 884 2570 sua
895 2534 989 2572 terga
997 2533 1178 2571 geruntur.

135 2584 209 2622 huc
230 2584 323 2620 refer
344 2581 551 2620 Perfianum
575 2580 686 2624 illud,
717 2581 786 2618 Sat.
809 2592 837 2618 1.
860 2581 918 2628 58.

189 2654 218 2684 Ο
240 2647 339 2693 Jane
351 2674 362 2692 ‚
390 2645 416 2683 ιὶ
437 2656 527 2694 tergo
546 2658 646 2695 quem
670 2644 771 2680 nulla
793 2644 921 2681 ciconia
937 2642 1054 2692 pinsit.

139 2713 350 2752 Macrobius
381 2712 621 2750 Saturnalium
648 2710 741 2747 libro
769 2710 896 2756 primo
922 2721 999 2757 cap.
1029 2720 1063 2753 7.
1104 2709 1176 2756 Post

138 2765 186 2801 ad
206 2765 346 2810 Janum
361 2762 474 2810 fhlum
496 2774 637 2810 regnum
657 2760 835 2796 redactum
857 2759 900 2803 est
914 2788 923 2803 ‚
944 2760 1005 2809 qui
1026 2760 1177 2796 creditur

137 2815 310 2864 geminam
330 2814 458 2861 faciem
485 2809 697 2861 praetulisse,
727 2822 766 2847 ut
785 2824 872 2860 quae
891 2821 997 2854 ante,
1024 2824 1178 2859 quaeque

136 2865 203 2914 pofl
230 2875 360 2913 tergum
386 2865 505 2912 eſjent,
532 2863 736 2899 intueretur.
763 2862 856 2911 quod
873 2861 988 2910 procul
1007 2861 1109 2897 dubio
1122 2861 1178 2906 xad

136 2916 360 2965 prudentiam
372 2918 455 2962 regis
464 2913 716 2962 sollertiamque
726 2913 941 2959 referendum
953 2911 1007 2957 est.
1028 2912 1138 2949 Hem
1148 2926 1179 2953 s,

193 2989 254 3024 93.
283 2975 464 3025 Tabellis.]
497 2976 577 3011 Hae
596 2974 675 3012 sunt
697 2973 759 3010 hie
780 2986 845 3022 pro
860 2974 1008 3011 schedis:
1023 2973 1178 3011 cumlit-

142 3029 262 3066 teratis
290 3027 434 3076 loquor.
476 3027 648 3062 ΝΕΑΡοι..
693 3025 805 3062 rlaut.
840 3025 964 3062 Pseud.
1004 3038 1028 3062 1.
1061 3037 1113 3061 ιν.
1143 3023 1178 3060 8.

145 3075 258 3126 Qafi
277 3081 379 3115 Po'e'm
399 3076 538 3113 tabulas
559 3089 635 3113 cum
656 3076 737 3124 cepit
754 3073 830 3123 sibi.
860 3077 1010 3113 Dooza.
1037 3082 1106 3112 Hoc
1123 3087 1178 3122 ego

115 3160 118 3163 Δ
146 3128 286 3178 Gryph.
312 3128 477 3175 agitarem
500 3128 538 3163 in
555 3138 666 3164 mente
685 3128 836 3164 Tliuan.

199 3192 256 3226 94.
287 3186 381 3215 Ante
409 3178 564 3222 domna]
600 3179 677 3214 Dies
707 3187 877 3226 excerpta
905 3178 1020 3215 Vossii
1039 3205 1047 3220 ‚
1082 3176 1178 3213 Poli-

151 3228 237 3267 tiani
262 3232 298 3266 ὃ(
328 3229 446 3267 codex
481 3229 701 3266 Erfurranus-
739 3228 842 3276 quod
872 3241 941 3266 nec
973 3227 1177 3266 absurdum:

153 3290 237 3315 nam
274 3279 388 3326 ipsum
425 3280 571 3316 coelum
603 3281 715 3329 magis
740 3279 903 3317 lucidum
932 3278 1186 3329 adp-arentibus

153 3328 219 3366 diis
243 3329 436 3370 videbatur.
464 3330 546 3368 Val.
568 3330 661 3369 Flac.
684 3343 719 3370 v,
748 3329 830 3378 183.

1973 1342 2070 1393 105
2107 1324 2272 1382 Luci«a

1367 1472 1467 1484 ·--·
1488 1460 1599 1512 fimul
1614 1459 1749 1499 aethere
1763 1460 1869 1512 plena
1888 1464 2019 1512 corusco

1273 1511 1406 1551 Pallas.

1222 1562 1330 1602 &ita
1352 1565 1479 1614 paffim
1500 1564 1652 1603 Poetae.
1680 1563 1812 1603 Euam,

1273 1630 1332 1678 96.
1361 1631 1528 1681 Repens.]
1564 1637 1704 1682 Repente
1725 1631 1831 1671 multi
1851 1633 1982 1682 scripti.
2002 1633 2109 1672 male.
2132 1633 2205 1673 vid.
2227 1633 2274 1674 ad

1222 1679 1284 1732 1ib.
1307 1693 1377 1719 ΧΠ.
1401 1683 1497 1720 Met.
1519 1683 1578 1721 61.

1280 1756 1342 1794 97.
1378 1745 1582 1795 Extimui.]
1639 1745 1798 1785 Codices
1850 1748 2053 1792 meliores,
2116 1747 2278 1796 obstupui.

1229 1796 1375 1835 Hiems.
1403 1797 1590 1836 Excrucior
1612 1797 1785 1847 Excerpt.
1806 1797 2092 1850 Voffii.senfique
2102 1812 2189 1837 meos
2201 1798 2279 1838 duo

1229 1847 1310 1886 libri
1331 1849 1370 1886 ὅ(
1389 1847 1559 1886 Bernens.

1283 1925 1346 1963 99.
1375 1913 1437 1951 Ille
1459 1925 1576 1952 tenens
1596 1914 1759 1953 baculum
1779 1914 1947 1965 dextra]
1978 1916 2067 1954 Non
2091 1916 2192 1954 aliter
2205 1914 2280 1953 vidi

1232 1964 1357 2003 cusum
1388 1965 1425 2003 in
1458 1967 1622 2004 nummis
1652 1967 1758 2015 hujus
1788 1966 2047 2005 simulacrum:
2080 1968 2117 2004 in
2149 1967 2280 2016 quibus

1231 2015 1323 2053 istud
1350 2017 1388 2054 δε
1414 2016 1555 2055 rectum
1587 2019 1740 2062 notavi,
1770 2019 1808 2056 &
1837 2018 1964 2056 sedens
1987 2019 2024 2055 in
2055 2017 2211 2066 bipede;
2241 2025 2280 2056 at

1232 2066 1402 2105 baculum
1425 2068 1462 2105 in
1484 2067 1617 2106 sinistra
1642 2069 1767 2107 etiam.
1796 2069 1973 2107 NEAPOL.

1277 2143 1337 2180 99.
1366 2131 1582 2183 clavemque
1598 2132 1781 2187 finistra.]
1810 2134 1884 2173 Adi
1900 2134 2140 2173 Macrobium
2155 2134 2279 2183 primo

1228 2181 1487 2223 Saturnalium.
1516 2186 1632 2224 IDEM.
1660 2186 1884 2237 clavamque
1903 2198 2009 2225 unus.

1285 2262 1365 2289 102.
1394 2258 1440 2290 Et
1460 2267 1557 2296 voces
1577 2253 1704 2303 concipe
1714 2263 1826 2290 mente
1837 2252 1967 2301 meas.]
1998 2250 2136 2288 Eadem
2154 2261 2282 2288 exem-

1230 2301 1339 2350 plaria
1356 2330 1367 2346 ,
1402 2305 1547 2354 percipe.
1574 2303 1673 2343 vere.
1702 2316 1814 2353 quam
1844 2302 2045 2341 lectionem
2068 2301 2222 2351 agnovit
2243 2302 2282 2338 &

1233 2352 1383 2392 Marsus.
1413 2356 1581 2394 CioFAn.
1610 2356 1651 2393 ln
1677 2355 1946 2404 l-larnburgenli
1968 2362 2067 2395 erat,
2096 2355 2188 2389 vires
2204 2363 2280 2399 per-

1233 2403 1300 2450 cipe
1318 2416 1431 2442 mente
1450 2420 1542 2444 meas
1563 2423 1572 2443 .·
1603 2419 1678 2444 non
1701 2406 1818 2448 male;
1848 2414 1887 2442 ut
1900 2417 1990 2442 mox
2003 2402 2147 2449 officium
2161 2413 2277 2438 meam

1231 2453 1287 2496 Ju'ls.
1311 2457 1392 2494 116.
1416 2458 1453 2494 δέ
1479 2468 1560 2506 133.
1588 2460 1645 2493 vis
1664 2470 1739 2493 mea
1752 2467 1900 2492 narrata
1917 2455 1970 2500 est.
2000 2454 2142 2490 ΗειΝς.
2171 2452 2278 2488 Sic&

1233 2505 1326 2540 vires
1353 2508 1391 2542 &
1423 2520 1517 2542 voces
1549 2515 1777 2552 permutatae
1808 2505 1902 2551 apud
1933 2503 1993 2539 Sil.
2018 2502 2166 2538 ltal.1v.
2186 2501 2274 2543 608.

1229 2553 1357 2599 percipe
1380 2565 1469 2590 vero
1489 2566 1565 2590 non
1589 2555 1824 2598 mutandum,
1844 2565 1920 2602 quo
1935 2553 2047 2590 verbo
2061 2551 2163 2600 saepe
2177 2553 2212 2588 in
2226 2552 2281 2589 his

1231 2601 1330 2686 fibris
1354 2604 1482 2648 utitur,
1504 2614 1543 2641 ut
1566 2605 1696 2648 inffis.
1722 2606 1801 2642 166.
1829 2608 1918 2642 612.
1940 2615 1992 2640 xv.
2013 2601 2098 2650 638.
2124 2605 2161 2640 ὀί
2184 2603 2280 2640 alibi.

1267 2664 1366 2689 uum.

1287 2730 1368 2767 103.
1398 2717 1458 2755 Me
1478 2719 1591 2757 Chaos
1611 2718 1790 2769 antiqui.]
1822 2719 1921 2756 Hinc
1941 2718 1997 2756 illa
2017 2717 2061 2755 ab
2080 2718 2217 2757 eisdem
2233 2718 2280 2757 de

1232 2769 1325 2815 Jano
1356 2769 1509 2807 relicsta:
1541 2772 1614 2819 §Qui
1645 2773 1767 2806 cundia
1790 2769 1894 2818 fingit
1914 2798 1924 2813 ,
1959 2769 2143 2818 eademque
2167 2772 2275 2818 regit,

1231 2833 1343 2867 aquae
1361 2831 1536 2869 terraeque
1557 2824 1632 2857 vim
1654 2834 1694 2856 ac
1713 2830 1881 2856 naturam
1890 2833 2036 2868 gravem
2049 2849 2058 2864 ,
2088 2831 2278 2870 atquepre-

1234 2883 1319 2907 nam
1346 2871 1384 2906 in
1409 2873 1619 2918 profundum
1642 2872 1872 2913 dilabentem,
1901 2872 1989 2918 ignis
2009 2882 2113 2921 atque
2133 2885 2274 2907 ammae

1232 2921 1369 2965 levem,
1395 2922 1604 2969 immensum
1633 2924 1669 2958 in
1694 2923 1842 2970 sublime
1853 2924 2045 2969 flagrentem
2062 2949 2071 2964 ,
2102 2922 2278 2971 copulavit

1233 2973 1446 3008 circumdato
1476 2974 1577 3008 caelo:
1609 2986 1697 3021 quae
1716 2973 1771 3008 vis
1791 2973 1874 3007 caeli
1896 2973 2057 3007 maxima
2077 2972 2165 3007 duas
2184 2975 2277 3008 vires

1232 3023 1382 3071 dispares
1402 3023 1587 3071 colligavit
1620 3025 1724 3060 verba
1747 3023 1826 3060 sunt
1847 3023 1938 3060 illius
1953 3024 2005 3059 Μ.
2020 3022 2190 3060 Mellalac
2205 3025 2274 3060 Cn.

1234 3074 1394 3111 Domitii
1437 3076 1470 3110 in
1504 3075 1704 3112 Consulatu
1733 3075 1909 3122 collegae.
1950 3074 2126 3111 NEAPOL.
2165 3076 2278 3111 Aem-

1231 3138 1340 3175 quum
1368 3125 1485 3163 Vosfii
1516 3125 1647 3163 codex.

1288 3187 1352 3224 103
1397 3183 1492 3212 Nam
1508 3177 1588 3223 sam
1610 3175 1698 3224 rer]
1727 3176 1803 3224 Q!
1825 3175 1882 3212 vel
1905 3188 1991 3224 quae
2004 3176 2085 3222 sum
2103 3175 2272 3221 Excerpt.

1235 3225 1336 3265 Voss.
1358 3240 1442 3263 nam
1458 3226 1538 3274 sam
1562 3242 1609 3262 res
1631 3227 1781 3264 Tliuzin.
1795 3227 1874 3274 sum
1896 3241 1945 3262 res
1966 3239 2050 3261 nam
2071 3226 2186 3262 Stroz.

1301 3290 1378 3323 ¹04·
1406 3277 1563 3326 Aspice]
1598 3278 1717 3330 Accipe
1740 3279 1877 3316 Moreti
1896 3288 1987 3315 unus
2008 3276 2191 3323 &septem
2206 3272 2276 3311 alii.

1245 3330 1282 3367 ὅ(
1304 3328 1452 3379 quidam
1475 3329 1575 3367 editi.

1453 3379 1480 3417 Β
1507 3391 1528 3418 2

2079 3387 2111 3412 1¹.
2128 3388 2157 3422 5.
2185 3375 2284 3423 {Luae
