2495 3675
221 174 338 243 '538

712 170 772 228 P.
848 166 1262 228 0V1D11
1333 161 1870 235 NASONIS

544 269 696 326 Alter
719 271 945 326 humum
961 307 977 334 ‚
1019 268 1090 323 de
1114 269 1220 340 qua
1244 265 1513 336 fingantur
1538 265 1759 336 pocula,
1797 271 2079 328 monstrat:

400 362 503 415 490

612 344 876 417 Quaeque
905 343 1068 397 docet
1092 338 1300 411 liquido
1328 337 1456 391 testa
1483 335 1543 391 s1t
1567 350 1687 410 apta
1712 355 1880 394 mem.

547 416 702 471 Talia
726 416 917 472 fumosi
942 414 1199 468 luduntur
1223 412 1403 466 mense
1428 410 1783 473 Decembris;

623 492 779 561 Quae
803 491 999 542 damno
1027 486 1156 540 nulli
1182 483 1530 555 composuisse
1557 483 1672 540 fuit.

551 563 655 619 His
684 581 786 632 ego
815 563 1074 629 deceptus
1097 576 1208 612 non
1233 557 1397 611 tristia
1425 558 1659 612 carmina
1685 557 1820 621 feci;

627 630 740 689 Sed
759 634 911 687 trillis
936 632 1142 685 nostros
1169 648 1342 702 poena
1369 631 1544 686 secuta
1563 631 1731 702 jocos,

397 699 507 782 '495
550 709 797 777 Denique
825 722 924 759 nec
950 704 1114 759 video
1139 705 1208 758 de
1236 718 1317 758 tot
1343 704 1689 760 scribentibus
1715 720 1911 769 unum,

624 781 807 850 Quem
833 779 919 831 sua
947 777 1244 848 perdiderit
1270 777 1447 831 Musa:
1486 791 1727 850 repertus
1755 795 1874 848 ego,

551 854 735 926 Quid?
777 852 814 906 fi
838 849 1141 920 scripfiss‘em
1168 851 1389 912 mim08‚
1431 849 1690 905 obscaena
1707 850 1979 921 jocanteS,

623 926 734 998 Qui
763 925 968 996 semper
992 922 1100 978 fiffl
1125 923 1330 979 crimen
1355 923 1549 978 amoris
1573 924 1800 978 habent?

262 1198 301 1237 δε
319 1196 406 1234 huic
427 1192 544 1232 studio
571 1191 715 1240 penitus
733 1188 892 1234 addidi,
919 1187 1111 1238 negligunt
1141 1196 1203 1228 aut
1228 1199 1308 1227 rem

262 1248 460 1287 militarem
490 1253 551 1282 aut
574 1243 735 1281 civilem.
781 1242 880 1279 Cum
908 1240 1135 1279 honestiores
1157 1240 1218 1278 vel
1241 1251 1309 1277 vo·

260 1299 408 1348 luptatis
427 1294 565 1339 caussa,
590 1302 630 1332 ut
659 1303 680 1329 a
704 1294 864 1342 negotiis
895 1292 1045 1340 publicis
1074 1293 1112 1329 &
1138 1291 1311 1329 oneribus

262 1351 298 1388 se
318 1356 546 1392 recrearent,
574 1345 633 1382 vel
651 1352 691 1382 ut
711 1345 872 1393 corporis
892 1343 1055 1381 firmitati
1067 1341 1311 1387 consulerent,

262 1400 392 1439 utilem
425 1399 522 1436 illam
558 1398 679 1434 famae
702 1423 713 1440 ,
761 1396 858 1434 vitae
897 1395 936 1432 ὃ(
973 1395 1148 1432 membris
1187 1393 1312 1432 crede-

261 1459 344 1490 rent
365 1450 682 1488 exercitationem.
710 1458 789 1484 non
810 1458 898 1496 ergo
919 1446 1014 1484 hanc
1035 1455 1151 1483 artem
1173 1444 1236 1483 liic
1256 1455 1312 1483 re-

261 1503 397 1551 spicere
417 1509 508 1550 puto
531 1498 733 1537 Nasonem.
776 1496 1086 1536 Francofurtenfis
1107 1495 1225 1534 codex
1247 1496 1310 1534 ha-

264 1553 393 1594 bebat,
422 1552 477 1589 hic
503 1561 616 1588 artem
646 1548 728 1597 disci
752 1548 930 1600 praecipit.
964 1548 1068 1598 quod
1096 1559 1114 1585 a
1140 1547 1310 1586 Librario

262 1617 342 1643 non
363 1613 455 1653 puto
474 1601 683 1652 profedum
699 1628 709 1646 ,
731 1601 771 1638 &
792 1600 931 1638 discum
951 1600 1081 1638 melius
1102 1610 1188 1637 cum
1208 1598 1310 1637 Tro-

263 1656 336 1694 clio
358 1654 535 1703 conjungi
565 1661 656 1701 puto
671 1679 681 1695 ,
708 1661 819 1700 quam
845 1659 1018 1688 venatum
1035 1678 1044 1694 ‚
1072 1658 1135 1687 aut
1151 1650 1310 1687 natatio-

261 1719 366 1746 nem.
393 1705 505 1743 Disco
515 1713 638 1742 autem
652 1702 685 1739 se
698 1701 895 1740 exercuisse
907 1702 1102 1740 Romanos
1118 1713 1163 1738 ex
1177 1701 1311 1738 Horat.

263 1771 294 1796 1.
313 1756 387 1794 Od.
411 1756 499 1793 8.&
522 1755 597 1792 aliis
620 1761 731 1802 patet.
747 1765 823 1791 non
847 1762 974 1790 tamen
999 1752 1085 1790 ideo
1109 1752 1190 1800 quis
1217 1752 1312 1789 hanc

262 1808 466 1847 leetionem
487 1805 655 1854 repudiet
669 1831 678 1846 ,
707 1805 791 1853 quia
812 1803 901 1841 nibil
919 1803 1031 1855 etiam
1055 1801 1313 1840 illaudabile&

262 1859 392 1898 inutile
412 1856 535 1895 videat
558 1857 595 1893 in
609 1855 693 1892 disci
712 1863 808 1893 arte:
838 1863 914 1892 erat
931 1855 1031 1892 enim
1044 1865 1085 1892 ea
1096 1855 1313 1891 exercitatio

265 1911 305 1949 &
325 1921 401 1947 non
425 1906 629 1946 admodum
652 1904 867 1951 necessaria,
895 1907 934 1943 δε
953 1905 1039 1943 ideo
1060 1906 1182 1942 minus
1205 1903 1313 1942 usita-

265 1970 302 2000 ta
323 1961 405 1998 viris
424 1957 660 2001 militaribus,
687 1957 746 1995 sed
776 1958 895 2005 pueris
925 1964 1070 1994 tantum
1100 1956 1138 1992 δε
1161 1955 1313 2004 juveni·

266 2012 332 2050 bus
352 2012 623 2060 frequentatus,
652 2015 691 2045 ut
713 2020 758 2046 ex
775 2009 862 2046 loco
888 2008 1033 2045 Horatii
1055 2014 1177 2055 patet,
1205 2006 1243 2043 &
1263 2006 1313 2044 ita

265 2064 366 2102 reete
387 2056 519 2099 trocHo
537 2059 704 2108 jungitur
724 2086 734 2103 ‚
770 2071 883 2108 quem
915 2059 952 2095 δε
982 2058 1100 2105 pneris
1121 2056 1181 2094 dat
1203 2057 1314 2094 Mart.

265 2126 348 2152 xxv,
379 2112 461 2151 168.
484 2111 527 2148 δε
547 2110 723 2147 Horatius
734 2110 870 2147 lib.111.
899 2108 1042 2152 Od.24.
1070 2107 1131 2145 ubi
1150 2119 1235 2145 cum
1248 2119 1313 2145 ve-

265 2173 395 2203 natum
416 2164 454 2201 &
474 2160 664 2209 equitandi
682 2169 797 2199 artem
818 2162 911 2198 inter
930 2158 1096 2197 honestas
1116 2156 1313 2204 retulisset,

267 2215 468 2254 Trochum
492 2214 527 2250 δε
547 2211 667 2249 aleam
688 2212 825 2261 legibus
839 2211 990 2248 vetitam
1008 2238 1018 2255 ‚
1045 2211 1162 2258 pueris
1180 2209 1230 2247 sui
1251 2220 1313 2246 ae-

267 2268 307 2304 vi
329 2266 442 2314 magis
466 2263 665 2312 appetitam
697 2261 796 2300 dicit.
825 2262 884 2300 sed
916 2262 953 2298 ὃς
987 2263 1065 2298 Art.
1094 2263 1198 2309 poe't.
1221 2259 1309 2310 380.

267 2317 404 2366 pilam,
428 2315 567 2353 discum
594 2315 631 2350 δε
654 2314 827 2351 trochum
849 2312 1069 2362 conjungit,

322 2380 546 2429 Jndoermque
559 2376 673 2427 pilae,
701 2377 829 2426 discive
850 2405 859 2421 ,
887 2375 1043 2414 trochive
1062 2375 1212 2425 quiescit.

269 2452 311 2483 ut
335 2444 447 2493 pilam
481 2443 519 2480 ὅτ
546 2441 718 2478 nochum
752 2439 914 2488 Propert.
937 2437 997 2476 lib.
1024 2449 1088 2475 111.
1119 2449 1191 2475 x11.
1213 2437 1248 2475 6.
1277 2436 1315 2473 &

271 2495 406 2533 Noster
429 2505 493 2533 ω.
521 2491 631 2529 Trist.
659 2501 730 2526 xir.
756 2502 812 2538 19.
841 2492 879 2527 ὃς
911 2501 978 2526 111.
1008 2489 1088 2526 Art.
1120 2488 1205 2536 383.
1241 2487 1318 2525 vid.

271 2547 408 2595 Rigalt.
427 2544 473 2583 ad
492 2541 674 2580 Artemid.
689 2540 885 2578 Oneirocr.
905 2551 1058 2589 pag.23.
1084 2548 1175 2588 puto
1189 2548 1314 2576 autem

270 2596 455 2634 librarium
479 2593 681 2644 quemdam
705 2622 717 2635 .
752 2604 838 2630 cum
866 2590 1050 2640 reperiflet
1078 2602 1214 2627 vocem
1235 2589 1319 2637 disci

272 2655 478 2684 truncatam
527 2645 663 2683 ultimis
697 2645 808 2682 literis
848 2654 893 2680 ex
931 2642 1048 2690 prima
1084 2641 1215 2690 syllaba
1258 2640 1316 2685 di,

275 2696 396 2734 fecisse
417 2695 539 2733 nandi.
589 2696 624 2733 Si
647 2694 736 2744 quid
764 2695 895 2731 rectius
924 2693 1004 2741 quis
1031 2692 1321 2740 excogitaverit,

274 2758 351 2783 non
374 2747 562 2784 invidebo.
586 2745 645 2783 sed
666 2755 778 2782 artem
797 2743 909 2781 nandi
928 2742 1062 2780 eodem
1077 2754 1236 2780 numero
1257 2743 1321 2779 lia-

278 2797 352 2834 beri
371 2825 379 2839 ,
406 2810 482 2845 quo
503 2798 580 2835 alea
594 2825 603 2840 ,
642 2796 712 2844 pila
741 2798 779 2832 &
802 2794 951 2832 trochus
971 2822 980 2837 ‚
1009 2805 1027 2830 a
1048 2794 1163 2831 Poeta
1181 2793 1321 2836 nollro,

277 2858 355 2884 non
378 2857 480 2894 puto.
502 2849 538 2884 in
569 2859 646 2885 uno
673 2848 786 2884 etiarn
817 2845 932 2894 reperi
960 2844 1053 2883 libro
1078 2873 1089 2891 ,
1114 2843 1172 2882 ille
1201 2843 1322 2889 chori,

277 2908 390 2947 quare
415 2897 550 2945 posset,

332 2962 495 2999 saltandi
516 2963 571 3000 hic
592 2975 704 3002 artem
720 2964 903 3015 praecipit,
928 2963 987 3001 ille
1005 2963 1109 3002 chori.

281 3030 458 3069 nimirum
480 3029 666 3072 saltandi,
689 3039 729 3068 ut
751 3031 844 3067 solus
864 3030 946 3067 scite
973 3030 1094 3075 saltet,
1124 3029 1252 3075 Chori,
1280 3038 1322 3068 ut

278 3080 576 3167 choreasssducat.
611 3081 655 3118 de
675 3081 861 3118 saltatione
890 3090 1011 3118 autem
1036 3082 1095 3120 hic
1115 3094 1221 3131 agere
1243 3093 1322 3120 non

278 3140 396 3172 vacat.
457 3143 552 3169 uam.

331 3202 415 3250 487.
447 3201 615 3248 Fuscandi
639 3201 790 3251 calerna]
822 3201 988 3250 Fuscum,
1016 3200 1191 3248 fignificat
1203 3211 1322 3242 atrum

281 3254 321 3291 &
343 3255 500 3301 nigrum.
548 3253 649 3290 Hinc
673 3253 711 3290 fit
739 3252 890 3289 verbum
914 3254 1064 3298 fuscare.
1103 3253 1191 3290 Hoc
1213 3254 1325 3292 dicit:

278 3304 457 3345 Docuere
476 3305 587 3344 etiam
608 3304 689 3351 alii,
717 3314 756 3342 ut
780 3303 1101 3344 fuscosredderent
1115 3302 1325 3344 adolescen-

2354 1053 2412 1112 In

1364 1196 1418 1227 tes
1441 1190 1636 1227 Romanos
1659 1192 1671 1234 3
1704 1188 1802 1227 varia
1824 1189 2027 1228 certamina
2056 1190 2177 1239 campi
2199 1189 2350 1236 Martii,
2377 1192 2430 1233 in·

1364 1240 1496 1288 quibus
1516 1251 1671 1289 corpora
1702 1239 1921 1278 exercebant
1943 1254 1951 1278 :
1991 1240 2055 1291 qui
2077 1242 2180 1279 color
2209 1243 2247 1280 in
2269 1251 2419 1288 amante
2470 1272 2471 1277 ,

1365 1290 1588 1329 laudabatur.
1608 1291 1712 1340 quod
1731 1290 1804 1340 ipse
1823 1293 1999 1341 praecipit
2030 1293 2067 1330 in
2089 1292 2181 1330 Arte
2204 1293 2351 1332 amandi
2368 1306 2436 1333 eoz

1368 1343 1497 1381 versu:
1527 1342 1733 1380 Munditiae
1754 1342 1937 1392 placeant,
1958 1343 2142 1392 fuscentur
2167 1354 2302 1395 corpora
2323 1337 2447 1388 cam-Q·

1362 1402 1431 1443 pos.
1460 1395 1652 1432 MERULA.
1680 1394 1762 1443 Ego
1787 1393 1997 1443 simpliciter
2018 1395 2208 1444 intelligo,
2235 1392 2449 1446 quosdam

1367 1444 1536 1494 scripsisse
1558 1447 1741 1484 rationem
1764 1453 1875 1495 atque
1887 1454 2003 1483 artem
2016 1446 2184 1493 fuscandi
2196 1447 2332 1491 coloris,
2347 1447 2437 1496 hocz¹
2472 1487 2473 1490 ,

1369 1495 1443 1541 est,
1472 1496 1570 1535 unde
1594 1497 1698 1535 color
1719 1498 1884 1546 corporis
1911 1496 2029 1535 fuscus
2057 1496 2287 1536 redderetur:
2316 1510 2394 1538 non
2406 1511 2426 1546 ,t

1365 1555 1407 1586 ut
1430 1547 1599 1592 Merula,
1627 1559 1762 1597 genera
1792 1550 2065 1593 certaminum,
2094 1560 2256 1599 quorum
2281 1550 2440 1602 exemi-32

1365 1599 1507 1637 tatione
1544 1610 1677 1648 corpus
1724 1599 1744 1637 a
1789 1599 1863 1638 sole
1900 1607 2012 1651 atque
2053 1603 2138 1638 ae're
2181 1600 2441 1655 colorareturq
2472 1629 2473 1634 ,

1366 1649 1546 1688 Mrcrtt.
1574 1650 1840 1689 Eruditiffimus
1859 1652 2011 1699 Juvenis
2035 1651 2192 1698 Jacobus
2213 1652 2439 1698 Roverius‚.j.

1366 1700 1551 1750 eleganter
1561 1701 1713 1747 fucandi
1730 1702 1887 1751 legebat.
1900 1704 2021 1741 minus
2038 1703 2138 1741 enim
2160 1703 2302 1750 placet,
2314 1702 2418 1752 quod

1367 1752 1536 1790 nonnulli
1557 1752 1595 1789 id
1615 1752 1661 1790 ad
1684 1754 1967 1792 exercitationes
1990 1754 2183 1791 Romanae
2202 1753 2413 1801 Juventutis
2436 1758 2441 1803 J
2474 1800 2475 1805 ¹

1367 1804 1527 1841 referant
1543 1831 1553 1846 ‚
1581 1802 1628 1840 de
1655 1803 1787 1850 quibus
1806 1804 1923 1842 Poeta
1943 1804 2054 1848 dixit,
2076 1806 2261 1853 fuscentur
2282 1803 2440 1858 corporaeg

1369 1863 1498 1904 campo.
1525 1854 1790 1893 Dmflmns.
1817 1855 1975 1892 Fucandi
1990 1867 2035 1892 ex
2055 1856 2177 1893 tribus.
2206 1855 2431 1897 Nemefian.-ss

1369 1906 1407 1943 in
1430 1907 1628 1950 Carmine,
1642 1905 1746 1955 quod
1767 1917 1959 1955 perperam
1982 1905 2244 1956 Cynegeticon
2261 1905 2441 1958 inscribiy

1369 1964 1438 1995 tur.
1464 1956 1517 1999 Ji's.
1538 1967 1624 2006 310.

1420 2027 1495 2059 Has
1514 2021 1622 2070 igitur
1642 2021 1745 2059 vario
1759 2022 1892 2074 semper
1912 2024 2038 2071 fucare
2057 2036 2188 2061 veneno

1419 2078 1518 2109 Cura
1540 2072 1604 2110 tibi
1617 2101 1627 2117 ‚
1655 2072 1836 2124 niveisque
1858 2074 1943 2111 alios
1961 2074 2097 2122 miscere
2117 2074 2248 2113 colores.

1368 2123 1517 2162 Hfims.
1545 2123 1593 2162 Et
1613 2123 1774 2161 Fucandi
1789 2124 1899 2163 habet
1916 2124 2239 2164 Francofurtensis.

1419 2186 1505 2231 488.
1532 2186 1598 2223 Hic
1617 2187 1724 2231 epulis
1741 2187 1855 2237 Ieges.]
1915 2188 2018 2225 Male
2047 2189 2138 2224 haec
2156 2186 2200 2224 ad
2227 2185 2418 2228 scientiam

1367 2237 1528 2287 popinae
1550 2237 1660 2274 refert
1679 2238 1824 2275 Merula
1840 2265 1850 2281 ‚
1871 2249 1982 2286 quam
1995 2237 2147 2284 Apicius
2161 2236 2335 2285 profeffus
2355 2239 2424 2284 est,

1366 2288 1412 2326 de
1435 2299 1507 2336 qua
1534 2287 1688 2337 quidem
1717 2287 1896 2336 plurimos
1923 2289 2154 2326 Graecorum
2184 2287 2350 2335 scripsisse
2373 2300 2422 2328 ex

1369 2338 1568 2377 Athenaeo
1589 2337 1718 2387 liquet.
1731 2338 1805 2376 vid.
1824 2339 1886 2377 lib.
1899 2351 1987 2377 xut.
2000 2339 2286 2387 3.·γαςρολογῖαυ
2305 2339 2418 2379 etiam

1369 2391 1430 2428 vel
1451 2389 1688 2435 γοιςρονομίαεν
1709 2389 1929 2427 Archestrati
1948 2391 2052 2437 saepe
2068 2390 2190 2427 laudat
2210 2389 2323 2427 idem.
2345 2402 2418 2440 ego

1372 2439 1498 2479 tamen
1518 2440 1685 2489 intelligo
1711 2442 1773 2478 hic
1801 2442 1924 2489 potius
1954 2442 2052 2489 leges
2072 2440 2243 2484 bibendi,
2272 2442 2421 2490 quasin

1374 2492 1488 2539 epulis
1528 2492 1566 2529 ὃς
1596 2490 1960 2529 commessationibus
1984 2519 1995 2536 ‚
2033 2492 2201 2529 convivis
2231 2492 2269 2528 ὅ(
2299 2491 2422 2540 hospi-

1371 2544 1465 2581 tibus
1486 2542 1628 2580 dicebat
1658 2542 1833 2581 dominus
1863 2543 2054 2587 convivii,
2083 2543 2178 2580 forte
2199 2541 2347 2580 electus.
2374 2542 2423 2581 de

1374 2595 1504 2643 quibus
1531 2595 1660 2631 omnia
1681 2594 1880 2632 notissima.
1905 2594 1954 2631 ita
1983 2593 2066 2642 leges
2088 2601 2197 2630 vocat
2223 2592 2356 2630 Horat.
2376 2604 2428 2633 115

1376 2646 1491 2694 Satyr.
1523 2657 1577 2682 vx.
1603 2645 1664 2682 68.
1693 2646 1730 2683 ὃς
1763 2644 1886 2683 Catul.
1905 2645 2034 2683 Carm.
2054 2656 2198 2683 xxvur.
2240 2643 2300 2682 sed
2329 2645 2439 2684 haece:

1375 2697 1497 2734 obvia.
1526 2695 1657 2733 BURM.

1429 2760 1514 2787 400.
1543 2752 1648 2782 Docet
1665 2746 1835 2797 liquida]
1894 2752 2024 2785 Decens
2049 2747 2158 2785 Palat.
2188 2748 2225 2785 δε
2255 2745 2330 2784 duo
2352 2746 2427 2786 alii.

1378 2798 1415 2835 δε
1438 2799 1510 2836 Ms.
1531 2797 1667 2836 Bersm.
1696 2797 1807 2835 medio
1828 2811 1919 2836 mero
1945 2799 2033 2846 Jun.
2062 2798 2173 2836 nitido
2204 2798 2291 2836 duo.
2321 2797 2426 2835 tacito

1378 2861 1484 2887 unns.
2489 2880 2495 2889 .

1429 2912 1515 2947 49¹·
1541 2899 1642 2936 Talia
1661 2898 1874 2947 laniantum]
1925 2897 2034 2937 Talia
2055 2899 2134 2937 vasa
2159 2898 2383 2938 celebrantur
2400 2896 2424 2936 ἢ

1375 2952 1494 2998 poetis
1523 2950 1736 2987 Saturnalib.
1767 2949 1948 2988 Decemb.
1981 2951 2116 2988 mense.
2171 2950 2285 2988 Unde
2314 2951 2423 2988 ctiam
2488 2976 2495 2999 Ξ

1376 3001 1584 3038 Martial.in
1605 3001 1881 3048 Apophoretis,
1910 2999 2026 3037 calices
2045 3001 2264 3038 Surrentinos
2282 3000 2423 3045 iaudat,

1375 3063 1419 3089 ac
1440 3053 1550 3089 ctiam
1571 3051 1789 3099 Saguntinos.
1818 3052 2011 3090 ΜειωιΑ.
2046 3052 2145 3088 Talia
2168 3053 2329 3101 intellige
2349 3061 2425 3088 car·
2492 3097 2495 3103 Ι

1381 3103 1481 3140 mina
1504 3129 1514 3146 ,
1543 3101 1617 3139 five
1648 3105 1837 3150 poemata.
1856 3111 1896 3141 ut
1917 3103 1959 3140 fit
1978 3101 2115 3139 dietum
2133 3130 2143 3146 ‚
2172 3102 2273 3139 Talia
2295 3102 2422 3138 ludun-
2485 3111 2495 3145 ’ς

1380 3164 1440 3190 tur
1462 3181 1472 3197 ‚
1512 3165 1577 3200 pro
1599 3181 1609 3196 ,
1648 3165 1711 3200 per
1735 3154 1852 3192 lusum
1886 3162 2165 3201 componuntur
2193 3165 2240 3189 eo
2279 3152 2424 3197 mense,
2490 3161 2495 3188 ε

1380 3203 1531 3254 quando
1553 3203 1753 3241 Saturnalia
1775 3211 1954 3252 aguntur,
1982 3203 2112 3252 quibus
2140 3204 2266 3242 diebus
2286 3204 2424 3242 summa

1380 3267 1500 3293 rerum
1528 3254 1674 3291 licentia
1705 3254 1754 3291 est
1776 3282 1787 3298 ,
1813 3254 2014 3306 ludereque
2045 3255 2199 3305 impune
2228 3255 2422 3304 antiquitus

1379 3303 1605 3356 permissum.
1631 3305 1808 3357 M1crtt.

2241 3367 2324 3407 491.
2350 3360 2419 3400 Fufi
