2495 3675
203 171 308 236 644

359 350 426 386 10

367 721 430 770 15

373 1085 445 1120 20

233 1332 343 1372 natali
358 1330 488 1369 Ovidii
509 1337 680 1379 tempore
698 1324 865 1364 videatur
875 1323 987 1362 Notis
1006 1322 1052 1362 ad
1074 1321 1287 1371 Cenotaph.

236 1384 359 1423 Pisana
380 1380 470 1420 Diis.
494 1392 547 1418 iv.
568 1392 647 1429 pag.
675 1390 760 1416 202.
1069 1424 1076 1431 .

288 1438 323 1472 6.
351 1439 444 1471 Cum
466 1432 586 1469 cecidit
602 1434 681 1478 fato
705 1427 817 1477 consul
838 1437 980 1477 uterque
999 1424 1107 1475 paru]
1138 1420 1286 1480 Eodem

235 1497 336 1524 anno
358 1493 462 1522 natus
487 1483 533 1520 est
555 1483 593 1520 Ex·
622 1480 792 1519 Tibullus
807 1507 818 1524 ,
843 1481 907 1527 qui
937 1479 1012 1515 hoc
1027 1475 1104 1525 ipso
1126 1484 1288 1513 carmine

235 1537 336 1575 idem
360 1534 563 1585 fignificans
583 1533 662 1571 usus
685 1531 731 1569 est
754 1530 881 1578 Elegia
901 1539 936 1565 v.
964 1529 1023 1566 lib.
1042 1538 1107 1565 111.

288 1600 461 1639 Natalem
481 1600 591 1649 primo
611 1598 761 1645 nostrum
782 1594 900 1631 videre
914 1603 1094 1649 parentes,

338 1658 432 1690 Cum
454 1650 573 1689 cecidit
591 1651 666 1695 sato
686 1647 800 1696 consul
823 1655 966 1696 uterque
985 1653 1077 1693 pari.

238 1716 324 1754 Fuit
343 1721 467 1752 autem
497 1714 558 1750 hic
588 1723 704 1750 annus
734 1709 845 1747 Urbis
864 1707 1037 1746 conditae
1066 1718 1186 1744 nccx.
1213 1716 1290 1754 quo

244 1777 344 1803 anno
383 1765 621 1813 eloquentiae
652 1763 849 1800 Romanae
886 1760 1013 1797 lurnen
1052 1758 1184 1795 Cicero
1225 1768 1288 1793 ex-

237 1816 373 1854 tinctus
392 1815 452 1852 est.
490 1815 548 1853 De
565 1815 694 1851 i-lircio
716 1813 753 1850 &
776 1809 885 1848 Pansa
907 1808 1004 1847 Cois.
1024 1820 1118 1857 quos
1139 1810 1212 1863 hoc
1231 1807 1288 1844 lo-

239 1879 286 1912 co
314 1866 482 1915 intelligit
503 1868 613 1913 po'e'ta
636 1893 645 1908 ‚
684 1863 732 1900 fic
765 1861 961 1899 Cornelius
989 1860 1142 1897 Tacitus
1176 1859 1236 1895 lib.
1260 1869 1289 1895 1.

240 1918 325 1956 Sive
346 1917 445 1965 hostis
462 1915 560 1960 illos,
587 1915 644 1962 seu
675 1915 826 1963 Pansam
855 1924 1027 1948 venenum
1054 1908 1196 1965 vulneri
1223 1908 1293 1943 ad-

235 1971 385 2017 fusum,
415 1966 541 2004 milites
567 1966 727 2003 Hircium
750 1993 761 2010 ,
790 1974 833 2003 <9¹
858 1963 1079 2001 machinator
1106 1960 1176 1998 doh
1203 1964 1291 1996 Cae·

235 2019 302 2070 sar
320 2018 523 2068 abstulerat.
551 2019 719 2056 δῖοι-ΑΝ.

296 2089 330 2124 7.
353 2077 479 2129 ιδ’ἰιῃιὶά
501 2077 538 2115 id
561 2078 627 2124 est,
655 2091 760 2128 usque
779 2075 880 2125 wa]
936 2073 1037 2113 Libri
1056 2073 1207 2123 quidam
1230 2084 1297 2128 ve:

244 2137 337 2168 teres
354 2156 365 2173 ,
391 2128 504 2180 'siquis
524 2141 565 2168 ω’
584 2128 609 2166 ὰ
626 2130 779 2179 proavis.
806 2139 884 2165 non
906 2127 1037 2174 placet.
1065 2126 1247 2179 Cronia·
1262 2128 1299 2162 St

245 2180 323 2232 quis
344 2190 387 2219 (9²
405 2179 430 2217 ὰ
447 2181 588 2229 proavis
620 2193 726 2230 usque
757 2178 799 2225 est
814 2206 825 2222 ‚
852 2178 910 2214 vel
924 2175 959 2225 fi
977 2176 1062 2227 quid
1081 2204 1090 2220 ,
1120 2173 1294 2216 vetustio-

245 2243 302 2275 res
323 2242 459 2279 magno
483 2243 652 2269 numero.
679 2231 739 2267 alii
759 2229 874 2266 aliter.
910 2229 1015 2275 Lego
1029 2254 1039 2271 ,

299 2292 335 2330 Si
357 2292 444 2343 quid
461 2291 499 2330 id
521 2290 547 2328 Ξι
571 2291 715 2342 proavis
741 2303 846 2341 usque
875 2288 919 2337 est
942 2298 1043 2326 vetus
1063 2285 1194 2326 ordinis
1215 2286 1296 2326 hae-

425 2356 490 2382 res.

250 2408 387 2448 Amor.
405 2405 467 2446 lib.
488 2419 554 2445 111.
574 2407 676 2456 Eleg.
694 2404 759 2444 ult.

305 2471 342 2508 Si
361 2470 447 2519 quid
469 2471 507 2508 id
528 2471 572 2519 est
586 2499 597 2518 ,
621 2484 730 2521 usque
751 2469 776 2507 ὰ
794 2467 938 2526 proapis
954 2477 1057 2507 vetus
1073 2467 1203 2506 ordinis
1220 2467 1303 2505 hae-

429 2536 494 2560 ΓΗ.

254 2572 298 2609 In
321 2572 505 2612 Ponticis:

308 2634 343 2670 si
360 2649 465 2684 genus
488 2636 644 2674 excutias
657 2665 668 2682 ,
693 2634 823 2685 equites
841 2633 885 2671 ab
905 2634 1032 2685 origine
1048 2634 1166 2685 prima

363 2692 470 2736 Usque
486 2697 545 2737 per
563 2689 763 2725 innumeros
792 2686 1014 2724 inveniemur
1032 2699 1130 2723 avos.

260 2747 406 2786 Heius.
451 2752 486 2787 si
515 2753 599 2800 quid
620 2753 657 2789 id
677 2766 700 2789 a
722 2751 863 2801 proavis
886 2752 1033 2800 superest
1052 2751 1222 2789 Bernens.
1239 2760 1309 2789 nos

262 2799 353 2835 olim
378 2811 560 2848 receptam
591 2804 793 2844 lectionem
824 2801 1036 2840 reduximus
1063 2830 1072 2846 ,
1111 2814 1206 2852 quae
1236 2802 1310 2839 ele-

261 2861 349 2896 gans
371 2852 406 2887 ὃς
433 2853 618 2890 Ovidiana
641 2855 700 2891 est.
740 2865 825 2890 nam
850 2853 949 2890 idem
979 2853 1067 2891 dicit
1090 2865 1154 2891 111.
1176 2855 1309 2891 Amor.

264 2911 326 2936 xv.
355 2914 385 2947 ς.
414 2903 472 2940 ubi
495 2904 590 2940 vide.
616 2906 701 2942 infr.
721 2917 774 2942 iv.
801 2916 846 2941 ex
869 2904 975 2941 Pont.
996 2915 1025 2941 1.
1049 2915 1105 2951 17.

317 2967 380 3000 Da
399 2964 488 3051 milltqi
502 2993 512 3008 ,
531 2965 564 3014 fi
583 2968 668 3017 quid
695 2981 734 3005 ea
763 2967 807 3015 est
819 2995 830 3014 ,
856 2965 1074 3006 hebetantem
1090 2969 1226 3018 peb‘iora
1246 2971 1309 3011 Ι.ε-Δ

440 3026 454 3052 t
483 3029 534 3053 en.

266 3084 402 3123 eodem
425 3084 519 3124 libro
539 3086 637 3134 Eleg.
659 3099 736 3124 xiv.
761 3098 808 3125 η.

318 3151 404 3194 Styx
427 3160 581 3233 quyoqff’
599 3147 633 3195 fi
661 3148 746 3197 quid
773 3162 812 3185 ea
843 3146 907 3194 est,
937 3145 1017 3183 bene
1040 3147 1315 3186 commutabitur

442 3210 459 3232 1·
484 3212 505 3234 14
535 3227 543 3236 ι

266 3253 314 3295 ita
328 3286 338 3302 ,
359 3214 512 3307 quisqluis
531 3259 581 3304 is,
609 3260 782 3313 quidquid
808 3262 847 3300 id
876 3260 929 3309 est.
951 3257 1025 3298 vid.
1044 3257 1182 3301 liban.
1206 3260 1317 3302 Triss.

264 3320 319 3354 au.
341 3312 398 3359 56.
425 3310 560 3356 Burin.

736 157 795 215 P.
871 147 1285 212 OVIDII
1356 144 1888 213 NASONIS

501 255 622 314 Nec
648 258 797 331 stirps
823 259 996 332 prima
1023 254 1101 310 fui
1128 251 1313 324 genito
1336 247 1441 318 jam
1473 246 1636 304 fratre
1661 268 1903 318 creatus;

569 332 679 405 Qui
707 335 870 390 tribus
896 345 1019 385 ante
1046 339 1234 399 quater
1257 319 1520 375 mensibus
1550 337 1699 377 ortus
1726 340 1857 382 erat.

499 405 725 462 Lucifer
752 406 1032 461 amborum
1059 394 1313 452 natalibus
1336 392 1506 450 adfuit
1537 395 1712 450 idem:

583 478 701 535 Una
728 479 992 534 celebrata
1019 470 1093 524 est
1119 487 1209 540 per
1238 468 1350 521 duo
1380 465 1480 520 liba
1513 467 1643 522 dies,

515 551 674 608 Haec
702 554 773 607 est
796 545 1073 604 armiferae
1099 541 1239 596 festis
1264 540 1332 593 de
1359 538 1597 611 quinque
1637 541 1948 608 Minervae,

589 632 741 698 Qiae
769 621 882 677 fieri
907 617 1085 690 pugna
1111 613 1279 686 prima
1305 625 1525 666 cruenta
1556 613 1702 669 solet.

507 699 757 757 Protinus
784 692 1081 750 excolimur
1108 686 1308 749 teneri,
1348 687 1583 758 curaque
1611 692 1841 758 parentis

590 772 728 825 Imus
755 767 822 822 ad
848 765 1074 835 insignes
1100 760 1260 815 Urbis
1297 758 1361 816 ab
1387 773 1498 812 arte
1528 761 1684 815 virOS.

515 844 701 898 Frater
727 841 794 895 ad
815 837 1094 910 *eloquium
1123 832 1280 887 viridi
1308 830 1563 885 tendebat
1589 833 1651 886 ab
1680 853 1843 900 neve,

596 916 778 973 Fortia
803 910 1010 966 verbofi
1033 921 1185 962 natus
1210 904 1276 959 ad
1306 922 1447 958 arma
1475 903 1610 959 Fori.

517 993 595 1047 At
626 988 754 1044 mihi
775 987 881 1057 jam
907 998 1076 1056 puero
1104 976 1346 1034 coelestia
1373 976 1512 1030 sacra
1541 980 1852 1047 placebant;

594 1064 762 1135 Inque
787 1059 939 1116 suum
966 1054 1152 1116 furtim
1177 1050 1336 1109 Musa
1363 1049 1600 1111 trahebat
1628 1069 1777 1125 opus.

2218 1185 2387 1261 Saepe

1390 1321 1427 1360 8.
1457 1326 1538 1359 Non
1558 1320 1655 1359 modo
1668 1322 1986 1368 fbrtunaemunere
1996 1321 2261 1374 fafluseques]
2292 1326 2390 1375 Quia
2441 1356 2445 1367 .

1342 1370 1428 1410 dam
1458 1373 1616 1422 legunt,
1655 1380 1733 1409 Non
1759 1375 1843 1420 sum
1864 1374 2042 1420 fortunae.
2091 1376 2185 1412 male
2215 1379 2391 1415 omnino,
2447 1373 2453 1399 ἶ

1343 1423 1483 1461 Eorum
1507 1433 1631 1461 autem
1665 1425 1863 1462 verborum
1893 1424 1971 1463 talis
2002 1424 2051 1462 est
2078 1425 2172 1462 ordo
2191 1427 2230 1464 ὃ(
2248 1427 2390 1466 sensus:

1343 1474 1428 1524 Ego
1453 1475 1613 1513 Ovidius
1633 1487 1710 1512 non
1739 1475 1816 1513 sum
1839 1476 1959 1513 modo
1977 1475 2092 1514 faetus
2114 1476 2236 1526 Eques
2259 1490 2394 1517 mune·
2444 1484 2448 1494 '

1345 1536 1384 1562 re
1404 1525 1573 1564 fortunae
1597 1555 1605 1569 ,
1634 1525 1692 1563 sed
1716 1525 1736 1562 a
1762 1526 1961 1575 majoribus
1991 1529 2082 1565 meis
2112 1529 2206 1565 hanc
2235 1528 2396 1579 dignita-2

1343 1584 1420 1613 tem
1436 1605 1444 1621 ,
1471 1577 1583 1614 veluti
1604 1577 1844 1614 hereditatem
1862 1605 1872 1621 ,
1887 1590 1949 1625 per
1961 1590 2088 1616 manus
2111 1580 2248 1626 accepi.
2285 1581 2392 1620 [dem

1344 1628 1421 1667 fere
1445 1628 1532 1665 dicit
1561 1626 1611 1663 lib
1643 1639 1709 1666 ιιι.
1740 1629 1926 1664 Amorum
1959 1629 2083 1676 Elegia
2116 1630 2243 1668 ultima
2267 1659 2278 1676 ‚
2315 1643 2394 1681 quo

1343 1677 1433 1716 loco
1458 1678 1624 1723 versum,
1652 1679 1716 1726 qui
1745 1680 1843 1716 hunc
1873 1679 2081 1726 praecedit,
2102 1680 2182 1729 jam
2206 1690 2311 1721 antea
2334 1694 2397 1732 ce-¹

1348 1740 1506 1768 cinerat:

1397 1780 1520 1831 Siquid
1541 1783 1579 1818 id
1597 1782 1661 1827 est,
1691 1795 1796 1831 usque
1814 1780 1839 1819 ὰ
1853 1783 1998 1832 proavis
2021 1794 2121 1822 vetus
2142 1783 2272 1821 ordinis
2285 1784 2393 1832 heres,

1450 1839 1530 1868 Non
1549 1833 1647 1870 modo
1668 1834 1815 1870 militiae
1837 1833 1977 1870 turbine
1988 1835 2108 1881 sacius
2128 1839 2238 1886 Eques

1346 1883 1435 1920 Hoc
1455 1893 1577 1921 autem
1597 1884 1682 1922 ideo
1696 1885 1804 1928 dicit,
1834 1885 1935 1934 quod
1955 1896 2072 1923 aetate
2091 1885 2149 1923 sua
2172 1887 2276 1925 multi
2294 1894 2399 1927 erant

1349 1934 1482 1971 milites
1497 1963 1507 1976 ‚
1536 1935 1669 1984 aliique
1690 1934 1846 1973 obscuro
1874 1936 1960 1973 loco
1980 1938 2052 1975 nati
2073 1937 2269 1982 homines,
2295 1940 2358 1988 qui
2371 1937 2400 1977 ,ὲ

1352 1984 1450 2031 Julio
1473 1985 1648 2030 Caesare,
1679 1987 1714 2023 ὃ(
1737 1986 1780 2022 ab
1815 1987 1978 2035 Augusto
2000 2016 2010 2032 ,
2041 1999 2199 2035 quorum
2229 2001 2341 2038 opera
2361 1991 2403 2029 in

1354 2036 1451 2073 bello
1472 2036 1522 2074 usl
1546 2046 1669 2082 erant,
1699 2049 1785 2074 eum
1808 2037 1990 2085 dignitatis
2002 2039 2154 2087 gradum
2174 2048 2403 2089 acceperant.

1355 2086 1485 2124 Nostia
1504 2088 1628 2136 lingua
1652 2115 1663 2132 ,
1692 2093 1772 2130 Non
1789 2090 1826 2136 ,le
1849 2088 2037 2131 Qavallier
2068 2090 2105 2125 dt'
2126 2101 2268 2140 quattro
2285 2090 2402 2140 giornt'

1349 2146 1408 2186 per
1431 2136 1585 2185 beneficio
1616 2139 1652 2175 di
1679 2140 1833 2179 sbrtuna.
1892 2140 2030 2186 ineptit
2056 2151 2180 2177 autern
2210 2142 2284 2177 hoc
2310 2142 2400 2178 loco

1353 2188 1514 2226 eruditus
1544 2190 1710 2230 Merula.
1734 2191 2129 2238 quialitervdistinguit.
2147 2190 2259 2228 Ctor.
2298 2190 2403 2227 Mili-

1352 2238 1422 2275 tiae
1438 2237 1577 2276 turbine
1589 2241 1707 2287 faetus
1730 2242 1806 2277 duo
1827 2242 1915 2277 libri.
1937 2251 2010 2276 non
2028 2239 2143 2283 male;
2159 2239 2182 2277 fi
2196 2241 2305 2278 etiarn
2321 2254 2406 2286 mu<

1355 2303 1433 2327 nere
1449 2289 1568 2338 legas,
1593 2298 1630 2328 ut
1651 2290 1812 2338 respiciat
1843 2290 1887 2326 ad
1915 2290 2079 2326 tribunos
2103 2291 2402 2339 angusticlavios,

1354 2342 1418 2389 qui
1446 2340 1614 2379 ordinem
1644 2341 1850 2391 equestrem
1868 2352 1931 2390 per
1951 2341 2120 2378 militiam
2144 2342 2406 2392 acquirebant,

1357 2391 1431 2430 vid.
1454 2403 1518 2429 ιιι.
1540 2393 1628 2430 Am.
1648 2403 1710 2430 xv.
1727 2392 1761 2430 6.

1411 2455 1446 2490 9.
1478 2443 1601 2480 Genito
1613 2444 1693 2490 sum
1708 2444 1827 2490 fratre
1847 2443 2018 2494 creatum]
2048 2445 2171 2482 Genito
2180 2445 2261 2494 jam
2273 2444 2408 2485 refflus·

1359 2492 1397 2531 in
1420 2494 1667 2533 Medoniano.
1695 2494 1770 2533 duo
1793 2495 1872 2536 alii,
1900 2496 2013 2543 genito
2024 2493 2110 2545 finer
2131 2497 2282 2536 Heius.

1414 2557 1471 2584 11.
1501 2545 1741 2594 Araborum]
1775 2545 1950 2582 Ambobus
1965 2547 2158 2585 Mediceus
2177 2549 2355 2596 optimus.

1416 2607 1473 2646 13.
1496 2603 1592 2638 Haec
1621 2596 1664 2644 est
1693 2596 1883 2644 armigerae
1898 2597 1994 2644 festis
2023 2597 2064 2634 de
2093 2600 2244 2649 quinque
2271 2599 2410 2636 Miner:
2461 2591 2479 2642 ξ

1362 2659 1453 2692 vae,
1479 2645 1669 2696 Quaefieri
1685 2656 1800 2696 pugna
1818 2647 1934 2696 prima
1965 2659 2106 2685 cruenta
2129 2649 2252 2700 jelen]
2293 2649 2410 2699 Supe-
2444 2674 2457 2688 ι

1363 2700 1438 2736 rius
1457 2710 1595 2735 annurn
1620 2725 1630 2741 ,
1667 2709 1746 2748 quo
1775 2706 1880 2736 natus
1904 2699 1976 2743 est,
2004 2702 2170 2744 notavit;
2197 2712 2298 2739 nunc
2317 2711 2409 2738 vero
2445 2703 2448 2706 ’

1365 2748 1529 2786 mensem
1554 2749 1592 2786 ὅ(
1614 2748 1737 2794 diem,
1755 2750 1840 2788 hoc
1863 2749 1912 2788 est
1937 2762 2025 2788 xm.
2043 2749 2125 2789 Kal.
2156 2752 2308 2801 Aprilis,
2337 2761 2412 2800 qua

1364 2799 1515 2848 quidem
1541 2799 1600 2837 die
1621 2799 1783 2848 primurn
1806 2800 2051 2848 gladiatorum
2075 2813 2210 2840 munus
2233 2802 2413 2848 commit-3

1366 2851 1531 2895 rebatur,
1561 2858 1601 2888 ut
1623 2850 1683 2888 llb.
1703 2864 1766 2890 111.
1794 2851 1883 2890 Fast.
1900 2851 1954 2889 his
1978 2859 2076 2899 patet
2097 2853 2340 2891 carminibus:

1417 2906 1493 2938 Una
1512 2900 1582 2939 dies
1603 2902 1718 2939 media
1741 2902 1805 2947 est,
1833 2913 1876 2942 <9¹
1891 2901 1987 2951 fiunt
1998 2903 2101 2948 fizcra
2128 2903 2308 2941 Minervae
2321 2932 2334 2949 ,

1473 2952 1627 2989 Nomina
1644 2967 1732 3001 quae
1751 2954 1776 2990 ἰι
1790 2954 1920 3001 junctis
1937 2955 2089 3004 quinque
2103 2954 2219 2992 diebus
2247 2954 2364 2993 habet.

1418 3002 1590 3052 Sanguine
1607 3006 1723 3052 prima
1743 3014 1851 3041 vacat
1864 3034 1873 3048 ,
1903 3019 1960 3041 nec
1972 3011 2034 3054 sas
2056 3017 2251 3042 concurrere
2259 3007 2354 3053 ferro
2364 3020 2380 3053 ς,

1475 3052 1591 3101 Causa
1612 3054 1703 3103 quod
1722 3055 1764 3102 est
1781 3055 1844 3092 illa
1865 3067 1952 3092 nata
1977 3057 2145 3090 Minerva
2165 3057 2228 3093 die.

1422 3103 1551 3143 Altera
1565 3132 1574 3148 ‚
1602 3117 1735 3155 tresque
1747 3109 1847 3154 super
1869 3107 1946 3151 raſse
1968 3105 2184 3142 celebrantur
2205 3121 2314 3145 arena
2326 3136 2338 3154 ,

1473 3154 1615 3203 Enfibus
1636 3158 1759 3193 exertis
1778 3157 1896 3193 beliica
1917 3156 2010 3197 laeta
2037 3161 2111 3191 Dea
2132 3158 2185 3201 est.

1370 3205 1558 3246 Falluntur
1585 3207 1646 3256 qui
1670 3219 1748 3243 xiv,
1767 3207 1844 3244 Kal.
1867 3207 1968 3253 April
2004 3206 2252 3253 supputarunt.
2302 3211 2417 3252 Infert

1373 3258 1474 3346 eCnim
1503 3257 1563 3295 hic
1585 3284 1597 3304 ,
1633 3259 1735 3307 §guae
1756 3256 1837 3306 fieri
1861 3267 1980 3307 pugna
2000 3265 2121 3307 prima
2153 3271 2297 3301 cruenta
2322 3262 2419 3310 solet.

1411 3319 1545 3348 xorem.

2260 3372 2318 3411 13.
2345 3364 2424 3411 Ari
