2495 3675
253 170 352 247 598

407 351 477 407 50

266 717 287 731 '⁸
319 719 381 764 ⁷47.
408 723 516 765 Teque
549 711 749 752 rebellatrix
788 711 934 748 tandem
969 710 1163 749 Germania
1197 710 1318 759 magni

272 770 378 816 Triste
398 779 497 817 caput
520 766 662 816 pedibus
681 763 878 814 supposuiffe
907 762 1042 811 ducis.]
1073 763 1133 800 De
1157 762 1316 800 Tiberio

270 820 432 868 intellige
453 821 525 855 hoc
549 819 657 860 loco,
676 816 763 852 vnon
792 813 838 850 de
869 813 1003 850 Druso.
1057 814 1158 850 Nam
1179 812 1316 851 Drusus

271 870 343 913 iam
369 870 488 906 multo
511 875 595 904 ante
615 868 709 904 inter
727 864 845 902 Salam
870 864 906 900 δί
927 863 1103 901 Rhenum
1118 891 1127 907 ‚
1158 872 1197 901 ut
1222 863 1318 901 Stra·

260 914 322 958 'bo
342 929 446 958 autor
466 917 536 962 est,
565 917 622 955 vel
647 926 686 955 ut
707 917 790 959 alii,
817 914 863 951 ad
879 922 988 963 caput
1008 913 1194 963 Visurgis,
1220 914 1318 963 lapsu

270 972 357 1019 equi
377 970 542 1018 perierat.
586 968 758 1005 Tiberius
783 973 906 1002 autem
921 993 932 1010 ,
960 964 1084 1003 occiso
1103 965 1215 1013 paulo
1234 964 1319 1004 ante

272 1021 318 1058 ab
340 1021 516 1058 Arminio
537 1020 576 1057 δε
600 1017 787 1056 Cheruscis
809 1015 997 1064 Quintilio
1020 1017 1146 1060 Varo,
1174 1017 1211 1054 in
1226 1017 1320 1055 Ger-

271 1072 436 1109 maniam
458 1068 579 1108 missus
610 1071 683 1107 hoc
714 1077 885 1116 tempore
916 1068 1008 1112 fuit,
1035 1075 1076 1105 ut
1096 1066 1235 1105 cladem
1259 1079 1320 1106 ac-

272 1132 420 1171 ceptam
446 1121 698 1164 ulcisceretur‚
726 1120 762 1157 &
785 1120 995 1156 Germanos
1013 1119 1051 1156 in
1071 1118 1241 1156 ordinem
1264 1131 1321 1156 re·

274 1172 424 1223 digeret.
454 1173 568 1209 Hunc
587 1183 674 1219 ergo
697 1178 801 1219 optat
823 1172 961 1218 poeta,
989 1168 1156 1213 devicta,
1186 1179 1226 1208 ut
1249 1170 1322 1218 ipse

275 1225 348 1270 ait,
377 1223 598 1262 rebellatrice
619 1222 818 1260 Germania
833 1249 843 1265 ‚
872 1231 956 1258 cum
979 1219 1168 1269 triumpho
1188 1220 1322 1266 redire,

275 1275 388 1325 idque
410 1275 444 1311 se
477 1285 521 1310 ex
552 1274 677 1322 aliquo
698 1272 821 1309 audire
843 1268 955 1320 pofl'e.
1008 1272 1097 1308 Non
1120 1272 1206 1319 quia
1227 1272 1322 1310 Ger-

270 1334 411 1369 manos
429 1324 546 1361 victos
566 1351 575 1367 ,
606 1331 667 1361 aut
685 1323 912 1371 triumphum
935 1322 980 1359 de
1010 1323 1051 1359 iis
1074 1321 1197 1359 actum
1220 1331 1321 1361 certo

276 1383 359 1413 tum
379 1373 506 1418 sciret,
534 1375 592 1411 sed
616 1374 717 1422 quod
738 1371 893 1422 potuiss'e
906 1381 1031 1410 tamen
1045 1373 1127 1410 talia
1149 1372 1224 1410 fieri
1245 1374 1323 1422 spe-

276 1433 394 1470 raret,
422 1432 553 1474 utpote
583 1425 694 1473 longe
718 1422 740 1461 a
772 1425 896 1461 Roma
927 1432 1104 1462 remotus.
1158 1423 1200 1461 Id
1221 1425 1324 1472 quod

272 1477 419 1526 *planius
450 1476 641 1525 aliquanto
671 1474 770 1513 idem
802 1475 896 1512 infra
926 1474 1014 1512 dicit
1043 1474 1136 1511 libro
1164 1483 1325 1524 quarm,

277 1528 384 1576 Eieg.
402 1540 448 1565 11.
474 1528 528 1565 his
561 1525 717 1564 versibus
740 1539 750 1563 ι
778 1525 872 1572 Jam
892 1525 977 1569 fera
1008 1525 1215 1574 Caesaribus
1240 1530 1322 1562 Ger,

279 1579 403 1617 mania
418 1607 427 1623 ‚
452 1588 544 1615 t-etus
565 1588 605 1615 ut
635 1577 724 1614 orbis
739 1605 749 1622 ‚
777 1578 874 1614 vieta
897 1576 999 1623 potest
1017 1575 1103 1624 flexo
1118 1576 1326 1627 succubuisse

277 1643 379 1678 genu.
408 1629 566 1680 Altaque
587 1628 755 1666 velantur
766 1627 908 1677 fortasse
922 1627 1061 1677 palatia
1074 1627 1178 1677 sertis
1192 1656 1202 1672 ‚
1230 1628 1325 1665 Thu·

279 1683 446 1730 taque-in
462 1680 539 1730 igne
550 1681 703 1729 sonant,
730 1678 957 1727 inficiantque
986 1678 1099 1724 diem,
1128 1680 1199 1718 &e
1254 1679 1325 1717 Po-

276 1733 351 1768 tuit
383 1732 482 1768 enim
506 1760 516 1775 ‚
563 1731 716 1780 inquit,
753 1728 975 1768 succubuisse
1005 1730 1206 1768 Germania
1229 1758 1239 1774 ‚
1286 1732 1324 1769 &

278 1779 429 1821 fortasse
449 1783 616 1819 velantur
642 1781 772 1828 palatia
793 1780 903 1818 sertis.
930 1780 1031 1830 quasi
1053 1781 1174 1827 dicat,
1202 1782 1236 1819 se
1249 1793 1325 1820 cer-

279 1838 323 1870 to
341 1832 494 1880 quidem
526 1843 603 1870 non
629 1832 716 1870 scire
737 1859 747 1876 ,
781 1831 840 1869 sed
860 1831 999 1880 sperare
1015 1839 1154 1870 tamen.
1211 1833 1328 1882 Quod

280 1880 330 1920 eo
353 1882 414 1920 hic
431 1883 527 1921 addo
542 1911 552 1928 ,
580 1881 683 1932 quod
711 1883 938 1933 triumphus,
967 1882 1013 1921 de
1032 1895 1109 1933 quo
1133 1887 1244 1932 poe'ta
1266 1896 1331 1922 au-

280 1933 362 1972 dire
382 1935 443 1972 hic
464 1943 592 1982 optat,
619 1932 638 1971 a
664 1934 822 1971 Tiberio
851 1934 951 1972 aetus
979 1946 1056 1972 non
1086 1935 1177 1980 fuit,
1205 1947 1330 1985 neque

279 1984 395 2022 etiam
427 1984 640 2022 rebellantes
671 1986 850 2022 Germani
878 1985 923 2023 ab
952 1984 1016 2023 illo
1044 1985 1139 2024 adeo
1170 1986 1331 2033 domiti,

283 2044 348 2074 aut
366 2034 566 2085 subjugati:
591 2035 651 2072 sed
681 2035 783 2085 quod
812 2035 906 2084 ipse,
935 2048 1020 2073 curn
1052 2048 1116 2085 per
1136 2037 1329 2076 biennium

282 2087 326 2124 in
356 2087 558 2124 Germania
587 2085 706 2124 fuiffet
730 2114 740 2130 ‚
777 2087 918 2134 praeliis
948 2087 1090 2136 aliquot
1113 2095 1209 2126 trans
1232 2089 1331 2128 Rhe-

282 2149 376 2177 num
400 2137 599 2175 commiffis
614 2165 624 2181 ‚
653 2139 816 2175 Romam
838 2137 1010 2184 redierit,
1036 2138 1082 2176 ad
1101 2140 1330 2189 triumphum

283 2188 334 2229 tie
365 2188 496 2238 illyriis
523 2188 706 2236 agendum
735 2216 745 2231 ,
790 2199 905 2236 quern
936 2188 1176 2235 superioribus
1207 2192 1333 2235 annis,

287 2239 430 2280 moesta
452 2239 500 2277 ob
523 2238 665 2276 cladem
696 2239 895 2276 Varianam
927 2238 1098 2282 civitate,
1127 2240 1333 2286 distulerat,

287 2290 397 2331 misso
414 2290 550 2328 eodem
573 2291 696 2338 postea
716 2289 945 2327 Germanico
966 2289 1088 2326 Druso
1109 2290 1185 2328 filio
1199 2320 1208 2335 ‚
1222 2304 1336 2341 quem

289 2346 330 2381 in
351 2342 528 2380 familiam
560 2352 625 2390 per
648 2341 892 2389 adoptionem
924 2339 946 2376 {1
980 2340 1136 2378 Tiberio
1160 2343 1308 2381 ascitum
1325 2371 1335 2387 ‚

288 2405 370 2432 non
389 2391 510 2430 multo
540 2401 624 2429 ante
651 2403 763 2440 qnam
787 2399 1013 2435 moreretur,
1042 2391 1225 2440 Augustus
1247 2393 1336 2431 osto

285 2443 495 2493 legionibus
524 2443 621 2489 apud
654 2443 830 2480 Rhenum
858 2441 1032 2490 imposuit
1057 2455 1065 2479 :
1111 2444 1174 2491 qui
1206 2452 1336 2491 quarto

289 2495 444 2533 demum
469 2505 570 2530 anno
599 2492 677 2542 post
706 2490 889 2530 excessum
923 2491 1099 2541 Augusti,
1127 2492 1337 2540 debellatis,

291 2548 333 2585 'ut
347 2546 418 2593 ipse
440 2543 591 2593 quidem
615 2544 660 2581 de
679 2542 712 2580 se
730 2542 906 2592 pitaram
934 2544 1028 2580 inter
1049 2543 1173 2580 Albim
1188 2545 1224 2581 ἃ
1239 2544 1338 2582 Rhe·

294 2600 386 2642 num
408 2595 620 2633 nationibus
640 2622 651 2638 ,
686 2593 732 2632 de
765 2594 879 2631 Cattis
904 2621 914 2638 ‚
958 2593 1169 2638 Cheruscis,
1200 2595 1237 2631 ὅ(
1258 2595 1337 2633 An-

294 2643 456 2695 grivariis
478 2646 722 2694 triumphavit
736 2651 902 2688 ‚autore
924 2643 1075 2682 Tacito.
1129 2646 1221 2693 Quo
1243 2650 1337 2683 tem·

295 2697 479 2744 porejam
510 2705 678 2734 mortuns
707 2698 819 2743 poeta
852 2694 996 2732 videtur
1024 2693 1127 2732 fuisse
1150 2724 1160 2739 ,
1188 2696 1338 2744 quando

298 2747 376 2794 ejus
395 2746 567 2794 triumphi
585 2774 594 2790 ‚
615 2749 652 2784 in
670 2745 924 2796 posterioribus
937 2745 982 2783 de
992 2745 1116 2783 Ponto
1136 2745 1232 2784 libris
1246 2774 1256 2790 ,
1277 2758 1342 2783 va-

294 2797 636 2835 ticinandotantum
659 2797 855 2840 meminit,
882 2796 1089 2844 praedicere
1111 2796 1342 2846 seinquiens,

300 2847 552 2890 Ger-manico,
580 2848 809 2885 consimilem
841 2847 956 2895 ipsum
990 2847 1218 2895 triumphum
1240 2848 1342 2886 actu-

298 2909 381 2936 rum
407 2898 451 2934 de
472 2897 684 2942 Germanis,
714 2900 771 2942 ei,
800 2909 912 2946 quern
934 2896 1106 2935 Tiberius
1127 2898 1172 2935 de
1190 2898 1342 2936 Dalma-

297 2950 346 2986 ’τίς
370 2948 407 2984 &
429 2947 557 2995 Illyriis
579 2947 713 2996 egisset.
740 2948 857 2996 Quod
878 2958 1000 2985 autem
1021 2949 1080 2985 hic
1098 2948 1201 2986 locus
1219 2948 1342 2998 neque

299 3000 348 3036 de
371 2999 582 3036 Germanici
606 3026 616 3043 ‚
653 3011 774 3048 neque
796 2999 841 3036 de
864 2998 971 3036 Drusi
1000 3000 1192 3047 triumphis
1211 3000 1342 3038 intelli-

301 3049 443 3100 gendus
472 3047 535 3091 sit,
562 3049 622 3086 sed
653 3049 697 3087 de
727 3061 773 3087 co
799 3049 894 3086 bello
916 3077 925 3091 ‚
960 3048 1005 3086 ad
1035 3050 1138 3098 quod
1170 3050 1342 3090 Tiberius

300 3101 477 3150 proximo
509 3098 587 3146 post
619 3098 757 3137 cladem
790 3100 986 3137 Varianam
1007 3111 1106 3138 anno
1128 3101 1165 3138 in
1186 3101 1343 3141 Germa·

302 3153 405 3191 niam
435 3149 620 3199 pror'eftus
660 3151 727 3187 fuit
748 3178 758 3194 ‚
807 3151 916 3188 etiam
949 3159 1163 3199 temporum
1194 3153 1343 3192 collatio

305 3202 456 3240 evincit.
510 3199 652 3248 Scripsit
678 3202 776 3237 enim
804 3202 895 3239 haec
926 3202 1084 3240 Ovidius
1105 3231 1115 3247 ‚
1153 3215 1236 3241 curn
1262 3205 1342 3253 jam

306 3264 468 3297 annum,
494 3260 555 3289 aut
579 3263 656 3289 non
676 3251 795 3289 multo
817 3253 970 3300 amplius
995 3256 1031 3290 in
1061 3254 1182 3291 Ponto
1208 3254 1341 3301 fuisset,

299 3312 436 3359 quarto
466 3313 564 3355 anno
586 3311 669 3342 ante
702 3313 816 3354 quam
846 3303 1027 3353 Angustus
1048 3313 1277 3357 moreretur,
1302 3307 1342 3359 id

707 153 783 214 -Ρ,
857 143 1276 213 OVIDII
1346 136 1888 211 NASONIS
1959 143 2019 151 Ὗ

554 258 717 320 Haec
741 260 875 317 mihi·
896 261 991 335 qui
1018 259 1220 316 referet
1237 297 1252 320 ‚
1287 271 1426 329 quae
1453 270 1564 309 non
1593 253 1780 310 vidisse
1805 255 2038 329 dolebm

591 351 596 355 ·
623 336 711 391 Ille
738 352 888 390 meae
915 333 1100 388 domui
1127 330 1371 403 protinus
1406 327 1594 397 hospes
1621 329 1739 382 erit.

555 407 674 465 Hei
700 409 853 462 mihil
891 406 1068 476 jamne
1095 404 1286 456 domus
1311 402 1566 471 Scythico
1595 401 1819 455 Nasonis
1847 402 1901 456 in
1929 404 2096 461 orbe?

617 481 843 554 Jamque
868 482 1017 532 suum
1042 475 1175 530 mihi
1197 475 1286 530 dat
1313 491 1412 547 pro
1441 473 1583 528 Lare
1609 490 1783 546 poena
1808 475 2021 531 locum?

2347 581 2421 640 Di

1373 710 1475 768 quod
1498 711 1628 760 partim
1662 721 1709 748 ex
1737 709 1915 769 praesenti
1945 711 2072 762 Elegia
2100 713 2283 765 colligitur
2301 746 2312 765 ,
2339 732 2420 770 par.

1374 772 1441 800 tim
1470 773 1514 799 ex
1537 774 1590 800 iv.
1612 763 1658 799 de
1678 763 1824 807 Ponto,
1853 763 1955 812 Eleg.
1979 764 2013 802 6.
2035 765 2095 802 ubi
2116 766 2187 803 ait:

1427 832 1469 863 In
1490 826 1631 874 Scythia
1651 825 1745 863 nobis
1766 827 2002 884 quinquennis
2023 829 2202 880 Olympias
2229 837 2308 873 affla
2327 837 2369 885 est
2381 867 2390 884 ‚

1473 878 1568 923 Jam
1591 887 1721 927 tempus
1742 877 1839 924 lufirz
1858 889 1990 916 transzt
2011 880 2052 918 in
2073 881 2229 924 alterius.
2418 887 2423 896 ²

1375 938 1423 977 Et
1442 951 1533 978 mox
1554 939 1684 978 eadem
1707 940 1855 990 Elegia:

1425 1008 1587 1052 Coeperat
1609 1004 1785 1053 Augustus
1801 1006 1953 1055 deceptae
1971 1005 2136 1056 ignoscere
2156 1009 2291 1060 culpae:
2361 1039 2363 1042 -

1480 1060 1578 1103 Spem
1599 1055 1773 1101 nostram,
1801 1066 1913 1094 terras
1931 1058 2145 1108 deseruitque
2159 1061 2279 1111 fimul.

1429 1107 1545 1155 §Quale
1569 1117 1690 1143 tamen
1706 1107 1804 1155 potui
1823 1108 1864 1145 de
1883 1109 1996 1146 coelite
2009 1137 2020 1154 ‚
2048 1116 2174 1157 Brute,
2205 1116 2355 1163 recenti‚'

1482 1157 1593 1204 Vestra
1609 1157 1729 1207 procul
1742 1155 1867 1208 positus
1887 1172 2027 1198 carmen
2047 1160 2083 1198 in
2099 1169 2162 1199 'ora
2182 1164 2272 1204 dedi.

1377 1217 1435 1256 Ex
1452 1218 1507 1256 his
1527 1220 1627 1257 enirn
1651 1219 1770 1257 verbis
1793 1220 2001 1269 colligitur,
2028 1222 2130 1260 illum
2152 1225 2323 1273 quintum
2342 1230 2421 1276 jam

1377 1281 1515 1307 annum
1537 1270 1574 1307 in
1597 1270 1720 1308 Ponto
1741 1268 1869 1314 fuisse,
1895 1273 1934 1308 &
1955 1271 2091 1310 eodem
2113 1286 2213 1313 anno
2235 1288 2430 1320 mortuum*
2492 1313 2495 1323 ,

1378 1320 1609 1369 Augustum:
1639 1334 1684 1358 ex
1704 1321 1881 1369 praesenti
1897 1331 2021 1360 autem
2045 1323 2192 1374 Elegia,
2223 1340 2334 1366 unam
2348 1334 2436 1372 tan-²
2490 1330 2495 1371 ζ’

1378 1380 1460 1410 tum
1482 1372 1646 1409 hiemem
1668 1370 1965 1418 transiiffe‚dum
1985 1375 2058 1422 ipse
2077 1376 2213 1415 exulat.
2243 1380 2353 1418 Unde
2365 1392 2427 1430 pa&¹
2452 1398 2457 1402 ·
2492 1378 2495 1406 J

1379 1431 1455 1468 tet,
1483 1424 1520 1460 in
1544 1424 1694 1461 exilium
1725 1423 1847 1462 actum
1878 1426 2139 1474 quinquennio
2168 1437 2252 1467 ante
2280 1431 2440 1482 obitum

1381 1473 1535 1523 Augusti
1551 1502 1561 1518 ,
1589 1486 1666 1524 quo
1696 1481 1866 1522 tempore
1898 1475 1936 1512 &
1957 1476 2116 1515 Variana
2140 1479 2258 1518 clades
2279 1490 2431 1532 accepta·-

1383 1523 1454 1562 est:
1483 1524 1527 1562 ad
1547 1536 1659 1573 quam
1681 1525 1923 1563 ulciscendam
1946 1526 2112 1576 sequenti
2132 1532 2308 1577 proximo
2328 1525 2456 1574 annor*
2492 1548 2495 1550 ·

1381 1573 1502 1614 missus
1531 1575 1703 1614 Tiberius
1726 1604 1736 1619 ‚
1762 1577 1840 1624 post
1869 1577 2059 1617 biennium
2084 1607 2094 1623 ‚
2122 1579 2197 1619 hoc
2219 1582 2269 1620 est
2295 1583 2441 1624 ultimo>

1380 1633 1466 1664 ante
1493 1626 1648 1675 Augusti
1668 1635 1829 1679 mortem
1861 1639 1986 1674 anno,
2013 1629 2144 1676 rediit,
2173 1633 2211 1670 δε
2240 1631 2448 1684 Illyricum?

1381 1677 1612 1726 triumphum
1633 1679 1727 1727 egit:
1758 1691 1835 1728 quo
1857 1691 1956 1717 anno
1977 1681 2015 1718 &
2039 1681 2282 1723 Germanicus
2303 1686 2347 1724 ab
2362 1698 2430 1725 eo·
2492 1729 2493 1732 Ἴ

1381 1727 1469 1766 dem
1510 1728 1678 1776 Augusto
1701 1757 1712 1774 ,
1753 1729 1842 1767 octo
1880 1730 2084 1779 legionibus
2124 1734 2221 1782 apud
2251 1736 2435 1777 Rhenum·

1382 1778 1605 1828 praepositus
1636 1780 1733 1818 fuit:
1773 1780 1929 1819 Tiberio
1959 1782 2038 1830 post
2060 1783 2209 1831 adium,
2240 1787 2437 1837 Illyricum·
2492 1778 2495 1810 ³

1383 1838 1585 1876 repetente.
1619 1831 1717 1870 unde
1751 1843 1843 1869 mox
1874 1842 2069 1872 revocatus
2100 1845 2222 1874 morte
2250 1830 2426 1887 Augusti}
2491 1821 2495 1849 ε

1384 1881 1628 1930 principatum
1650 1884 1817 1931 accepit,
1856 1882 1954 1920 Coff.
1985 1885 2069 1923 Sex.
2090 1886 2275 1936 Pompejo
2304 1889 2438 1939 (cujue-
2492 1884 2495 1932 ἑ

1387 1931 1547 1971 Ovidius
1567 1934 1741 1971 meminit
1760 1933 1805 1972 de
1819 1934 2075 1973 Pontolib.1V.
2103 1936 2268 1988 Eleg.4.)
2297 1941 2333 1977 &
2349 1940 2428 1979 Sex.
2493 1934 2495 1945 ¹

1386 1983 1562 2033 Apulejo.
1592 1984 1699 2022 Haec
1727 1996 1773 2022 ex
1801 1985 1987 2024 autoribus
2018 1987 2157 2026 Tacito
2178 2017 2188 2034 ,
2228 1990 2405 2030 Suetonio

1387 2034 1426 2072 ὃ(
1448 2034 1648 2079 Strabone,
1676 2035 1861 2074 verbofius
1877 2036 2067 2086 aliquanto
2086 2038 2159 2076 huc
2179 2041 2317 2090 adjeci,
2330 2019 2433 2091 quod.

1388 2084 1519 2123 eadem
1549 2085 1748 2125 collatione
1776 2096 1990 2135 temporum
2019 2090 2057 2127 &
2090 2090 2182 2128 infra
2209 2093 2316 2130 nobis
2343 2090 2435 2141 opus'
2492 2094 2495 2100 '

1390 2136 1480 2174 erit:
1510 2137 1546 2174 δε
1569 2137 1614 2176 de
1635 2137 1766 2176 iisdem
1787 2139 1981 2186 triumphis
2005 2167 2014 2182 ,
2050 2140 2256 2189 iisdemque
2277 2143 2418 2180 Caesari

1389 2187 1454 2233 bus
1474 2186 1611 2234 saepius
1631 2188 1829 2234 agendum.
1880 2189 2037 2227 Proinde
2067 2198 2106 2226 ut
2127 2190 2171 2226 ad
2202 2191 2296 2239 ipsos
2317 2162 2450 2232 versu}
2491 2189 2495 2198 ”

1388 2236 1583 2274 redeamus
1604 2265 1614 2281 ‚
1652 2238 1859 2286 triumphos
1889 2238 2047 2276 Caesaris
2073 2240 2235 2290 intellige
2260 2270 2271 2286 ‚
2306 2245 2439 2286 trium-

1391 2288 1485 2336 phos
1503 2287 1673 2330 Tiberii,
1693 2299 1787 2337 quos
1809 2288 1925 2326 Poe‘ta
1947 2289 2063 2337 ipsum
2083 2290 2198 2338 sperat
2218 2292 2263 2329 de
2277 2293 2434 2332 Germa⁴

1393 2339 1447 2376 nis
1467 2337 1645 2376 acturum.
1674 2347 1736 2376 aut
1758 2339 1865 2388 (quia
1888 2339 1933 2376 de
1954 2341 2112 2387 pluribus
2131 2342 2244 2391 dicit)
2280 2344 2435 2385 alterum

1393 2388 1439 2426 de
1461 2390 1677 2434 Germanis,
1705 2389 1859 2427 alterum
1888 2390 1933 2427 de
1965 2390 2128 2438 Illyricis.
2156 2393 2201 2429 de
2228 2406 2305 2443 quo
2330 2396 2434 2438 infra.

1394 2446 1569 2489 Affagnum
1597 2448 1719 2478 autem
1754 2446 1885 2476 Ducem
1914 2440 2120 2489 Augustum
2145 2443 2306 2493 intellige
2325 2474 2335 2490 ,
2374 2455 2462 2495 ped·-v

1392 2499 1456 2529 nes
1475 2502 1586 2540 quern
1601 2491 1744 2541 sum-ma
1765 2502 1886 2528 rerum
1908 2491 2018 2528 etiam
2040 2501 2122 2529 tum
2145 2503 2232 2534 erat.
2258 2497 2444 2539 chuu
2491 2491 2495 2501 '

1393 2550 1426 2578 te
1445 2555 1575 2592 quoque
1597 2541 1763 2579 bellatrix
1781 2542 1933 2579 Putean.
1955 2544 1992 2579 δί
2011 2543 2114 2582 alius.

1444 2603 1702 2693 4k1Magniff
1724 2609 1875 2653 ,Magno
1898 2605 1978 2644 duci
2006 2606 2207 2656 Gottorph.
2227 2608 2334 2647 bene.
2360 2607 2451 2655 vid-'t
2489 2623 2495 2659 «j

1394 2667 1448 2694 vr.
1524 2664 1569 2693 et.
1617 2668 1678 2703 59.
2491 2662 2495 2711 J

1447 2719 1506 2752 49.
1536 2706 1706 2756 Referet]
1735 2708 1872 2753 Referat
1896 2708 2067 2746 Leidens.
2086 2709 2126 2747 ὃς
2148 2719 2219 2749 tres
2239 2710 2310 2749 alii.
2329 2712 2367 2750 &
2386 2711 2442 2755 ital
2491 2721 2495 2752 t

1398 2758 1506 2806 prim.
1525 2758 1621 2795 Edit.
1641 2757 1783 2807 Micyll.
1805 2759 1947 2808 Gryph.
1967 2762 2004 2797 ὅ(
2025 2759 2128 2798 aliae.

1452 2820 1512 2856 51.
1538 2814 1578 2844 172
1596 2808 1701 2859 orbe]
1730 2815 1772 2845 ln
1784 2810 1865 2846 urbe
1884 2811 2065 2858 Excerpta
2078 2811 2208 2850 Voffii.
2221 2820 2259 2851 ut
2278 2813 2341 2858 iit,
2361 2817 2443 2861 Scy-‘-
2493 2823 2495 2858 j

1397 2859 1492 2896 thica
1515 2859 1552 2895 in
1576 2859 1657 2895 urbe
1680 2888 1691 2905 ‚
1728 2872 1822 2909 quae
1845 2870 2055 2910 opponatur
2077 2863 2236 2901 Romae.
2262 2867 2326 2902 Hei
2350 2861 2452 2902 mihiz
2493 2884 2495 2890 ·

1390 2911 1472 2959 jam
1493 2910 1647 2958 schytico
1668 2924 1792 2948 nomen
1807 2912 1955 2960 Nasonis
1975 2912 2014 2948 in
2034 2912 2110 2949 orbe
2129 2914 2172 2961 est
2200 2914 2328 2955 Servii.

1454 2986 1510 3019 52.
1537 2975 1696 3023 Jamque
1710 2977 1814 3021 suum
1836 2976 1926 3014 mihi
1938 2977 2002 3013 dat
2014 2986 2075 3026 pro
2093 2978 2164 3014 lare
2180 2988 2287 3027 poena
2297 2965 2434 3029 locum-3
2492 2964 2495 3006 'i

1398 3023 1535 3070 Jamne
1557 3025 1798 3062 scribendum.
1837 3034 1904 3073 pro
1927 3037 2034 3075 poena
2057 3028 2161 3066 multi
2192 3041 2299 3068 terra.
2344 3030 2436 3067 Ver-

1397 3075 1451 3112 sus
1471 3075 1659 3121 suspectus.
1690 3077 1834 3114 Herus.
1863 3078 1951 3114 Non
1976 3087 2066 3125 puto
2087 3078 2202 3117 statim
2227 3090 2457 3130 expungenff—
2493 3092 2495 3096 ·

1398 3125 1464 3164 dos
1487 3126 1605 3164 versus
1623 3126 1785 3165 difficiles
1807 3129 1845 3164 &
1871 3138 2074 3175 corruptos.
2105 3130 2199 3169 forte
2221 3132 2438 3182 scripserit,..

1448 3192 1585 3238 Jamne
1607 3206 1739 3231 novum
1757 3192 1848 3231 mihi
1867 3193 1930 3230 dat
1949 3202 2004 3242 pro
2025 3193 2098 3231 lare
2112 3205 2218 3245 poena
2228 3198 2377 3244 focum?
2427 3200 2431 3205 ⁴

1397 3256 1487 3295 locus
1505 3257 1542 3294 &
1554 3257 1653 3303 focus
1673 3257 1797 3305 paffim
1826 3266 2092 3306 permutantur.
2114 3263 2213 3307 focus
2245 3269 2366 3298 autem
2387 3258 2454 3298 est1⁴

1395 3307 1497 3360 idem
1531 3308 1635 3359 quod
1669 3319 1761 3349 mox
1789 3308 1973 3361 penetrale.
1997 3321 2109 3361 nevus
2139 3311 2178 3349 &
2207 3311 2293 3362 suus
2323 3310 2455 3347 etiam:

2341 3370 2447 3407 con}
