2495 3675
233 365 297 403 10

216 1090 287 1128 20

77 1430 167 1471 Non
183 1430 321 1469 lascivis
341 1430 526 1474 numeris,
552 1435 594 1466 ut
620 1438 691 1475 ego
720 1425 799 1464 usus
828 1425 918 1463 sum.
939 1432 1001 1462 aut
1020 1431 1117 1462 certe

73 1495 160 1520 num
183 1494 250 1530 pro
271 1492 340 1526 an,
369 1489 409 1518 ut
429 1480 470 1518 fit
491 1479 758 1527 interrogantis,
785 1478 973 1515 MERULA.
1021 1475 1117 1519 Alii,

72 1545 160 1571 num
173 1532 288 1583 patrio
305 1559 315 1576 ,
343 1532 417 1568 &c.
442 1532 590 1581 legunt,
620 1527 867 1576 interrogandi
888 1526 1018 1564 modo.
1047 1525 1119 1563 Sea

72 1584 191 1628 mihi,
221 1589 302 1620 Non
324 1582 439 1631 patrio
461 1609 472 1626 ‚
510 1581 608 1619 reete
630 1579 719 1627 poni
739 1577 884 1616 videtur
900 1606 909 1623 ,
937 1589 1003 1625 pro
1018 1605 1027 1620 ‚
1056 1589 1120 1614 ex-

71 1642 180 1672 terno
200 1644 244 1671 ac
268 1633 413 1670 Graeco
444 1643 573 1675 more,
601 1637 749 1678 propter
781 1628 869 1666 illud
897 1627 1000 1677 quod
1023 1628 1115 1665 infra

72 1684 258 1732 sequitur,
287 1683 362 1721 sola
384 1692 484 1720 tuum
512 1691 613 1718 vates
645 1679 764 1716 Lesbia
781 1679 897 1716 vincet
916 1688 1006 1728 opus.
1061 1679 1115 1715 Ut

69 1733 339 1783 intelligamus,
365 1733 477 1783 lyrica
506 1732 603 1770 illam
636 1728 802 1778 scripfiffc
824 1757 835 1773 ,
864 1730 1027 1777 Sapphus
1053 1740 1116 1765 ex-

72 1785 199 1833 emplo
214 1813 223 1829 ‚
243 1784 345 1834 quod
364 1795 477 1834 genus
499 1782 667 1820 carminis
682 1779 822 1818 Latinis
841 1779 1016 1818 haetenus
1034 1779 1117 1817 inu-

69 1834 217 1874 fitatum
243 1837 280 1874 ὃ(
298 1847 365 1873 ceu
385 1835 616 1884 peregrinum
638 1832 765 1869 fuerat.
795 1830 835 1868 ld
857 1832 961 1880 quod
982 1832 1019 1867 ὃς
1033 1831 1115 1867 Ho-

61 1886 181 1924 ‘ratius
201 1886 370 1929 testatur,
408 1886 471 1934 qui
499 1884 571 1934 ipse
601 1893 754 1932 quoque
783 1881 976 1931 aliquoties
1006 1880 1052 1917 de
1079 1880 1114 1918 se

65 1935 201 1983 jactat,
230 1937 266 1975 id
284 1947 397 1986 genus
419 1935 438 1972 a
460 1934 495 1973 se
517 1935 711 1984 praecipue
727 1960 737 1976 ,
764 1943 806 1970 ac
827 1933 948 1981 primo
971 1931 1114 1970 Latinis

72 1987 231 2026 versibus
254 1987 486 2026 celebratum.
513 1994 555 2024 ut
574 1985 636 2023 lib.
660 1995 693 2033 3.
723 1983 810 2020 Ode
831 1983 896 2021 ult.

121 2050 236 2088 Dicar
247 2079 260 2096 ,
283 2063 353 2099 qua
369 2049 501 2086 violens
521 2046 673 2096 obstrepit
685 2044 839 2093 Aufidus
851 2073 862 2090 ,

59 2099 61 2101 ¹
120 2104 170 2138 Et
188 2114 258 2150 qua
276 2111 404 2150 pauper
419 2111 531 2150 aquae
553 2103 703 2134 Daunus
722 2095 904 2144 agrestium

119 2152 296 2200 Regnavit
311 2150 510 2200 populorum
523 2177 532 2193 ,
560 2162 601 2185 ex
621 2147 749 2185 humili
762 2156 880 2196 potens
892 2173 903 2191 ‚

120 2202 281 2252 Princeps
300 2201 456 2238 AEolium
476 2212 616 2237 carmen
636 2199 683 2235 ad
706 2197 811 2234 Italos

118 2252 306 2302 Deduxiffie
326 2251 452 2289 modos.
470 2253 570 2299 sume
582 2247 780 2297 fitperbiam

122 2302 327 2352 Qaefitam
348 2301 481 2339 meritis
496 2329 506 2345 ‚
532 2311 576 2339 (7¹
595 2299 684 2337 mihi
703 2298 870 2347 Delphica

48 2366 53 2370 ·
122 2359 236 2391 Lauro
257 2354 349 2402 cinge
366 2352 484 2389 volens
502 2350 711 2400 Melpomene
730 2363 877 2388 comam.

70 2417 250 2456 Μιεγιῐ..
282 2418 460 2466 Daciaque
480 2430 548 2453 non
565 2415 677 2464 patrio
700 2417 858 2453 carmina
881 2427 973 2452 more
993 2411 1115 2451 canis?

71 2469 175 2506 Male
196 2467 245 2504 est
266 2467 303 2504 in
320 2467 494 2504 omnibus
525 2465 663 2503 excusis
682 2466 790 2504 libris.
818 2478 904 2503 vere
924 2473 1049 2503 autem
1074 2464 1114 2501 δε

76 2517 274 2557 emendate
287 2517 323 2553 in
345 2528 421 2554 uno
439 2517 560 2554 Vatic.
579 2517 758 2565 Donaque
780 2529 878 2554 num.
898 2518 970 2554 &c.
999 2515 1113 2552 CIOF.

129 2596 186 2627 121.
212 2588 259 2620 Et
280 2595 380 2620 raras
399 2581 529 2631 dotes.]
569 2587 682 2618 Caras
710 2582 816 2628 prim.
845 2581 933 2620 Vat.
954 2581 1113 2619 Rotten-

74 2634 207 2683 dorph.
242 2635 280 2672 &
323 2633 523 2680 Gottorph.
555 2632 665 2669 claras
704 2632 950 2670 Richelianus.
993 2640 1111 2679 puto,

76 2685 217 2723 Clarias
244 2685 346 2721 dotes.
400 2684 584 2730 Superiori
617 2682 744 2727 versu,
774 2696 851 2719 cum
872 2683 966 2728 fatis
992 2682 1112 2729 scripti

77 2747 209 2774 omnes
229 2737 267 2773 δε
291 2735 429 2783 primae
441 2733 620 2770 editiones
634 2761 644 2777 ‚
671 2745 747 2770 non
770 2733 1113 2780 eumfaciemtrum-

78 2798 151 2837 que
168 2785 323 2824 reetum.
365 2791 509 2822 Natura
538 2797 614 2820 cum
634 2784 727 2830 fatis
746 2784 851 2820 dedit.
878 2795 944 2832 pro
974 2784 1114 2821 Natura

80 2837 118 2875 &
138 2838 211 2875 fata
229 2836 419 2874 dederunt.
446 2835 491 2872 de
512 2835 605 2872 facie
625 2835 701 2882 ejus
722 2835 760 2872 ὃς
783 2833 902 2871 forma
924 2833 1001 2882 post
1019 2842 1115 2882 aget.

80 2887 226 2927 Hems.
251 2887 320 2925 Per
338 2889 424 2934 fata
443 2886 607 2933 intelligo
626 2885 775 2928 Parcas,
800 2895 887 2934 quas
916 2885 1116 2932 parturien-

80 2938 174 2977 tibus
203 2935 342 2982 adeffe,
373 2938 412 2975 &
439 2938 536 2974 vitae
556 2938 698 2973 futurae
721 2936 793 2973 fata
823 2934 974 2972 scribere
993 2933 1119 2972 crede-

81 2987 168 3026 bant
185 2988 309 3037 paffim
329 2996 483 3026 veteres.
511 2987 584 3024 vid.
606 2987 737 3035 Spanh.
756 2986 802 3024 ad
832 2985 978 3023 Callim.
1000 2987 1119 3034 Hym.

81 3039 122 3076 in
142 3039 250 3077 Dian.
269 3051 331 3076 22.
363 3040 401 3076 &
421 3038 506 3076 Pall.
531 3050 608 3083 104.
645 3038 770 3076 Parcas
788 3049 879 3075 vero
899 3042 991 3073 Fata
1008 3036 1120 3074 dictas

84 3089 169 3126 vide
189 3089 362 3128 docentes
386 3089 507 3127 Barth.
528 3089 571 3126 ad
595 3089 681 3125 Stat.
701 3101 736 3125 v.
763 3088 848 3126 Silv.
868 3099 904 3125 v,
923 3099 1009 3135 259.
1031 3099 1122 3125 vin.

87 3136 209 3177 Theb.
230 3141 290 3177 26.
327 3140 481 3178 Munck.
513 3139 558 3177 ad
588 3138 690 3187 Fulg.
716 3140 840 3188 Myth.
862 3151 889 3176 1.
911 3149 944 3184 7.
976 3139 1123 3187 Menag.

90 3189 233 3238 Origin.
253 3192 360 3239 Ling.
380 3192 456 3229 Ital.
476 3192 511 3228 in
529 3196 616 3227 Fata
629 3219 638 3234 ,
662 3191 699 3227 ὅς
712 3191 801 3227 alios
820 3189 1126 3239 quamplurimos.

55 3270 59 3276 .
88 3240 187 3277 unde
203 3241 303 3279 locus
313 3243 459 3280 Romae
472 3269 482 3285 ‚
495 3242 558 3279 Ad
569 3240 642 3278 tria
652 3243 750 3287 fata.
771 3240 816 3280 de
833 3252 909 3291 quo
922 3239 1126 3290 Rosweyd.

92 3290 138 3329 ad
157 3291 304 3330 Paullin.
322 3292 430 3342 Epist.
453 3305 621 3331 xxxvm.
647 3292 781 3330 Buram.

494 159 1122 228 TRISTIUM
1193 162 1388 221 Lm.

379 267 452 329 Et
476 285 654 329 tamen
680 273 745 328 ad
780 271 990 334 Musas,
1028 268 1267 344 quamvis
1291 283 1557 329 nocuere,
1596 269 1827 331 reverti;

444 349 697 419 Aptaque
722 347 776 400 in
804 346 1036 398 alternos
1061 359 1257 412 cogere
1284 340 1444 396 verba
1468 340 1647 412 pedes

374 419 467 475 Tu
494 438 740 493 quoque,
778 418 894 479 die,
929 414 1110 483 studiis
1137 414 1511 469 communibus
1537 413 1734 485 ecquid
1768 414 2006 470 inhaeres
2025 456 2037 476 ‚

443 493 724 566 Do&aque
751 507 858 544 non
886 487 1057 559 patrio
1082 486 1316 540 carmina
1344 505 1494 542 more
1528 488 1702 540 canis?

372 567 512 622 Nam
539 567 634 620 tibi
660 579 782 618 cum
810 561 949 614 Fatis
976 576 1152 613 mores
1179 558 1377 614 Natura
1404 559 1661 631 pudicos,

442 639 512 694 Et
538 654 674 693 raras
700 636 855 689 dotes
878 632 1260 703 ingeniumque
1285 631 1453 687 dedit.

226 730 287 780 15
362 710 495 766 Hoc
520 727 623 782 ego
649 704 926 777 Pegasidas
953 703 1154 757 deduxi
1179 704 1379 774 primus
1406 705 1473 758 ad
1497 705 1694 769 undas,

441 784 526 838 Ne
553 783 687 836 male
713 779 975 835 fecundae
1000 793 1135 829 vena
1168 777 1365 847 periret
1391 796 1571 850 aquae.

365 855 573 910 Primus
597 855 652 909 id
684 852 899 923 adspexi
925 849 1118 903 teneris
1144 848 1198 903 in
1224 849 1440 920 virginis
1466 850 1637 905 annis:

439 927 624 1000 thue
648 938 822 997 patet,
859 939 1025 978 venae
1050 921 1270 992 duxque
1296 939 1586 996 comesque
1610 923 1703 977 fui.

365 999 547 1071 Erg0,
581 1000 618 1052 fi
641 1010 918 1053 remanent
947 996 1095 1066 ignes
1119 994 1214 1048 tibi
1244 994 1472 1065 pe6toris
1494 998 1673 1060 idem,

433 1073 554 1126 Sola
576 1084 729 1126 tuum
756 1084 898 1124 vates
922 1067 1121 1122 Lesbia
1147 1067 1324 1121 vincet
1350 1085 1498 1139 opus,

367 1144 476 1200 Sed
502 1162 693 1199 vereor
710 1183 724 1207 ‚
766 1161 833 1197 ne
860 1156 912 1195 te
939 1157 1055 1195 mea
1081 1157 1223 1193 nune
1253 1139 1487 1196 Fortuna
1512 1140 1747 1197 retardet
1770 1164 1785 1204 ;

436 1216 669 1289 Postque
695 1233 844 1271 meos
868 1215 1010 1269 casus
1035 1211 1095 1267 sit
1120 1212 1213 1267 tibi
1241 1212 1423 1281 pestus
1449 1215 1602 1270 iners,

1461 164 1542 222 111.
1617 164 1735 220 Em:
1745 185 1793 222 e.
1831 168 1948 226 VII.
2139 182 2170 236 5
2176 184 2235 242 75

2069 1285 2215 1341 Dum

1227 1435 1284 1473 15.
1312 1423 1529 1475 Pegafidas.]
1566 1424 1730 1482 *Pegafias
1751 1425 1894 1482 'Moreti
1924 1425 1963 1462 δε
1993 1423 2051 1481 sex
2080 1421 2151 1458 alii.
2178 1420 2218 1458 in

1174 1476 1288 1513 undas
1311 1475 1398 1514 duo.
1419 1474 1587 1525 Pegafidts
1605 1478 1649 1512 ab
1670 1477 1772 1514 undu
1794 1488 1885 1514 unus
1906 1475 2077 1513 Gallicus.

1230 1541 1284 1579 18.
1312 1547 1421 1590 thue
1436 1551 1535 1592 pater
1555 1542 1696 1591 natae]
1745 1549 1850 1579 Pater
1872 1555 1968 1578 nemo
1990 1543 2095 1589 prim.
2118 1537 2215 1576 Poli-

1171 1593 1258 1630 tian.
1275 1601 1373 1639 pater
1397 1593 1529 1628 Veneris
1557 1593 1644 1630 alter
1675 1592 1840 1642 ejusdem
1857 1622 1866 1637 ‚
1895 1593 1932 1629 ὃς
1955 1591 2215 1638 Hamburgen-

1171 1642 1235 1685 fis,
1266 1644 1304 1679 &
1323 1654 1414 1680 unus
1436 1643 1638 1681 Mediceus.
1667 1645 1766 1689 duo,
1796 1645 1904 1681 venis.
1932 1644 2130 1689 Junianus,
2152 1640 2215 1688 ju-

1171 1694 1266 1730 veni.
1286 1693 1395 1736 alius,
1421 1695 1514 1730 veni.
1542 1693 1616 1731 duo
1641 1722 1650 1738 ,
1680 1698 1769 1731 nati.
1794 1703 1950 1742 quatuor
1966 1721 1975 1738 ‚
2004 1705 2124 1728 venae.
2154 1699 2215 1727 to-

1172 1744 1286 1780 tidem
1303 1772 1313 1787 ‚
1343 1750 1451 1793 thue
1467 1754 1564 1793 patet
1585 1757 1704 1781 venae.
1730 1745 1819 1781 latet
1842 1744 1958 1781 ulcus.
1981 1744 2125 1780 Heius.
2156 1741 2213 1777 Ex

1172 1793 1246 1831 hoc
1276 1794 1363 1831 loco
1393 1794 1525 1831 vitioso
1548 1794 1729 1832 Ovidium
1752 1795 1894 1831 Patrem
1926 1792 2028 1831 fuisse
2061 1791 2213 1837 Perillae

1172 1845 1280 1882 multi
1299 1843 1541 1882 crediderunt.
1569 1845 1643 1882 vid.
1662 1845 1747 1882 Fab.
1765 1844 1825 1882 lib.
1847 1858 1874 1882 1.
1894 1844 2003 1892 Episs.
2028 1843 2086 1891 38.

1226 1920 1283 1957 19.
1322 1913 1417 1946 Tunc
1457 1922 1586 1958 quoque
1624 1909 1706 1955 (sed
1739 1908 1863 1956 forsan
1895 1907 2043 1955 nostrum
2086 1904 2215 1944 delevit

1170 1971 1322 1996 amorem
1350 1960 1517 2008 Tempus)
1556 1963 1664 1995 Eram
1687 1960 1794 1997 nimio
1810 1959 1954 2007 junfius
1975 1971 2090 1995 amore
2116 1955 2211 2007 tibi]

1170 2009 1212 2046 In
1238 2009 1373 2048 Aldina
1392 2010 1557 2048 editione
1578 2010 1654 2048 duo
1674 2010 1710 2049 hi
1731 2009 1850 2047 versus
1872 2009 2010 2059 prorsus
2033 2010 2218 2046 omittun-

1168 2068 1227 2097 tur
1248 2089 1258 2105 ‚
1288 2060 1457 2099 videlicet
1477 2068 1515 2098 ut
1535 2062 1653 2098 nothi.
1683 2062 1728 2098 Et
1748 2061 1885 2098 nothos
1909 2060 2001 2104 effe,
2030 2060 2100 2108 ipsa
2120 2071 2214 2108 quo-

1170 2122 1243 2159 que
1264 2111 1522 2149 sententiarum
1544 2111 1648 2149 series
1669 2111 1828 2155 indicat,
1857 2111 2006 2159 quando
2024 2111 2135 2148 iidem
2150 2122 2220 2148 ne·-

1169 2172 1243 2210 que
1264 2173 1347 2199 cum
1380 2161 1678 2210 praecedentibus
1707 2161 1805 2199 redte
1835 2162 2032 2199 cohaerent
2056 2189 2065 2205 ‚
2091 2172 2214 2211 neque

1171 2222 1254 2249 cum
1276 2212 1518 2258 sequentibus.
1573 2212 1720 2250 Deinde
1751 2211 1824 2250 five
1849 2212 1893 2250 ad
1915 2212 2024 2250 filiam
2042 2240 2051 2256 ‚
2072 2211 2144 2249 sive
2167 2212 2211 2249 ad

1170 2266 1326 2301 uxorem
1348 2264 1462 2300 Poeta
1488 2263 1660 2311 scripserit
1679 2292 1690 2307 ,
1725 2263 2032 2311 supervacaneum
2054 2290 2064 2306 ,
2101 2270 2211 2311 atque

1170 2313 1265 2351 adeo
1281 2314 1446 2362 ineptum
1472 2314 1608 2359 fuerat,
1640 2314 1714 2351 illas
1736 2314 1780 2352 de
1801 2320 1928 2351 amore
1951 2314 2013 2351 suo
2035 2313 2214 2350 admone-

1170 2375 1235 2410 re,
1261 2376 1373 2413 quem
1397 2365 1486 2402 olim
1511 2377 1592 2413 erga
1613 2365 1767 2412 virgines
1786 2376 1842 2402 eas
1860 2365 2035 2402 habuerit.
2066 2365 2212 2411 Quam-

1169 2426 1283 2463 quam
1307 2417 1344 2453 &
1365 2416 1432 2453 alia
1454 2416 1490 2453 in
1523 2416 1652 2452 eadem
1680 2415 1805 2463 Elegia
1834 2415 2013 2464 quaedam
2041 2414 2142 2456 sunt,
2171 2414 2209 2450 in

1169 2466 1298 2515 quibus
1313 2467 1593 2504 nonimmerito
1616 2465 1815 2502 defiderare
1835 2464 1970 2513 aliquid
1993 2465 2108 2513 poffis
2139 2463 2210 2502 Sed

1170 2517 1216 2554 de
1234 2516 1274 2554 iis
1294 2516 1448 2565 longum
1470 2517 1579 2554 fuerit
1602 2516 1676 2553 hoc
1696 2516 1785 2557 loco
1804 2514 1994 2562 disputare.
2031 2516 2209 2552 Micnr..

1170 2567 1260 2604 Hoc
1284 2567 1462 2605 distichon
1491 2566 1586 2604 abest
1614 2565 1635 2603 a
1661 2566 1772 2604 tribus
1801 2565 1980 2602 veteribus
2008 2565 2113 2603 libris.
2138 2577 2208 2603 nec

1169 2618 1299 2667 legitur
1328 2618 1365 2655 in
1411 2618 1472 2655 lib.
1507 2629 1619 2666 quem
1659 2616 1843 2654 Plautinus
1888 2616 2061 2663 impreffit
2106 2627 2205 2653 anno

1171 2682 1212 2706 M.
1233 2682 1271 2706 n.
1292 2680 1414 2705 txvri.
1442 2668 1608 2705 Ciomu.
1645 2668 1692 2704 Hi
1719 2666 1836 2705 versus
1858 2665 1997 2704 diverse
2016 2668 2051 2704 in
2072 2667 2207 2716 scriptis

1168 2720 1208 2756 &
1228 2719 1333 2757 editis
1350 2719 1530 2768 leguntur.
1546 2719 1581 2756 in
1606 2716 1773 2755 Leidensi
1789 2746 1799 2762 ,

1221 2791 1317 2823 Tunc
1335 2799 1388 2834 ego
1401 2785 1560 2835 securum
1571 2785 1695 2833 forsan
1714 2783 1842 2821 delevit
1861 2798 2012 2823 amorem
2033 2785 2107 2824 ὅτε.

1169 2837 1207 2875 in
1229 2837 1372 2874 Gallico
1388 2863 1398 2879 ‚
1436 2841 1529 2872 Tunc
1549 2849 1602 2884 ego
1636 2834 1686 2884 (fi
1703 2834 1852 2881 nostrum
1871 2837 1897 2882 f.
1925 2837 1958 2872 d.
1980 2850 2013 2872 a.
2042 2836 2204 2884 Tempus)

1171 2900 1268 2924 eram
1288 2887 1360 2924 δίε.
1387 2887 1425 2924 in
1453 2887 1592 2924 Moreti
1613 2914 1623 2931 ,
1662 2891 1804 2936 Tempus
1835 2899 1909 2924 eras
1939 2887 2044 2924 nimio
2067 2887 2210 2934 junHus

1173 2950 1288 2974 amore
1303 2935 1403 2973 mihi.
1431 2936 1490 2974 alii
1511 2935 1625 2974 aliter.

1223 3000 1283 3026 20.
1313 2987 1428 3023 Vincet
1446 2987 1618 3036 opus.]1n
1639 2987 1766 3025 iisdem
1788 2988 1942 3036 scriptis,
1956 2988 2070 3026 vincit
2091 2989 2209 3027 modo

1174 3038 1362 3076 indicatur.
1391 3038 1559 3076 Cremu.
1589 3037 1711 3073 Vincat
1729 3038 1822 3075 bene
1834 3039 2189 3079 Leidenfis.l-Ifims.

1225 3101 1290 3126 22.
1314 3087 1452 3138 Postque
1471 3087 1599 3137 meos.]
1655 3088 1849 3138 Postquam
1883 3102 1953 3138 ego
1981 3092 2017 3127 in
2047 3091 2211 3129 exsilium

1179 3139 1250 3177 abii
1271 3166 1281 3184 ‚
1329 3139 1366 3176 in
1384 3142 1559 3188 po'e'mate
1576 3139 1842 3187 componendo
1863 3140 2001 3189 ingenii
2022 3144 2115 3179 vires
2138 3155 2216 3181 non

1181 3201 1360 3227 exerceas.
1389 3190 1559 3227 Cxofm.
1593 3190 1805 3239 Elegantior
1822 3190 2132 3229 Francofurtenfis
2153 3205 2217 3229 co-

1182 3241 1270 3278 dicis
1288 3240 1399 3278 leffio
1421 3241 1587 3286 videtur,
1613 3251 1735 3290 perque
1756 3255 1843 3278 meos
1860 3243 1953 3290 casus
1970 3269 1980 3286 ‚
2009 3252 2048 3279 ut
2068 3243 2217 3283 tristitia.

1183 3303 1296 3341 quam
1326 3303 1372 3330 ex
1404 3291 1556 3329 Nasonis
1592 3292 1795 3330 calamitate
1821 3301 2030 3342 perceperat
2049 3319 2060 3337 ‚
2101 3289 2217 3329 caussa

1380 3341 1518 3381 Dddd
1546 3353 1566 3380 2
2112 3342 2221 3381 fuerit
