2495 3675
634 157 1263 217 TRISTIUM
1347 159 1540 221 LIB.

1615 166 1674 223 Π.
2147 184 2250 244 529

384 261 548 334 Impia
572 278 674 317 nec
703 264 933 334 tragicos
959 261 1212 332 tetigisset
1242 261 1413 334 Scylla
1438 265 1733 321 cothurnos
1744 271 1761 329 ‚'

460 337 530 390 Ni
560 336 788 407 patrium
814 337 1017 389 crinem
1045 334 1352 389 desecuisset
1378 354 1542 392 amor.

237 423 304 475 39
315 429 342 478 5
383 408 492 481 Qui
520 410 645 479 legis
671 408 946 469 Meshan,
986 405 1040 458 δε
1067 422 1317 476 egentem
1346 412 1537 464 mentis
1551 410 1775 465 Oresten
1793 455 1804 474 ,

455 480 699 552 AEgysthi
727 482 931 534 crimen
954 478 1410 552 Tyndaridosque
1435 483 1579 554 legis,

378 554 518 610 Nam
543 554 672 626 quid
700 551 768 604 de
794 551 989 603 tetrico
1015 551 1241 605 referam
1268 552 1538 609 domitore
1565 554 1912 618 Chimaerae,
1978 572 1983 576 ·

456 627 639 699 Quem
670 625 778 677 leto
806 623 964 676 fallax
987 621 1191 691 hospita
1215 641 1348 694 pene
1375 626 1558 680 dedit?

381 698 531 771 Quid
558 699 750 767 loquor
778 695 1149 748 Hermionen?

1191 696 1317 765 quid
1350 710 1430 759 te,
1469 698 1770 756 Schoeneia
1795 701 1982 773 virgo?

238 789 344 841 400
454 771 678 842 Teque,
717 767 1021 839 Mycenaeo
1047 765 1287 822 Phoebas
1313 783 1481 824 amata
1508 772 1664 826 duci?

91 981 139 1020 Et
158 981 195 1019 in
215 981 374 1030 Epistola
395 980 501 1030 ipsius
522 978 704 1018 Medeae:

138 1051 204 1083 Per
216 1049 352 1095 superos
372 1059 425 1081 oro
440 1072 450 1087 ,
474 1057 532 1093 per
550 1043 673 1080 avitae
700 1042 838 1080 lumina
858 1043 1048 1088 flammae}

189 1102 255 1133 Per
276 1099 460 1140 meritum,
489 1107 531 1134 ω’
551 1105 649 1131 natos
663 1123 671 1136 ,
696 1095 837 1144 pignora
861 1095 970 1137 nostra
985 1122 995 1138 ‚
1016 1094 1111 1133 duos,

88 1157 241 1197 Peffime
281 1159 329 1196 est
357 1160 391 1196 in
427 1159 578 1207 vulgatis
608 1169 694 1195 tuos.
736 1159 986 1206 Apollodorus
1017 1170 1137 1198 extre-

89 1219 154 1246 mo
172 1209 230 1246 lib.
253 1222 279 1245 1.
307 1211 394 1251 Τούς
416 1222 460 1244 τε
480 1238 490 1254 ,
520 1211 590 1251 ait,
621 1209 773 1252 πειῖδκς,
804 1204 860 1252 οὓς
881 1209 981 1254 εῗχεν
1009 1211 1135 1257 ἐξἸά-

88 1271 178 1302 novoe
201 1261 380 1304 Μήρμερον
402 1287 412 1303 ,
451 1263 514 1295 καὶ
543 1262 687 1303 Φέρητα
712 1288 721 1302 ,
758 1263 970 1300 ἀπέκτεινε.
1025 1263 1133 1309 Quos

88 1319 270 1359 praeterea
301 1323 344 1348 ex
377 1310 506 1356 jasone
538 1310 629 1347 filios
651 1312 871 1358 susceperat,
901 1313 1132 1350 Mermerum

88 1361 126 1397 &
148 1361 339 1398 Pheretem
373 1362 578 1398 trucidavit.
631 1361 797 1398 AElianus
831 1373 919 1399 vero
952 1375 1027 1399 non
1052 1365 1135 1400 Me-

86 1409 193 1448 deam
216 1411 308 1449 filos
332 1440 342 1456 ,
381 1412 440 1449 sed
471 1412 686 1449 Corinthios
717 1411 957 1449 interfeciffe:
988 1414 1131 1459 Euripi-

86 1459 272 1510 demque,
301 1465 363 1511 qui
396 1474 525 1499 eorum
551 1464 734 1510 precibus,
764 1471 802 1499 ut
820 1463 855 1500 id
878 1463 1133 1511 confingeret,

86 1511 262 1550 adductus
284 1515 353 1557 est,
383 1514 486 1561 hujus
510 1513 649 1550 fabulae
678 1512 866 1549 auctorem
892 1511 996 1549 fuisse
1012 1515 1130 1552 scribit

83 1561 146 1600 sub
159 1562 270 1600 finem
284 1564 344 1600 lib.
359 1575 392 1600 v.
418 1564 476 1600 De
490 1564 574 1600 Var.
588 1563 759 1600 Historia.
776 1564 944 1610 Hyginus
956 1576 1020 1612 cap
1045 1577 1130 1604 xxv.

86 1613 213 1652 Medea
234 1620 355 1650 AEetae
375 1626 417 1653 (θ’
437 1617 538 1661 Idyae
550 1612 629 1660 filia
650 1626 726 1649 cum
748 1627 788 1649 ex
800 1615 933 1661 Jasone
946 1615 1025 1662 jam
1041 1615 1129 1661 filios

84 1668 300 1700 &sermenem
324 1676 366 1704 φ’
392 1671 545 1701 Feretum
572 1665 765 1712 procreaffet
792 1691 800 1705 ,
821 1666 1028 1715 summaque
1048 1680 1128 1702 con·

85 1715 202 1750 cordia
225 1716 404 1759 viverent,
434 1714 654 1758 objiciebatur
670 1715 699 1751 ei
722 1744 730 1755 ,
769 1713 942 1750 hominem
963 1726 1039 1751 tam
1056 1718 1130 1758 sbr-

81 1771 153 1801 tem
180 1778 219 1801 ac
229 1766 440 1812 formosum,
470 1765 613 1801 nobilem
629 1793 638 1807 ‚
668 1778 807 1801 uxorem
827 1765 1005 1801 advenam
1019 1795 1028 1810 ,
1074 1779 1128 1803 at-

82 1827 148 1862 que
167 1816 354 1865 veneficam
366 1817 496 1852 habere.
530 1816 615 1851 Huic
637 1821 745 1852 Creon
767 1817 918 1852 Menoeci
940 1816 1126 1860 filius‚rex

84 1866 289 1903 Corinthius
308 1866 418 1910 filiam
431 1870 535 1914 suam
556 1866 721 1914 Creusam
743 1866 838 1902 dedit
860 1880 1012 1905 uxorem.
1050 1875 1127 1905 Me-

83 1914 146 1952 dea
169 1930 244 1953 cum
265 1917 358 1954 vidit
374 1918 410 1965 se
436 1931 511 1964 erga
534 1917 701 1964 Jasonem
726 1917 991 1954 benemerentem
1008 1947 1017 1960 ,
1045 1930 1128 1956 tan-

80 1975 121 2003 ta
144 1968 348 2004 contumelia
372 1967 428 2016 esse
446 1968 603 2017 affectam
617 1996 626 2011 ,
648 1981 807 2004 coronam
827 1982 952 2005 exuens
966 1970 1050 2016 fecit
1062 1984 1127 2006 au-

80 2029 177 2054 ream
192 2047 201 2060 ,
228 2032 372 2067 eamque
392 2019 528 2055 muneri
551 2017 646 2066 juffit
660 2017 750 2066 filios
772 2021 849 2065 suos
871 2033 1035 2056 novercae
1063 2022 1126 2056 da-

79 2080 127 2104 re.
164 2073 292 2117 Creusa
314 2083 454 2106 munere
477 2079 607 2117 accepto
621 2097 630 2112 ‚
660 2082 738 2105 cum
770 2069 902 2114 Jasone
922 2080 965 2108 ω’
985 2076 1129 2108 Creonte

79 2117 320 2166 conflagravit.
369 2120 492 2156 Medea
512 2120 570 2156 ubi
596 2120 724 2168 regiam
746 2119 865 2156 ardere
887 2120 1002 2164 vidit,
1032 2132 1131 2159 natos

73 2169 153 2218 suos
172 2183 210 2206 ea
235 2170 365 2216 Jafitne
391 2177 604 2207 Mermerum
627 2181 671 2210 (9⁶
690 2176 846 2206 Feretum
866 2170 1058 2217 interfecit,
1085 2184 1129 2211 &⁴

75 2221 224 2267 profugit
243 2221 422 2258 Corintho.
453 2221 550 2259 Vide
572 2222 608 2258 ὃς
630 2220 841 2259 Pausaniam
862 2221 899 2257 in
914 2220 1127 2261 Corinthia·

79 2269 140 2306 cis.
167 2271 336 2309 CxorAN.

134 2320 217 2369 389.
247 2322 336 2359 Fecit
365 2335 464 2360 amor
493 2321 630 2371 subitas
661 2321 814 2360 volucres
840 2323 940 2372 wo]
999 2329 1121 2361 Tereus

0 2383 3 2390 ¹
76 2368 287 2420 Tragoedia
307 2372 545 2421 significatur:
573 2384 684 2422 quam
697 2373 831 2421 scripsit
844 2376 978 2411 Attius.
1005 2375 1120 2414 C10F.

0 2418 3 2462 Ξ
77 2420 198 2470 Hujus
217 2425 423 2470 argumenti
441 2424 542 2461 fuere
562 2428 681 2460 Tereus
701 2423 893 2471 Sophoclis
917 2425 955 2460 &
978 2424 1122 2474 Euripi-

0 2495 2 2506 ;
75 2470 151 2517 dis,
181 2473 217 2509 δε
232 2473 388 2509 Carcini.
409 2486 487 2509 cum
510 2475 644 2520 conjuge
668 2473 836 2511 ssernens.
862 2473 1016 2512 volucres
1037 2475 1122 2524 sub-

0 2519 3 2556 J
75 2520 130 2560 ita
152 2535 229 2559 cum
241 2522 357 2571 pellice
381 2524 530 2560 Lovan.
548 2522 684 2560 Buam.

129 2597 213 2634 391.
240 2588 274 2624 Si
295 2600 362 2623 non
381 2585 566 2635 AEropen.]
595 2587 723 2635 Scripti
744 2586 930 2637 plerique,
958 2593 1126 2639 Europen·

76 2637 187 2674 etiam
216 2650 260 2675 ex
293 2637 398 2674 editis
428 2637 585 2686 plurimi.
617 2637 675 2674 sed
704 2637 901 2685 legendum
924 2666 933 2682 ‚
965 2645 1125 2688 AEropen.

0 2718 2 2742 ;
76 2685 251 2736 Euripide
284 2688 413 2725 Oreste
437 2715 447 2731 ,
492 2689 637 2732 λέκτρα
666 2689 828 2732 Κρήσσας
860 2687 1032 2733 Ἀερόπας
1067 2691 1123 2727 δσ-

75 2737 177 2783 χῖοις.
204 2739 262 2776 Sic
282 2740 319 2776 ὅ(
335 2738 597 2786 Apollodorus.
625 2738 722 2786 apud
746 2738 884 2787 Dictyn
905 2741 1021 2778 etiam
1032 2741 1124 2779 Cre·

0 2823 1 2837 ἦ
76 2788 214 2827 tensem
234 2791 353 2837 operis
372 2790 479 2827 initio
503 2788 747 2837 castigandum
764 2816 774 2832 ‚
803 2790 984 2827 Menelaus
995 2797 1122 2840 AEropa

0 2845 2 2862 l
77 2839 298 2886 &Plisthene
314 2841 460 2888 genitus.
472 2840 676 2887 ,Corruptus
696 2841 734 2876 ὃ(
753 2840 789 2876 in
807 2841 876 2878 hac
898 2853 993 2878 voce
1008 2843 1122 2879 Scho-

0 2914 1 2917 =
76 2885 188 2927 liastes
208 2889 310 2927 Statii
330 2891 373 2928 ad
400 2891 460 2928 lib.
481 2902 534 2927 xv.
557 2891 641 2939 306.
670 2890 815 2927 Hiems.
851 2890 993 2939 AErope
1018 2893 1122 2929 Uxor

0 2944 1 2971 1
78 2938 193 2977 Atrei.
214 2941 318 2989 hujus
348 2941 553 2989 argumenti
573 2941 672 2984 sunt,
700 2942 848 2988 gemina
884 2941 1031 2989 Thyestes
1055 2943 1123 2979 So-

0 3026 6 3039 ,-
78 2988 400 3039 phocliS‚quarum
423 3003 492 3028 una
516 2990 665 3038 Thyestes
686 2992 882 3040 Sicyonius,
911 2993 1019 3029 altera
1040 2992 1126 3030 sim-

77 3038 214 3086 pliciter
234 3041 385 3089 Thyestes
404 3041 556 3079 dicitur:
589 3041 665 3089 ejus
687 3044 798 3079 etiam
822 3047 956 3078 Atreus
970 3044 1025 3080 vel
1040 3049 1123 3092 My·

77 3100 176 3126 cenae
194 3092 265 3129 huc
286 3092 442 3139 spectare
465 3091 620 3129 videtur.
651 3103 720 3128 nec
751 3104 826 3129 non
856 3093 1037 3141 Euripidis
1068 3099 1124 3130 A-

78 3148 170 3175 treus
192 3141 228 3177 &
250 3141 388 3190 Crefflte.
414 3155 498 3180 nam
524 3143 618 3180 hanc
640 3142 711 3179 huc
729 3141 887 3191 spectare
909 3152 1056 3191 apparet
1077 3156 1122 3182 ex

80 3187 271 3228 Scholiaste
293 3193 473 3242 Aristopli.
492 3193 535 3230 ad
560 3192 706 3241 Vespas.
729 3193 780 3231 ilis.
805 3195 887 3238 760.
931 3195 986 3230 'htv
1008 3195 1122 3239 Κρήσ-

26 3240 31 3244 ”
79 3249 156 3280 cotie
188 3239 363 3285 Εὐριπίδου
393 3244 408 3279 ὁ
441 3244 588 3286 Ἀτρεὺς
617 3243 702 3289 πρὸς
731 3248 795 3285 τῆν
827 3240 994 3287 Ἀερόπην
1022 3246 1132 3289 κρινεῖ

82 3291 216 3330 rava-x.
243 3291 314 3329 vid.
344 3294 381 3330 δε
413 3294 649 3335 Sclioliastem
686 3295 863 3347 eumdem
891 3295 936 3348 ad
965 3297 1126 3350 Aeliam.

272 3347 364 3382 Tem.
393 3349 458 3384 ΙΙΙ.

2086 848 2238 921 Quid

1189 990 1274 1027 432.
1305 980 1343 1018 &
1362 988 1545 1029 praeterea
1578 983 1751 1034 Aeropen
1781 983 1942 1023 Cressam
1978 982 2081 1023 fuisse
2102 983 2235 1029 Noster,

1188 1029 1248 1068 lib.
1272 1043 1299 1067 1.
1326 1032 1407 1069 Art.
1426 1044 1496 1070 am.
1519 1046 1602 1083 327.
1631 1036 1761 1074 docet:

1242 1096 1357 1143 Cressa
1380 1095 1531 1145 Thyesteo
1544 1098 1576 1146 fi
1595 1102 1625 1147 se
1646 1101 1853 1150 abstinuisset
1875 1114 2001 1138 amore.

1193 1158 1232 1195 ὅτ
1254 1159 1444 1209 Lycophr.
1472 1163 1515 1199 ad
1548 1163 1729 1202 Callandr.
1758 1165 1813 1207 fis.
1847 1177 1926 1211 ¹49·
1953 1164 2041 1202 dicit
2060 1164 2237 1215 Aeropen'

1191 1208 1293 1247 fuisse
1321 1211 1429 1248 filiam
1475 1213 1596 1250 Carrei
1627 1215 1779 1259 (rectius
1808 1215 1983 1262 Crethei)
2033 1216 2236 1261 Cretensis,

1191 1261 1289 1297 unde
1319 1262 1508 1300 Menelaus
1522 1263 1728 1303 Semi-Cres
1750 1294 1759 1309 ,
1789 1265 1931 1311 ἦμικρῆς
1952 1265 2081 1303 ὀὶὄὶυε.
2103 1266 2174 1303 vid·
2195 1267 2234 1302 δί

1190 1310 1310 1348 Scliol.
1329 1312 1501 1360 Sophocl.
1515 1315 1558 1351 ad
1575 1316 1802 1363 Ajac.1306.
1833 1317 1890 1353 ubi
1904 1316 2032 1363 Cressae
2057 1316 2235 1365 Euripidis

1191 1361 1357 1400 citantur.
1380 1366 1442 1412 qui
1459 1364 1562 1402 locus
1584 1366 1783 1404 Meuriium
1801 1395 1810 1410 ‚
1832 1367 2034 1403 Fabricium
2051 1368 2086 1403 &
2103 1367 2238 1404 Barne-

1190 1410 1282 1449 stum
1301 1413 1408 1461 fugit.
1432 1415 1517 1452 vide
1537 1415 1691 1465 Egregie
1711 1417 1755 1454 de
1768 1417 1895 1454 Creffis
1917 1416 2096 1465 Euripidis
2119 1416 2237 1456 Bentl.

1190 1464 1226 1498 in
1250 1463 1398 1511 Epistol.
1423 1465 1467 1502 ad
1501 1467 1662 1504 Milium.
1685 1479 1762 1516 pag.
1783 1479 1841 1516 23.
1872 1471 1908 1504 ὅ(
1930 1469 2015 1504 inde
2037 1466 2150 1505 cauffa
2172 1479 2236 1516 ap-

1189 1522 1286 1560 paret
1303 1526 1387 1557 ,cur
1401 1515 1548 1554 Cretam
1574 1517 1902 1555 abieritMenelaus
1918 1546 1926 1557 ,
1941 1530 2023 1554 cum
2051 1518 2144 1555 Paris
2158 1518 2235 1565 ejus

1189 1575 1344 1601 uxorem
1379 1576 1528 1614 raperet.
1564 1569 1812 1606 meminerunt
1835 1570 1872 1606 δὲ
1894 1568 2097 1616 Hesychius
2120 1569 2154 1605 ὅ(
2180 1569 2238 1606 A-

1187 1614 1363 1653 thenaeus
1392 1618 1586 1664 CresJarum
1618 1619 1794 1668 AEschyli.
1834 1620 1870 1656 ὅ(
1909 1619 2071 1656 Ennium
2101 1618 2233 1667 Creffas

1185 1663 1319 1702 dediffe
1342 1674 1438 1713 patet
1458 1680 1502 1705 ex
1527 1669 1656 1705 Nonio
1677 1670 1712 1706 in
1734 1671 1879 1716 fretum.
1910 1669 1982 1705 vid.
2004 1668 2234 1707 Columnam

1184 1714 1229 1751 ad
1243 1715 1337 1753 Enn.
1362 1729 1440 1765 pag.
1457 1718 1540 1756 280.
1554 1719 1702 1767 Thyestes
1714 1722 1824 1757 etiam
1841 1718 2061 1766 Apollodori
2076 1719 2237 1756 Tarsen-

1185 1764 1226 1801 fis
1249 1767 1758 1812 CleophontisAtheniensis;
1787 1772 1875 1806 ut&
1900 1770 2164 1806 Chaeremonis
2194 1769 2236 1806 δε

1186 1815 1368 1864 Diogenis
1387 1820 1424 1854 ὅ(
1450 1818 1594 1856 Carcini
1618 1819 1792 1857 laulatur.
1842 1820 1938 1856 Inter
1964 1821 2114 1857 Latinos
2128 1820 2234 1857 Sem-

1183 1868 1301 1912 pronii
1329 1868 1484 1906 Gracchi
1508 1869 1642 1917 Thysles
1660 1883 1678 1907 a
1699 1871 1877 1907 Prisciano
1897 1869 2060 1907 laudatur
2076 1898 2086 1914 ,
2119 1872 2234 1908 etiam

1182 1916 1412 1965 Pomponius
1434 1919 1634 1962 secundus.
1664 1922 1700 1958 ὃ(
1729 1924 1939 1958 Mamercus
1961 1920 2235 1964 Scau-vus‚teste

1184 1967 1334 2012 Dione,
1365 1969 1525 2017 Thyesten
1552 1971 1772 2019 scripserunt.
1825 1974 1862 2008 ὅ(
1913 1971 2117 2008 Maternus.
2158 1970 2234 2010 vid.

1183 2017 1335 2105 IB)ialog.
1361 2019 1406 2057 de
1439 2021 1543 2059 Orat.
1571 2033 1647 2070 cap.
1681 2035 1742 2061 111.
1771 2021 1830 2060 sed
1862 2022 1898 2059 hi
1929 2022 2004 2070 post
2035 2021 2234 2061 Ovidium.

1219 2082 1322 2108 uam.

1239 2131 1323 2169 393.
1351 2121 1504 2171 Scyllas]
1546 2123 1667 2172 Hujus
1688 2124 1893 2172 argumenti
1919 2124 2054 2161 nullam
2078 2124 2232 2175 invenio

1184 2169 1280 2207 inter
1300 2183 1534 2211 enumeratos
1566 2186 1584 2211 a
1609 2176 1772 2212 Meu-fio
1795 2178 1829 2212 ὃ(
1856 2174 2021 2212 Fabricio
2045 2203 2054 2218 ,
2082 2176 2145 2223 qui
2174 2186 2232 2212 re-

1185 2221 1242 2257 ete
1264 2223 1494 2261 Aristotelem
1529 2224 1573 2261 de
1602 2225 1706 2263 Ροὲἐῑ.
1733 2238 1810 2273 cap.
1833 2238 1893 2263 xv.
1914 2227 2018 2269 Θρῆναν
2041 2225 2231 2268 Ὀδύσσεως

1179 2269 1216 2307 ἐν
1237 2274 1281 2319 τῇ
1301 2276 1452 2318 Σκύλλῃ
1473 2275 1626 2323 explicat
1643 2277 1952 2314 lamentationem
1979 2277 2099 2312 Alexis
2117 2276 2151 2312 in
2174 2276 2230 2312 10-

1181 2333 1250 2366 co,
1277 2325 1340 2372 qui
1361 2324 1476 2373 Scylla
1498 2337 1673 2370 vocatur,
1701 2340 1777 2364 non
1800 2340 1834 2364 in
1868 2327 2076 2365 Tragoedia
2112 2325 2229 2373 Scylla

1176 2372 1282 2411 dieta.
1313 2375 1400 2423 quid
1424 2376 1524 2412 enim
1557 2378 1655 2413 Ulixi
1678 2389 1761 2414 cum
1786 2376 1933 2425 Scylla?
1964 2389 2027 2421 pro
2049 2375 2230 2412 cothurnos

1178 2423 1321 2462 Moreti
1333 2425 1498 2468 habebat,
1511 2425 1653 2470 libellos,
1666 2428 1701 2464 ὃ(
1717 2428 1901 2474 deseruisset
1916 2426 2079 2463 Leidens.
2096 2425 2230 2465 Buttm-

1234 2486 1318 2523 395.
1345 2475 1544 2524 Electram]
1579 2478 1766 2514 Habemus
1803 2476 1993 2524 Sophoclis
2018 2477 2053 2512 δε
2080 2476 2227 2523 Euripi-

1180 2524 1234 2562 dis
1257 2527 1329 2563 hoc
1350 2526 1458 2562 titulo
1489 2526 1727 2575 Tragoedias.
1763 2527 1951 2575 Sophoclis
1984 2526 2136 2562 Latine.
2166 2525 2227 2565 sed

1180 2575 1278 2612 male
1310 2573 1452 2613 vertiss'e
1481 2577 1632 2614 Atilium
1667 2578 1803 2615 constat
1833 2589 1876 2614 ex
1905 2577 2022 2614 (Ticer.
2043 2576 2103 2612 lib.
2126 2589 2151 2613 1.
2179 2575 2228 2614 de

1179 2625 1340 2664 Finibus.
1359 2637 1437 2674 cap.
1460 2639 1494 2664 2.
1531 2629 1715 2675 Quintum
1743 2628 1987 2670 Ciceronem,
2019 2626 2133 2663 Marci
2157 2627 2229 2664 fra-

1175 2684 1296 2720 trem,
1326 2678 1436 2714 etiam
1470 2675 1638 2725 scripsisse
1672 2678 1833 2714 Eleffffran
1868 2678 1991 2722 (forte
2019 2676 2155 2714 versam
2178 2689 2226 2715 ex

1174 2726 1375 2775 Euripide)
1405 2727 1503 2765 idem
1532 2729 1666 2766 Cicero
1688 2728 1733 2767 ad
1754 2726 2073 2778 Q.Fratr.lib.111.
2102 2727 2169 2777 Ep.
2188 2729 2226 2766 6.

1177 2789 1246 2816 nos
1270 2777 1395 2816 docet.
1422 2779 1552 2816 Buam.

1234 2853 1318 2890 395.
1346 2842 1522 2892 Orestem]
1555 2843 1681 2879 Nemo
1702 2844 1836 2891 magis,
1867 2851 1905 2880 ut
1926 2843 2100 2892 Virgilius
2121 2843 2229 2890 dicit,

1177 2890 1237 2928 lib.
1259 2902 1312 2928 ιν.
1340 2892 1489 2929 AEneid.
1510 2905 1575 2937 471
1627 2893 1779 2941 agitatus
1804 2894 1888 2940 fuit.
1928 2906 2012 2931 nam
2037 2906 2122 2931 eum
2147 2894 2226 2944 spe-

1179 2941 1278 2978 &ant
1297 2943 1500 2979 Eumenides
1528 2942 1692 2991 AEschyli
1719 2972 1728 2988 ‚
1767 2946 1802 2980 &
1821 2944 2007 2993 Choephori
2032 2971 2040 2986 ,
2083 2946 2162 2982 imo
2185 2946 2225 2982 &

1178 2992 1256 3040 ejus
1279 2997 1495 3039 Agarmmno
1518 2994 1554 3029 ὃ(
1580 2999 1720 3030 Proteus
1750 2995 1924 3042 satyricus
1945 3023 1954 3038 ‚
1983 2995 2114 3044 quibus
2133 3006 2224 3044 qua-

1177 3051 1262 3079 tuor
1286 3041 1407 3079 vicul‘e
1432 3043 1643 3092 [Eschylum
1665 3044 1796 3082 dicitur
1823 3046 1858 3082 in
1883 3054 2101 3093 argumento
2124 3047 2224 3094 Aga-

1180 3094 1391 3129 memnonis
1407 3120 1417 3136 ,
1446 3094 1482 3130 &
1503 3105 1597 3142 quae
1626 3103 1784 3143 quatuor
1805 3096 2013 3143 tragoediae
2033 3096 2147 3133 affinis
2170 3108 2226 3134 ar·

1179 3143 1346 3191 gumenti
1370 3143 1599 3192 Tetralogiam
1624 3145 1889 3189 conficiebant,
1910 3157 2005 3195 quae
2026 3146 2224 3183 vocabatur

1183 3193 1332 3239 Orestia,
1364 3194 1408 3230 dc
1441 3207 1511 3243 qua
1538 3195 1574 3232 ὃ(
1599 3196 1687 3234 alius
1711 3196 1935 3244 Tetralogiis
1967 3196 2050 3233 vide
2077 3196 2221 3242 egregie

1183 3244 1439 3281 Casaubonum
1463 3246 1507 3283 ad
1527 3246 1663 3283 Athen.
1687 3258 1776 3284 vm.
1799 3259 1850 3290 ιιι.
1878 3250 1915 3283 ὅ(
1937 3258 2017 3289 x.7.
2041 3246 2077 3281 8<
2098 3245 2141 3280 de
2160 3245 2224 3280 Sa-

1179 3297 1293 3345 tyrica
1321 3294 1431 3383 Pokffi
1470 3307 1549 3346 pag.
1586 3297 1670 3347 163.
1707 3298 1745 3337 δε
1784 3296 1831 3337 ad
1862 3297 1985 3336 Lacr-t.
2011 3306 2075 3334 ω.
2103 3294 2156 3382 5125-
2185 3294 2235 3349 ὃς

1376 3345 1456 3384 'xx
2146 3353 2234 3389 eriz,
