2495 3675
509 165 1456 230 FASTORUM
1566 171 1933 228 Luem.

2124 188 2229 242 ⁴203>

363 285 576 351 Effice,
616 286 690 343 Di
716 285 890 343 studio
916 285 1103 340 ssmiles
1128 286 1378 337 coeamus
1402 281 1457 337 in
1482 299 1664 339 unum.

444 359 792 415 Conveniunt
818 372 989 429 partes
1014 355 1111 411 hae
1139 355 1262 418 tibi,
1300 356 1469 410 comis
1493 373 1637 411 anm.

224 435 328 503 ,535
367 433 607 489 Dixerat.
645 433 728 486 illa
753 431 929 484 Deum
956 427 1208 499 promiffo
1234 428 1370 482 ludit
1398 427 1572 490 inani3

440 507 512 559 Et
537 506 743 560 stultam
769 501 929 554 dubia
954 500 1100 571 spem
1127 500 1284 555 trahit
1311 518 1476 573 usque
1504 502 1671 554 mora.

369 578 584 648 Saepius
605 572 839 635 instanti,
876 573 1134 627 Mandata
1161 574 1485 645 peregimuS,
1527 575 1728 647 inquit:

436 648 641 703 Evieras
669 645 913 716 precibus
941 647 1031 700 vix
1057 646 1208 700 dedit
1237 646 1319 699 illa
1347 663 1544 701 manus,

367 720 584 776 Gaudet
608 735 809 780 amans,
856 719 1220 791 thalamosque
1246 733 1407 790 parat.
1447 718 1736 775 deducitur
1760 719 1882 774 illuc

218 801 323 866 690

433 795 590 845 Anna
618 807 803 861 tegens
829 794 1030 855 vultUS‚
1068 806 1125 845 ut
1166 809 1302 844 nova
1328 805 1518 862 nupta,
1558 791 1691 847 suos,

361 865 551 921 Oscula
586 864 846 917 sumturus
872 863 1045 917 subito
1075 862 1222 918 Mars
1246 865 1464 935 adspicit
1492 868 1735 926 Annam;

431 938 588 993 Nunc
616 935 792 1008 pudor
820 935 1050 1000 elusum,
1089 954 1231 992 nunc
1258 937 1393 992 subit
1416 937 1521 1001 ira,
1563 937 1759 993 Deum.

70 1137 189 1178 Senex
216 1136 276 1176 ille
303 1135 508 1185 decrepitus
538 1134 635 1184 apud
664 1134 867 1184 Apulejum
894 1135 990 1174 Met.
1018 1146 1111 1174 vm.

73 1189 136 1227 Sed
149 1198 205 1239 per
217 1187 356 1237 corporis
367 1215 378 1232 ,
400 1198 439 1223 ut
450 1185 576 1223 videtis
591 1215 599 1228 ‚
612 1186 678 1222 mei
691 1186 856 1233 defeblam
868 1186 1109 1224 valetudinem

70 1239 227 1289 opitulari
246 1252 380 1287 nequeo.
409 1238 500 1275 libro
515 1249 555 1274 xx
581 1239 742 1285 Jamque
764 1238 923 1274 maxima
945 1237 1014 1274 diei
1027 1248 1111 1286 par-

70 1298 103 1327 te
121 1291 298 1327 transaela
320 1289 488 1336 defec'tum
501 1287 656 1338 alioquin
668 1301 720 1324 me
741 1289 917 1336 applicant
933 1288 1109 1337 praesepio.

70 1340 127 1378 ubi
150 1341 243 1378 male
261 1340 488 1378 Wouwerus
503 1367 512 1381 ‚
537 1338 707 1384 defeffum.
739 1337 868 1384 defleta
881 1337 992 1374 latera
1014 1338 1112 1386 apud

68 1389 268 1440 ApuleJum
281 1391 374 1428 Met.
384 1402 474 1428 v111.
488 1388 524 1426 id
535 1389 583 1426 est
596 1389 697 1425 coitu
710 1387 888 1427 exhausta.
911 1388 1112 1427 Terentius

71 1440 404 1541 Assglfrioeisiulzndo
417 1518 428 1536 ,
454 1489 512 1528 ille
528 1488 740 1527 verberando
760 1501 864 1539 usque
880 1488 982 1526 ambo
994 1488 1114 1535 deseffi

64 1591 118 1631 ita
129 1548 454 1630 enimlsffigfi·astes
464 1591 647 1637 Juvenalis
659 1590 731 1628 Sat.
744 1603 809 1628 111.
821 1590 876 1633 ybs.
887 1590 972 1639 289.
998 1588 1114 1634 red‘re‚

66 1654 151 1730 {iiim
177 1641 414 1714 defeffisumus
441 1653 541 1680 nunc
561 1642 599 1679 in
622 1640 804 1699 Terentio
825 1641 1114 1679 circumferatur.

114 1705 215 1792 ΙἑῙῚΝςδ
228 1749 302 1781 Cur
322 1743 500 1793 cantent.]
557 1742 671 1780 Unde
698 1744 805 1792 origo
838 1749 897 1780 tot
929 1741 1107 1780 obscaena

64 1794 218 1832 canendi
233 1795 268 1831 in
290 1794 378 1832 festo
399 1795 531 1831 Annae
548 1794 744 1831 Perennae.
774 1793 897 1830 Nem.
922 1793 1045 1842 Hujus
1055 1793 1109 1831 rei

65 1846 176 1883 etiarn
198 1845 367 1883 meminit
386 1844 563 1882 Martialis
582 1843 643 1881 lib.
662 1856 715 1881 ιν.
735 1845 805 1893 Ep.
824 1854 931 1883 txrv.

113 1913 162 1946 Et
180 1908 268 1960 quod
284 1908 435 1957 virgineo
453 1921 574 1946 canore
590 1906 719 1956 gaudet

114 1967 246 1996 Annae
260 1959 462 2010 pomiferum
485 1971 603 1996 nemus
621 1966 803 1997 Perennae.

63 2022 114 2060 ita
133 2026 233 2060 enirn
252 2023 378 2061 scribo.
409 2025 560 2072 Legitur
582 2035 703 2061 nunc:

114 2077 160 2108 Et
182 2073 272 2123 quod
289 2073 440 2121 virgineo
458 2087 572 2110 cruore
585 2074 727 2121 gaudet.

65 2123 148 2161 Nec
167 2125 379 2172 interpretes
411 2124 498 2173 quid
534 2124 596 2160 fibi
627 2123 715 2161 velit
741 2136 839 2161 cruor
858 2122 915 2171 iste
933 2123 1110 2172 virgineus

63 2171 306 2224 assequuntur.
337 2175 466 2212 Noster
486 2175 577 2211 infra
601 2174 646 2211 de
663 2175 737 2211 hoc
755 2186 933 2212 nemore:

116 2225 200 2262 Inde
210 2225 278 2274 joci
299 2235 426 2262 veteres
445 2225 667 2274 obscoenaque
685 2225 777 2262 dieta
794 2235 980 2261 canuntur.

64 2273 102 2313 Si
121 2277 201 2325 quis
219 2277 314 2324 apud
338 2277 544 2313 Martialem
559 2275 682 2319 malit,
709 2275 863 2324 virgineo
884 2276 1003 2313 rubore
1020 2289 1106 2325 gau-

63 2325 144 2369 det,
169 2336 209 2365 ut
230 2326 274 2364 ad
298 2326 478 2365 obscoena
509 2327 567 2364 illa
588 2328 748 2365 carmina
777 2326 982 2375 respiciatur
1007 2355 1016 2369 ‚
1055 2327 1106 2364 nil

63 2386 240 2425 repugno.
285 2388 397 2425 quarn
426 2376 676 2426 conjecturam
709 2378 868 2414 memini
905 2375 1104 2426 suggeffiffe

65 2426 172 2463 nobis
198 2428 255 2461 ‘rhu
277 2428 478 2471 μακαρίτην
491 2427 683 2465 Albertum
696 2428 906 2464 Rubenium
922 2455 932 2470 ‚
960 2428 1106 2476 elegan-

64 2475 186 2512 tiffimi
227 2477 362 2524 ingenii
402 2479 520 2514 virum
562 2478 598 2513 δι
630 2478 781 2523 dignum
810 2478 981 2522 longiore
1004 2473 1105 2515 'vita.

67 2525 272 2573 cogitabam
294 2526 332 2562 ὃ(
355 2526 574 2574 aliquando,
595 2527 752 2573 virginea
773 2525 916 2561 cohorte.
948 2526 986 2561 &
1007 2537 1105 2562 non-

64 2574 154 2613 dum
184 2575 357 2624 displicet.
393 2576 588 2624 Pergamus
616 2575 710 2612 bene
741 2577 870 2612 mereri
899 2574 944 2611 de
972 2574 1102 2613 eadem

64 2625 175 2664 Anna
194 2625 301 2664 simul
318 2627 355 2663 ὅ(
377 2625 548 2664 Martiali.
576 2625 607 2663 Is
626 2625 685 2663 lib.
704 2637 758 2663 v1.
781 2626 1000 2673 Ep.xr.v111.

116 2691 196 2729 sive
217 2697 357 2729 Numae
377 2693 500 2740 conjux
525 2691 665 2729 Triviae
685 2701 717 2728 te
738 2689 831 2739 mifit
848 2689 892 2726 ab
913 2690 1050 2736 Annei,

165 2744 244 2780 Sive
265 2749 523 2780 camoenarum
543 2744 583 2778 de
598 2756 692 2791 grege
712 2754 802 2778 nona
821 2741 932 2778 venis.

64 2807 113 2845 ita
125 2807 189 2844 viri
212 2806 341 2845 eruditi
359 2807 584 2855 jampridem
617 2806 884 2849 emendarunt,
911 2816 997 2844 cum
1020 2812 1105 2843 ante

64 2856 266 2905 legeretur,
290 2867 413 2901 antro,
436 2858 495 2894 vel
519 2869 632 2894 amne.
660 2856 858 2905 quomodo
884 2856 965 2893 libri
994 2857 1105 2893 etiam

65 2909 256 2950 nonnulli,
283 2920 375 2957 quos
404 2907 636 2956 inspeximus.
683 2907 750 2943 Sed
775 2907 863 2956 quid
893 2906 940 2943 est
963 2906 1103 2943 Triviae

65 2963 206 2996 Anna?
233 2967 331 2995 certe
349 2970 478 2995 nemus
499 2957 583 2995 illud
602 2957 646 2994 ad
675 2957 856 3006 Tyberim
887 2969 962 2994 non
990 2957 1103 3005 longe

65 3007 109 3044 ab
125 3009 221 3046 L'rbe
234 3008 338 3046 situm
361 3017 435 3046 erat
449 3037 458 3052 ‚
478 3009 515 3046 &
538 3020 582 3045 ex
593 3009 759 3054 Janiculo
779 3007 926 3055 spectari
948 3015 1105 3055 poterat,

67 3066 107 3095 ut
132 3061 302 3097 Martialis
323 3071 389 3096 nos
407 3060 527 3097 docet.
557 3059 725 3096 Alterum
760 3068 834 3095 erat
857 3059 892 3095 in
918 3070 1005 3107 agro
1035 3061 1040 3091 1
1066 3069 1103 3094 a·

66 3108 170 3146 vinio
193 3109 237 3147 ad
253 3110 468 3147 Numicium
498 3109 646 3147 flumen.
686 3109 743 3146 Sic
762 3110 801 3146 ὅ(
822 3109 951 3157 Egeria
973 3108 1106 3156 duplici

67 3156 154 3195 loco
174 3160 368 3198 colebatur.
403 3173 488 3198 nam
523 3161 561 3198 ὃ(
594 3161 868 3197 camoenarum
905 3171 1036 3196 nemus
1058 3158 1105 3195 1lli

67 3206 206 3245 sacrum
235 3218 308 3246 erat
337 3222 451 3259 prope
480 3211 607 3248 urbem
629 3238 640 3254 ,
686 3212 720 3247 ὃ(
753 3210 924 3247 Aricinae
955 3220 1108 3258 quoque

70 3256 213 3295 Dianae
240 3258 340 3297 sacris
365 3261 629 3299 accensebatur.
675 3261 818 3297 Triviae
842 3261 949 3308 igitur
978 3260 1107 3308 Egeria

68 3307 186 3358 potest
205 3307 319 3396 dicii
351 3311 469 3398 Antii]
486 3323 564 3350 non
589 3312 720 3362 potest.
747 3311 865 3350 codex
886 3311 1106 3355 Thuaneus‚

316 3371 385 3400 om.
469 3388 477 3401 .

2108 1009 2209 1066 Ri-2·

1165 1134 1302 1174 Tribiae
1320 1135 1446 1175 antris.
1478 1133 1794 1184 Rottendorphii,
1822 1131 1938 1171 Tibiae
1960 1137 2102 1172 Annae.
2132 1135 2210 1179 Lei

1164 1198 1209 1236 ge
1230 1199 1318 1225 meo
1339 1188 1526 1234 periculo,

1215 1237 1296 1274 Sive
1316 1243 1455 1275 Numae
1476 1238 1598 1286 conjux
1620 1235 1729 1284 Tyria
1749 1245 1781 1272 te
1803 1233 1896 1285 misit
1917 1234 1961 1271 ab
1982 1236 2108 1272 Annei.

1163 1287 1338 1337 Intelligit
1367 1288 1651 1337 aquaedustibus
1691 1287 1833 1324 fontem
1868 1287 1968 1323 hunc
1998 1287 2204 1325 derivatum

1166 1336 1269 1375 fuisse
1291 1350 1337 1376 ex
1357 1339 1557 1382 Numicio,
1586 1337 1648 1386 qui
1667 1337 1714 1374 est
1738 1338 1776 1374 in
1790 1335 2000 1374 Lavinienfi
2022 1348 2108 1386 agro
2122 1364 2132 1381 ,
2146 1347 2209 1385 per

1165 1400 1297 1425 nemus
1320 1389 1486 1437 Egeriae.
1516 1389 1659 1425 Herus.

1217 1439 1301 1483 676.
1329 1438 1526 1489 Certaque]
1582 1439 1785 1488 Cunctaque
1815 1437 1986 1475 Ambros.
2007 1438 2044 1475 ὅ(
2073 1437 2213 1485 septem

1167 1488 1238 1526 alii.
1257 1488 1439 1540 multaque
1464 1489 1601 1527 Medic.
1623 1491 1661 1527 &
1681 1489 1769 1527 duo.

1217 1542 1304 1584 677.
1335 1546 1451 1589 Nuper
1469 1552 1544 1578 erat
1570 1546 1643 1577 Dea
1654 1541 1755 1586 faeta
1779 1539 1795 1589 }
1826 1540 1920 1576 Cum
1946 1539 2044 1575 Mars
2067 1537 2111 1575 ad
2129 1549 2213 1576 eam

1167 1601 1264 1639 quae
1283 1590 1504 1638 sequuntur:
1533 1591 1677 1628 vivebat
1698 1590 1830 1628 scilicet
1846 1590 1905 1627 ille
1926 1589 2003 1638 post
2024 1588 2138 1637 plebis
2157 1588 2213 1636 seq

1169 1639 1317 1680 cessum.
1344 1642 1380 1679 O
1403 1650 1526 1680 vatum
1551 1641 1695 1678 deliria!
1725 1641 1845 1677 NEAP.

1215 1691 1300 1737 678.
1329 1692 1465 1741 Facit.]
1511 1694 1625 1738 Refert
1644 1691 1812 1728 nonnulli
1834 1690 1989 1729 codices.
2009 1701 2089 1727 voce
2107 1691 2211 1737 refert

1166 1742 1302 1791 Regius
1324 1744 1360 1781 δε
1380 1743 1480 1780 alius.

1214 1795 1301 1841 679.
1331 1792 1529 1843 Tempora]
1559 1791 1720 1830 Numina
1739 1791 1815 1829 duo
1839 1790 2011 1828 Medicei.

1210 1843 1301 1882 681.
1332 1843 1532 1893 Annisen]
1574 1843 1737 1892 Armiger
1757 1842 1948 1891 armigerae
1967 1839 2074 1878 multi
2098 1840 2137 1878 &
2156 1843 2210 1889 prss

1165 1895 1233 1933 Ed.
1252 1896 1289 1933 ἃ
1315 1894 1398 1933 Ald.
1417 1896 1453 1933 ὃ(
1476 1895 1577 1933 aliae.

1218 1946 1300 1983 082.
1329 1951 1438 1991 Uror,
1459 1956 1503 1986 co·
1523 1946 1561 1983 in
1583 1944 1715 1995 longo]
1756 1943 1985 1992 Antiquioris
2012 1951 2123 1980 notae
2146 1944 2215 1979 co·‘

1165 1997 1288 2041 dices,
1316 2002 1424 2041 Uror,
1451 2009 1495 2037 ω’
1513 1997 1573 2033 hoc
1590 1996 1693 2044 longo.
1723 1995 1901 2032 Neapor..
1929 1994 1964 2031 A
1987 1994 2080 2042 longo
2103 2004 2213 2030 unus.

1167 2049 1332 2085 Vulneror
1352 2059 1394 2087 εν
1420 2048 1514 2097 longo
1535 2047 1658 2084 Petav.

1215 2098 1302 2147 683.
1332 2104 1372 2135 In
1393 2097 1540 2145 unum]
1594 2103 1632 2133 In
1650 2109 1716 2133 uno
1741 2096 1828 2133 alter
1849 2096 1986 2132 Mazar.
2003 2095 2039 2130 &
2059 2093 2117 2131 sex
2139 2093 2213 2132 alii.

1156 2148 1268 2198 fimili
1286 2162 1312 2187 c.
1332 2149 1372 2185 in
1392 2163 1500 2185 unum
1520 2147 1666 2185 volebat
1679 2145 1871 2183 Heinsius:
1894 2146 2072 2193 jaceamus
2082 2144 2212 2181 Petav.

1164 2199 1348 2247 nosstudio
1369 2201 1480 2237 etiarn
1503 2199 1715 2245 Junii.mox
1738 2197 1946 2233 conveniant
1964 2199 2084 2230 '‘ar-av.

1215 2250 1298 2287 686.
1327 2256 1422 2299 Spem
1455 2249 1566 2286 trahit
1598 2261 1702 2298 usque
1733 2246 1866 2296 mora]
1923 2245 2076 2281 Stultum
2100 2243 2208 2280 dubia

1152 2303 1277 2352 speque
1298 2314 1460 2349 moraque
1488 2300 1601 2337 trahit
1623 2301 1729 2348 prim.
1749 2296 1919 2335 Ambros.
1942 2297 2041 2332 Μαι.
2066 2296 2102 2331 &
2127 2300 2207 2332 δεῖ·

1162 2353 1225 2390 vii.
1254 2364 1330 2390 non
1354 2352 1448 2389 male
1483 2352 1556 2389 vid.
1579 2350 1622 2387 ad
1645 2348 1769 2385 Valer.
1790 2348 1887 2385 Flac.
1906 2359 1930 2382 1.
1952 2358 2033 2382 zoo.

1211 2403 1296 2440 688.
1324 2403 1452 2439 Evifia
1472 2402 1513 2448 est
1527 2399 1718 2450 precibus.j
1749 2399 1875 2443 Scripti
1900 2395 2028 2439 multi,
2055 2399 2101 2431 Et
2113 2395 2211 2431 viHa

1159 2453 1213 2499 est.
1244 2454 1313 2491 Sed
1335 2454 1470 2500 Regius
1491 2453 1527 2487 &
1557 2450 1785 2486 Sarravianus
1807 2447 1903 2482 rcere
1917 2475 1925 2488 ‚

1214 2503 1358 2538 Evifftas
1375 2501 1527 2549 precibus
1545 2499 1609 2534 vix
1632 2498 1727 2534 dedit
1745 2497 1807 2533 illa
1829 2509 1967 2531 manus.

1159 2551 1313 2588 evincere
1340 2561 1406 2597 pro
1430 2552 1577 2586 vincere
1606 2547 1708 2596 saepe
1729 2551 1821 2592 apud
1847 2546 2018 2582 Nostrum
2050 2545 2086 2582 ὃς
2115 2545 2207 2591 Mag:

1159 2613 1289 2639 ronem
1319 2611 1470 2649 quoque
1493 2599 1718 2647 frequentur.
1739 2596 1784 2634 fic
1806 2597 1901 2632 Met.
1926 2609 1970 2631 ιι.
1991 2595 2076 2644 68ς.

1213 2652 1272 2688 Ille
1289 2661 1409 2688 tamen
1426 2659 1557 2699 pugnat
1578 2648 1693 2686 molles
1711 2648 1864 2684 evincere
1881 2646 2028 2693 somnos.

1159 2701 1268 2740 Trist.
1291 2714 1353 2738 111.
1384 2700 1484 2750 Eleg.
1507 2712 1533 2738 1.

1212 2752 1357 2789 Evit‘lus
1376 2750 1469 2799 longo
1486 2760 1630 2799 tempore
1651 2750 1776 2794 Caesar
1795 2750 1870 2786 erit.

1161 2803 1340 2852 Apulejus
1359 2802 1452 2839 Met.
1473 2814 1534 2839 111.
1564 2803 1706 2837 avinus
1726 2799 1907 2847 neceffi'tate
1919 2798 2207 2848 succumbo.plu3

1161 2866 1197 2891 ra
1215 2853 1260 2890 de
1281 2865 1327 2891 eo
1350 2854 1462 2890 verbo
1484 2852 1698 2889 Gronovius
1716 2853 1758 2888 ad
1781 2853 1906 2887 librum
1920 2862 1971 2887 xx.
1992 2849 2114 2888 Theb.
2129 2850 2206 2887 Sta‹

1156 2906 1275 2941 tianae
1304 2903 1389 2951 839.
1416 2902 1540 2940 Tacit.
1563 2914 1615 2939 1v.
1640 2904 1735 2939 Ann.
1765 2901 1827 2936 Sed
1851 2901 1909 2937 ille
1941 2899 2091 2948 precibus
2123 2913 2208 2936 uxo-

1159 2954 1205 2990 ris
1233 2954 1376 2990 evinas.
1407 2959 1500 2988 Dare
1528 2965 1675 2989 manum
1705 2955 1816 2990 etiam
1847 2950 2125 2988 usitanffimum.
2160 2949 2207 2988 fic

1163 3004 1232 3041 Val
1269 3004 1415 3042 Flaccus
1436 3003 1528 3040 libro
1551 3015 1576 3039 1.
1596 3015 1654 3048 40.

1215 3061 1316 3091 Hanc
1335 3053 1423 3091 mihi
1443 3053 1611 3090 militiam
1628 3082 1638 3097 ,
1665 3064 1821 3091 veterum
1846 3066 1932 3102 quae
1951 3052 2098 3102 pulcrior
2107 3051 2204 3094 acris,

1215 3111 1370 3148 Annae,
1398 3104 1510 3154 daque
1531 3118 1690 3142 manum.

1164 3156 1224 3193 ubi
1250 3157 1410 3193 animum
1441 3154 1536 3192 male
1570 3167 1667 3193 nunc
1693 3156 1837 3204 legitur.
1864 3155 2010 3192 Herus.
2049 3151 2134 3187 Vid.
2165 3148 2207 3186 ad

1165 3206 1317 3254 Quin&
1343 3218 1410 3244 vit.
1433 3206 1478 3244 de
1498 3207 1578 3243 lnst.
1601 3207 1706 3243 Orat.
1729 3218 1764 3255 3.
1795 3207 1831 3243 ὅτ
1867 3206 1970 3242 Decl.
1992 3214 2067 3240 xvi.
2093 3214 2147 3237 10.
2166 3201 2205 3235 δε

1164 3257 1229 3295 inf.
1252 3269 1287 3295 v.
1309 3268 1391 3305 593.

1213 3307 1304 3356 689.
1330 3306 1640 3396 (3ν1ι5ἰὶἑανηαπε.]
1669 3307 1812 3347 Gaudet
1824 3293 2207 3386 Ursiii.N1azarA}3{s-
