2495 3675
194 175 305 228 5622,

365 334 468 434 P.
601 324 1243 432 OVIDII

1373 317 2230 470 NAsoNrs

218 557 2375 750 TRISTIUM

781 858 1547 944 LIBER

1709 859 1816 942 ΙΙ.

975 1146 1524 1217 ELEGIA
1621 1147 1666 1216 I.

629 1304 750 1361 Uid
778 1302 907 1359 mihi
931 1302 1212 1358 vobiscum
1237 1300 1342 1362 est,
1379 1298 1568 1357 infelix
1592 1319 1748 1370 cura,
1789 1305 1986 1374 libelli,

700 1378 923 1450 Ingenio
948 1377 1083 1450 perii
1108 1376 1201 1448 qui
1229 1373 1383 1429 miser
1414 1373 1523 1446 ipse
1548 1378 1707 1431 meo?

507 1453 624 1509 Cur
649 1454 819 1508 modo
845 1450 1118 1507 damnatas
1145 1460 1364 1522 repet0,
1402 1464 1520 1502 mea
1544 1451 1798 1518 crimina,
1835 1452 2050 1511 Musas?

588 1528 680 1581 An
704 1526 865 1581 semel
887 1525 964 1580 est
987 1540 1216 1597 poenam
1241 1521 1616 1578 commeruiffe
1641 1528 1863 1597 parum?

367 1614 399 1668 5
512 1600 767 1656 Carmina
792 1599 1070 1662 fecerunt,
1113 1610 1174 1652 ut
1200 1613 1288 1650 me
1315 1596 1645 1666 cognoscere
1674 1602 1873 1657 vellent

583 1673 783 1729 Omine
810 1691 920 1730 non
943 1671 1113 1728 fausto
1136 1669 1335 1726 femina
1362 1670 1580 1742 virque,
1619 1688 1755 1729 mea.

268 1893 305 1921 2,
333 1882 401 1932 lpse
423 1880 534 1932 mem]
562 1879 738 1920 Heinsius
756 1879 938 1925 malebat,
965 1892 1034 1918 ecce
1055 1876 1141 1918 meo.

270 1945 305 1983 3.
333 1933 579 1984 Damnatas.]
633 1933 832 1982 Damnosus
864 1933 1011 1970 Lovan.
1042 1932 1081 1969 δί
1113 1928 1268 1968 Moreti.

220 1998 297 2023 mea
316 1985 477 2022 carmina
507 1985 651 2034 Micyll.
673 1985 814 2033 Gryph.
842 1985 880 2022 &
904 1984 1082 2021 vincent.
1109 1981 1207 2019 Edit.
1229 1981 1268 2019 ὃς

217 2047 359 2074 novem
382 2036 474 2074 libri.
501 2037 586 2087 quid
606 2036 703 2073 modo
721 2037 833 2073 etiam
846 2034 991 2073 Ricbel.
1008 2034 1047 2071 &
1065 2032 1166 2071 alius.

268 2100 303 2135 ς.
332 2087 532 2134 Cognoscere
552 2086 697 2137 vellet.]
729 2086 857 2123 Vellent
875 2086 1059 2123 meliores.
1087 2082 1269 2132 nifiquod

219 2136 259 2176 in
274 2137 566 2187 Hamffirgenfi,
581 2138 695 2176 Velles.
720 2139 886 2187 quinque
908 2137 992 2181 alii,
1014 2132 1152 2184 possent.
1178 2135 1271 2173 Pro-

217 2189 323 2228 ximo
345 2190 449 2227 versu
470 2201 535 2238 pro
556 2203 628 2227 meo
648 2189 903 2237 reponendum
918 2216 929 2232 ‚
959 2199 1046 2225 mea.
1084 2185 1271 2224 Videlicet

213 2240 394 2279 carmina.
418 2248 528 2290 atque
559 2241 608 2278 ita
637 2240 842 2278 Puteaneus
871 2238 1003 2276 codex.
1046 2237 1265 2282 Patavinus,

217 2303 313 2328 meae
331 2319 345 2337 ‚
384 2291 577 2329 Distichon
599 2292 673 2329 hoc
698 2319 708 2334 ‚
744 2302 791 2328 ne
820 2290 908 2338 quid
933 2288 1176 2332 distimulem,
1203 2299 1267 2337 ge-

215 2343 352 2380 nuinae
373 2350 485 2380 notae
508 2355 586 2380 non
608 2340 677 2379 esse
699 2341 818 2379 habeo
839 2340 1055 2389 persuasum.
1086 2339 1234 2377 Hizms.

271 2404 303 2439 7.
331 2394 505 2431 Carmina
535 2395 696 2441 fecerunt
722 2421 732 2436 ‚
769 2401 808 2428 ut
842 2405 895 2428 me
925 2402 1098 2439 moresque
1131 2399 1269 2427 notaret

215 2443 444 2491 Jampridem
464 2444 582 2491 invisa
611 2445 739 2489 Caesar
769 2442 813 2479 ab
834 2452 911 2479 arte
929 2441 1046 2491 mea.]
1100 2441 1201 2478 Duas
1221 2440 1270 2478 ob

214 2495 334 2533 causas
354 2495 561 2544 Augustum
582 2495 752 2533 odiosum
777 2493 839 2531 fibi
860 2492 1018 2531 reddidit
1047 2494 1159 2540 poeta
1181 2507 1191 2535 ;
1221 2492 1271 2529 al-

214 2552 313 2590 tera,
343 2546 444 2595 quod
468 2546 577 2584 libros
610 2545 656 2583 de
687 2554 763 2583 arte
793 2543 941 2582 amandi
969 2543 1082 2581 edidit
1093 2557 1105 2586 3
1135 2542 1271 2584 altera,

215 2597 319 2644 quod
340 2609 426 2636 eum
448 2598 486 2635 in
510 2609 547 2635 re
572 2596 667 2644 turpi
691 2604 802 2645 atque
821 2595 977 2633 obscena
995 2593 1125 2632 inscius
1138 2593 1270 2642 depre-

214 2645 353 2685 hendit.
374 2648 435 2686 lib.
456 2660 511 2686 κν.
540 2647 585 2686 de
604 2648 728 2685 Ponto
750 2646 875 2694 Elegia
900 2657 994 2683 xur.

267 2713 442 2749 Carmina
466 2713 518 2749 nil
543 2712 685 2762 prosunt
709 2739 720 2756 ,
756 2720 946 2749 nocuerunt
977 2710 1137 2748 carmina
1158 2724 1268 2760 quon-

395 2763 503 2806 dam,

317 2812 506 2862 Primaque
526 2825 600 2851 tam
625 2813 767 2861 miserae
788 2812 890 2862 causa
906 2813 1005 2859 fuere
1019 2813 1137 2861 fugae.

215 2876 299 2917 Lib.
317 2891 382 2916 111.
413 2879 511 2927 Eleg.
534 2892 567 2917 v.
595 2880 702 2928 hujus
720 2880 860 2929 operisx

270 2943 383 2993 Inscia
403 2943 492 2994 qued
512 2943 641 2980 crimen
661 2946 829 2982 viderunt
849 2944 985 2982 lumina
999 2972 1009 2988 ,
1032 2943 1183 2992 pZeHor:

321 3001 571 3044 Peccatumque
590 2994 698 3031 oculos
715 2996 758 3042 est
782 2995 930 3044 habuiffe
949 3009 1077 3033 meum.

215 3059 264 3100 Et
284 3061 386 3110 Eleg.
409 3073 463 3098 vi.

268 3135 339 3167 Nec
361 3127 463 3164 breve
476 3155 486 3171 ,
516 3140 574 3163 nec
595 3136 712 3163 tutum
727 3155 735 3170 ,
767 3140 832 3176 quo
844 3125 916 3175 sint
935 3140 1010 3164 mea
1032 3128 1139 3166 dicere
1155 3128 1234 3179 caste

316 3179 473 3216 Lumina
486 3177 615 3225 funesti
636 3178 764 3226 conscia
776 3181 879 3224 sabla
902 3178 1001 3215 mali.

211 3247 312 3288 vide
334 3242 437 3295 quod
459 3243 533 3281 dixi
555 3244 592 3281 in
615 3242 721 3291 ipsius
745 3247 878 3292 poetae
899 3243 986 3281 vita.
1015 3245 1185 3284 Crofm,

260 3312 296 3353 8,
321 3308 556 3360 Jampridem
584 3306 746 3359 invisas]
795 3307 1045 3358 Jampridem
1074 3321 1159 3348 cum
1181 3310 1270 3350 ado-

2241 1748 2373 1806 Car-

1323 1877 1460 1917 lescens
1483 1877 1610 1919 essem.
1637 1880 1809 1922 Crorm.
1845 1883 2071 1934 Jampridem
2090 1882 2168 1932 visa
2188 1884 2295 1924 multi
2315 1890 2382 1925 ve-'

1324 1937 1431 1967 teres.
1457 1940 1618 1980 quatuor
1638 1934 1812 1973 meliores
1832 1963 1843 1981 ,
1881 1936 1976 1981 Jam
1997 1937 2138 1974 demum
2158 1936 2249 1985 visa.
2277 1938 2382 1987 quod

1323 1980 1468 2069 ξξὲαοῑ.
1496 1983 1644 2023 Herus.
1693 1991 1840 2024 Summa
1867 1989 1996 2034 Caefizr
2024 1987 2068 2024 ab
2093 1997 2168 2024 arte
2190 2000 2281 2027 unus
2302 1988 2383 2035 Vae

1381 2094 1439 2121 10.
1468 2082 1537 2132 Effe
1557 2086 1717 2138 nocens.]
1753 2087 1815 2126 Est
1827 2088 2059 2128 Graecismus
2073 2102 2161 2140 ,pro
2182 2090 2239 2139 effe
2261 2103 2381 2129 nocen-

1326 2142 1412 2172 tem.
1438 2134 1619 2175 chrtr..

1382 2196 1439 2223 11.
1466 2191 1538 2244 Ηζοε
1551 2188 1706 2236 precium
1728 2190 1867 2241 vitae.]
1910 2190 2071 2235 Melius,
2098 2190 2201 2239 quod
2221 2191 2258 2228 in
2280 2191 2380 2237 aliis‚‘

1324 2241 1397 2273 Hoc
1415 2244 1567 2284 pretium
1587 2251 1700 2277 curae.
1728 2241 1777 2278 D.
1799 2242 1945 2279 Hfims.
1992 2247 2109 2278 Curae
2131 2242 2263 2279 reclius
2284 2255 2379 2281 unus

1323 2285 1592 2334 Bononienfis,
1621 2290 1916 2336 Arondelianus,
1947 2292 1985 2329 δί
2007 2300 2076 2330 tres
2092 2292 2150 2329 alii
2173 2304 2238 2339 pro
2257 2292 2380 2332 diver-

1323 2338 1357 2376 sa
1376 2337 1559 2383 lectione3
1588 2351 1674 2378 nam
1696 2342 1794 2379 vitae
1815 2341 2050 2390 praecesserat
2067 2343 2176 2391 paulo
2190 2351 2286 2382 ante.
2312 2356 2380 2393 neq

1322 2400 1398 2439 que
1417 2389 1521 2427 aliter
1542 2390 1752 2431 Bersmanni
1774 2392 1877 2432 liber.
1925 2394 2045 2431 Infra:

1379 2458 1450 2490 Hoc
1466 2450 1619 2502 pretiuin
1642 2469 1742 2494 curae
1762 2457 1858 2494 dulce
1879 2456 2020 2495 recentis
2038 2468 2125 2497 erat.

1328 2515 1456 2564 Atque
1475 2518 1525 2556 ita
1543 2520 1624 2568 jam
1648 2522 1685 2560 in
1713 2524 1810 2562 notis
1841 2523 1908 2562 suis
1937 2536 2042 2563 meus
2065 2535 2203 2574 parens.
2231 2525 2379 2566 Heme·
2420 2555 2423 2557 >
2490 2515 2495 2526 ’

1326 2567 1442 2606 Studii
1464 2569 1610 2609 Lovan.

1376 2630 1430 2664 14.
1461 2621 1600 2658 cultori
1611 2623 1717 2674 suo]
1766 2626 1866 2663 Mihi
1888 2625 2056 2670 Ovidio.
2084 2627 2149 2676 qui
2172 2638 2228 2666 eas
2251 2627 2375 2674 colui,

1323 2679 1366 2706 ac
1386 2668 1539 2709 sefiatus
1560 2672 1650 2712 sum.
1680 2674 1722 2712 In
1744 2675 1816 2713 fine
1836 2676 1943 2726 hujus
1963 2677 2065 2714 libri:

1376 2742 1473 2774 Inter
1491 2748 1541 2775 tot
1557 2742 1693 2789 populi,
1722 2754 1772 2781 tot
1786 2744 1905 2794 scripn'
1927 2745 2042 2783 millia
2060 2746 2187 2792 nostri,

1427 2790 1543 2836 {Quem
1566 2804 1643 2829 mea
1664 2795 1817 2846 Calliope
1835 2796 1969 2845 laeserit
1983 2823 1994 2841 ,
2021 2809 2112 2834 unus
2130 2811 2195 2837 ero.

1325 2852 1409 2891 Lib.
1431 2867 1495 2893 111.
1523 2857 1626 2907 Eleg.
1645 2871 1724 2898 xlv.

1375 2923 1517 2973 colligis
1537 2927 1680 2976 exceptis
1701 2928 1822 2975 ecquid
1842 2942 1918 2967 mea
1939 2931 2098 2968 carmina
2117 2932 2195 2977 fhlis

1427 2975 1602 3022 Artibus,
1631 2977 1759 3026 artifici
1780 2992 1868 3029 quae
1890 2995 2027 3020 nocuere
2042 2986 2134 3032 suo?

1323 3036 1407 3075 Lib.
1428 3047 1481 3073 xv,
1503 3036 1604 3086 Eleg.
1631 3049 1662 3075 1.

1373 3097 1437 3134 Sed
1458 3110 1550 3134 nunc
1568 3098 1655 3145 quid
1664 3101 1802 3147 faciam
1814 3112 1828 3140 ,²
1842 3103 1897 3140 vis
1911 3117 1964 3140 me
1981 3113 2072 3140 tenet
2090 3103 2159 3153 ipsa
2176 3106 2368 3153 fircrorumi

1425 3152 1471 3185 Et
1487 3161 1627 3186 carmen
1653 3151 1789 3190 demens
1802 3153 1956 3192 carmine
1975 3154 2084 3204 laesus
2103 3168 2193 3196 amo,
2363 3151 2367 3155 ’

1324 3210 1421 3249 Mox
1437 3223 1445 3247 :

1378 3268 1450 3301 Nos
1468 3275 1599 3312 quoque
1617 3264 1786 3302 delec'lant
1801 3293 1811 3309 ,
1840 3268 2006 3317 quamvis
2029 3282 2186 3317 nocuere,
2215 3274 2341 3313 libellie

1433 3313 1601 3366 §Quodque
1619 3314 1708 3354 mihi
1724 3318 1832 3356 telum
1852 3320 2002 3359 vulnera
2015 3322 2100 3368 fecit
2112 3350 2124 3369 ‚
2151 3338 2241 3364 amo.

2289 3374 2371 3422 Libg
