2495 3675
652 174 1275 239 TRISTIUM
1347 175 1544 236 Lrn‘:

1616 179 1681 237 n.
2110 206 2205 257 533

238 287 342 352 2245
378 279 495 336 Nec
521 279 623 337 fuit
649 282 942 354 opprobrio
967 275 1248 334 celebrasse
1273 276 1548 349 Lycorida
1572 277 1758 344 Galle,

445 353 553 408 Sed
577 355 810 424 linguam
837 352 1004 407 nimio
1028 368 1138 406 non
1164 350 1384 404 tenuisse
1409 367 1581 404 mero.

301 481 312 490 ,
375 424 618 481 Credere
639 425 833 497 juranti
861 425 1057 479 durum
1082 435 1229 494 putat
1256 422 1358 476 effe
1395 422 1674 485 Tibullus;

450 499 535 553 Sic
563 500 723 553 etiam
750 497 820 550 de
845 497 896 550 se
920 496 1068 566 quod
1095 509 1255 564 neget
1282 496 1364 548 illa
1396 496 1524 549 viro,

375 570 577 626 Fallere
600 569 877 625 custodem
901 567 1121 620 demum
1148 567 1383 621 docuiss'e
1410 567 1606 622 fatetur
1624 597 1641 632 3

227 662 333 713 450

443 645 618 716 Seque
641 642 729 695 sua
755 639 1002 693 miserum
1034 658 1174 693 nunc
1201 640 1274 691 ait
1300 655 1410 693 arte
1437 641 1622 710 premi.

371 717 537 786 Saepe
561 714 704 768 vel-ut
731 728 999 783 gemmam
1024 712 1271 765 dominae
1298 711 1571 781 signumve
1605 712 1887 783 probaret3

437 788 542 843 Per
567 784 793 842 caussam
816 785 1058 840 meminit
1085 785 1135 839 se
1162 783 1387 853 tetigisse
1412 801 1641 839 manum.

75 1001 196 1038 Varro
226 1007 349 1041 autem
376 998 509 1048 scripfit
539 997 791 1046 Argonautica
815 1025 826 1042 ,
870 997 1116 1046 Apollonium

76 1052 261 1090 imitatus:
291 1051 348 1088 vel
366 1052 486 1098 potius
506 1050 743 1087 in-Latinum
757 1049 890 1093 vertit,
919 1057 959 1086 ut
978 1049 1118 1096 plenius

75 1102 233 1140 diximus
251 1104 288 1140 in
318 1101 498 1139 Ovidium
528 1099 574 1137 de
606 1101 698 1137 Arte
726 1100 889 1139 amandi.
927 1099 1119 1136 MERULA.

67 1153 139 1190 'His
159 1166 290 1202 quoque
303 1152 372 1190 Ms.
400 1151 623 1189 Bersmanni.
650 1155 772 1198 Argon
794 1150 870 1188 fere
891 1161 1021 1187 omnes
1041 1149 1119 1187 edi·
1166 1157 1191 1197 p

73 1203 121 1241 ti:
150 1203 258 1240 male.
276 1215 403 1240 navem
422 1202 482 1253 qui
503 1203 651 1239 Lovan.
668 1202 716 1237 ad
737 1200 848 1237 undas
866 1201 1022 1239 Moreti.

124 1264 211 1300 440.
238 1253 370 1290 Veneris
385 1251 505 1302 suae]
562 1251 783 1290 Leucadiae.
804 1251 878 1290 vid.
903 1252 1116 1301 interpretes

71 1303 120 1343 ad
140 1304 304 1353 Propert.
328 1316 373 1341 11.
395 1316 482 1341 xxv.
503 1302 562 1351 85.

125 1368 210 1401 441.
237 1361 307 1392 Nec
318 1356 431 1391 minus
452 1353 631 1402 Hortensi,
654 1365 711 1390 nec
723 1352 810 1400 sunt
830 1351 945 1390 minus
964 1353 1116 1402 improba

73 1406 174 1443 Servi
186 1406 370 1442 Carmina.
389 1404 463 1455 quis
473 1404 608 1442 dubitet
618 1404 758 1441 nomina
769 1413 874 1441 tanta
887 1404 994 1453 sequi.
1015 1404 1116 1442 Hor-

69 1456 206 1495 tensius
220 1458 256 1494 &
269 1456 412 1494 Servius
426 1454 597 1503 Sulpitius
613 1483 624 1499 ,
644 1455 811 1504 quamvis
823 1455 968 1491 ‘fuerint
982 1455 1115 1502 optimi

71 1516 235 1545 oratores
251 1535 260 1549 ,
273 1506 708 1544 mansuetioribnstamen
721 1503 828 1542 musis
840 1515 992 1552 operam
1005 1504 1115 1543 dede-

68 1568 134 1596 re:
163 1569 275 1605 quam
293 1569 371 1594 rem
395 1557 505 1595 docet
523 1556 657 1593 Plinius
673 1555 803 1602 Junior
823 1553 917 1592 libro
938 1556 1114 1604 Epistola-

67 1619 155 1646 rum
174 1609 318 1656 quinto.
336 1608 437 1654 cujus
457 1607 565 1644 verba
584 1607 675 1643 haec
690 1605 789 1642 sunt:
820 1605 882 1641 Sed
904 1619 956 1654 ego
978 1620 1113 1652 verear,

67 1671 115 1696 ⁷ne
135 1672 189 1695 me
208 1671 274 1695 non
300 1658 390 1708 satis
409 1658 522 1694 deceat
545 1685 554 1701 ‚
590 1655 680 1707 quod
711 1655 823 1693 decuit
847 1659 901 1692 M.
932 1657 1086 1693 Tullium
1101 1685 1112 1703 ‚

72 1713 114 1746 C.
136 1708 296 1746 Calvum
314 1737 324 1753 ‚
362 1708 527 1758 Asinium
558 1706 744 1744 Pollionem
768 1734 777 1750 ‚
815 1711 870 1742 M.
893 1706 1111 1755 tn'effltllam,

53 1761 145 1807 §Q-
166 1758 383 1806 Hortensium
397 1786 408 1804 ,
436 1765 491 1796 M.
510 1763 660 1794 Brutum
681 1784 691 1801 ,
721 1762 761 1795 L.
782 1755 915 1803 Syllam
929 1783 938 1800 ‚
967 1759 1018 1805 {L
1038 1763 1108 1794 Ca-

71 1809 188 1846 tulum
202 1838 211 1853 ,
240 1812 292 1859 Q
310 1809 508 1846 Scaevolam
530 1836 540 1852 ,
569 1809 730 1844 Servium
750 1805 935 1855 sulpitium
950 1835 958 1851 ‚
989 1813 1112 1844 Varro-

68 1871 171 1905 nem,
201 1865 439 1911 Torquatum,
465 1860 532 1896 imo
564 1863 751 1906 Torquatos
773 1884 782 1901 ‚
807 1861 848 1894 C.
876 1858 1114 1904 Memmium,

70 1911 279 1956 Lentulum,
308 1910 515 1948 Getulicum.
544 1908 685 1957 Sulpitii
704 1908 817 1945 etiam
841 1909 1015 1946 meminit
1036 1910 1113 1947 Au-

68 1961 191 2000 sonius
213 1990 223 2006 ,
261 1962 360 2011 cujus
382 1964 520 2010 poema
545 1959 681 2011 prurire
704 1957 796 1997 dixit
814 1967 964 2008 propter
984 1961 1115 1998 carmi-

67 2013 122 2050 nis
139 2012 336 2051 lasciviam.
362 2014 553 2050 MERULA.

66 2125 91 2162 d
117 2089 202 2163 ἴῃ.
225 2077 321 2164 l{Qus
340 2074 514 2165 dszitetff
559 2073 658 2123 Qid
680 2072 837 2111 dubitem
856 2073 1010 2113 Moreti.
1035 2073 1111 2124 quis

93 2139 113 2163 u
138 2137 207 2163 nat
256 2139 366 2165 emen
386 2156 394 2165 .

120 2203 205 2240 443.
233 2192 343 2228 Vertit
362 2191 539 2238 Aristiden
556 2189 739 2239 Sisenna.]
786 2190 832 2226 L.
850 2189 1036 2227 Sisennam
1053 2190 1109 2227 in-

63 2248 122 2280 ter
143 2250 305 2280 oratores
332 2250 523 2279 enumerat
552 2242 686 2279 Cicero
707 2267 717 2284 ‚
756 2241 857 2288 cujus
883 2240 992 2277 verba
1019 2240 1112 2277 haec

67 2292 168 2331 sunt:
198 2298 237 2330 L.
257 2293 397 2340 Sisenna
416 2292 532 2329 doetus
549 2292 609 2328 vir
622 2319 632 2336 ‚
659 2301 704 2330 ω’
719 2289 845 2337 studiis
863 2290 999 2339 optimis
1017 2291 1112 2327 dedi—

68 2352 148 2389 tus,
176 2344 255 2381 bene
285 2345 410 2380 Latine
436 2342 602 2394 loquens:
639 2355 771 2390 gnarus
792 2341 1010 2390 reipublicae:
1039 2353 1108 2377 non

62 2391 136 2444 fine
147 2394 306 2442 facetiis.-
330 2394 389 2442 sed
419 2407 525 2437 neque
547 2393 670 2430 laboris
691 2392 819 2435 multi,
848 2403 906 2427 nec
920 2391 1008 2436 satis
1026 2405 1108 2427 ver-

62 2443 164 2494 satus
185 2445 222 2481 in
234 2443 338 2493 causis
352 2473 360 2487 ,
389 2439 650 2492 interjeblusque
668 2443 758 2480 inter
773 2443 860 2478 duas
877 2450 1006 2477 aetates
1019 2448 1107 2478 Hor-

69 2493 169 2542 tensti
190 2505 232 2534 (ρ’
259 2494 395 2541 Sulpitii
416 2507 424 2530 :
463 2507 520 2529 nec
541 2493 684 2540 majores
710 2492 863 2542 consequi
879 2500 1034 2536 poterat,
1060 2503 1104 2532 (ρ’

69 2545 197 2581 minori
217 2545 331 2591 necesJe
351 2555 424 2580 erat
451 2545 570 2579 cedere.
608 2542 729 2590 Hujus
747 2543 868 2579 omnis
889 2542 1036 2579 facultas
1058 2556 1105 2581 ex

70 2595 218 2632 historia
255 2594 359 2643 ipsius
388 2594 537 2642 perspici
564 2593 698 2641 potest:
737 2595 839 2641 Qae
870 2605 978 2642 quum
999 2594 1106 2639 facile

67 2658 182 2682 omnes
205 2644 539 2693 vintatsuperiores,
560 2655 637 2680 tum
657 2642 789 2679 indicat
799 2654 918 2680 tamen
929 2654 1107 2692 quantum

67 2694 155 2744 absit
165 2695 330 2743 &summo
340 2708 512 2745 quoquam
521 2707 624 2742 genus
636 2692 694 2730 hoc
702 2694 896 2744 scriptionis
909 2721 918 2737 ,
932 2706 1009 2730 cum
1022 2707 1107 2731 non-

70 2746 207 2796 dumfit
222 2747 310 2792 settis
326 2746 459 2782 Latinis
472 2745 579 2781 literis
592 2744 817 2791 illustratum.
829 2745 1105 2783 Transtulitau·

69 2803 145 2835 tem
161 2798 181 2834 e
204 2797 348 2834 Graeco
370 2797 405 2834 in
421 2797 597 2833 Latinum
612 2794 905 2834 Aristidaelibros
916 2795 1100 2835 Milefios:

67 2845 114 2885 de
132 2846 261 2897 quibus
282 2857 387 2885 antea
408 2847 578 2884 diximus.
605 2846 795 2885 MERULA.

119 2930 202 2965 443.
241 2918 428 2965 Aristidem
464 2914 645 2966 sisennas]
709 2915 886 2961 Aristiden
923 2913 1106 2951 meliores.

65 2967 186 3006 Scribe
206 2969 313 3007 etiam
330 2998 340 3013 ,
371 2969 496 3016 Sifhna.
520 2969 570 3005 ita
592 2967 688 3004 enim
705 2967 741 3004 in
761 2966 918 3015 antiquis
938 2963 1106 3002 numisid

0 3055 1 3061 ,
64 3029 203 3057 nomen
232 3028 417 3057 exaratum
450 3018 608 3056 occurrit
638 3017 851 3054 constanter.
880 3026 1106 3063 quamquam

0 3074 1 3103 l
63 3065 208 3108 Fulvius
226 3071 376 3108 Ursinus
397 3070 580 3118 vulgatam
604 3067 812 3116 scripturam
833 3067 926 3104 bene
946 3066 979 3103 se
997 3065 1107 3102 habe·

0 3124 1 3127 ’
65 3127 104 3154 re
123 3121 327 3158 contendat.
356 3122 499 3158 Heius.
534 3119 658 3165 Cilena
682 3117 814 3155 Bersm.
835 3117 872 3154 in
892 3117 980 3153 Var.
1001 3116 1106 3153 Lec't.

115 3181 198 3216 445.
228 3177 295 3207 Nec
308 3171 385 3217 fuit
403 3169 610 3221 opprobria]
669 3175 748 3205 Non
763 3168 839 3214 fuit
861 3167 946 3205 editi
969 3168 1005 3204 ὅ(
1028 3166 1110 3204 scri-

67 3218 120 3266 pti
156 3220 313 3267 quidam.
350 3221 561 3271 opprobrium
589 3218 900 3257 Francofurtensrs
929 3219 967 3255 &
998 3217 1105 3254 multi

67 3268 138 3305 alii.
159 3269 298 3314 frustra;
323 3273 573 3319 Quinetilan.
588 3283 621 3315 7.
648 3284 732 3308 nam
753 3281 797 3312 (γ’
817 3268 994 3319 turpitudo
1009 3281 1107 3318 genet

64 3319 116 3357 tis
133 3319 296 3369 opprobrio
323 3322 443 3358 multis
451 3322 541 3368 fuit,
568 3321 696 3361 Bunm.

280 3377 375 3410 Tem.
402 3378 467 3411 111.

2115 861 2219 917 Ut-

1225 1006 1306 1043 44ς.
1335 994 1518 1045 Celebraffie
1545 997 1709 1046 Lycorida
1736 998 1836 1034 Gallo
1865 998 1961 1047 effa]
2014 1000 2074 1037 De
2107 1000 2217 1039 Gallo

1174 1050 1286 1095 poeta
1307 1046 1501 1085 Suetonius
1520 1049 1555 1085 in
1578 1049 1761 1096 Augusto:
1796 1055 1875 1085 Non
1897 1059 2017 1086 temere
2033 1079 2041 1094 ‚
2069 1052 2214 1101 inquit,

1175 1111 1216 1134 ex
1240 1097 1335 1133 omni
1355 1110 1494 1134 numero
1517 1099 1555 1134 in
1577 1100 1734 1135 amicitia
1756 1099 1826 1147 ejus
1846 1099 1964 1148 afflicii
1987 1103 2214 1148 reperientur.

1195 1157 1305 1185 raeter
1336 1148 1576 1185 Salvidienum
1601 1175 1610 1192 ,
1649 1163 1748 1198 quem
1771 1149 1820 1185 ad
1851 1150 2063 1196 consulatum
2087 1166 2216 1203 usque,

1172 1210 1216 1238 ω’
1245 1204 1348 1235 Corn.
1368 1198 1512 1235 Gallum
1536 1227 1546 1243 ,
1575 1212 1673 1247 quem
1705 1200 1752 1235 ad
1776 1201 2024 1248 praeseo‘lurarn
2053 1203 2214 1251 AEgypti,

1173 1263 1213 1286 ex
1233 1248 1356 1296 infima
1378 1259 1564 1298 utrumque
1574 1250 1722 1295 fortuna
1737 1259 1940 1299 provexerat
1954 1267 1964 1286 :
1993 1265 2137 1300 quorum
2158 1253 2214 1289 al-

1172 1310 1283 1336 terum
1315 1314 1365 1336 res
1395 1313 1504 1336 novas
1533 1299 1724 1335 molientem
1747 1328 1757 1344 ,
1804 1300 2049 1337 damnandum
2071 1302 2219 1349 senatui

1172 1350 1343 1387 tradidit:
1372 1349 1474 1386 alteri
1491 1349 1529 1386 ob
1544 1350 1723 1398 ingratum
1743 1361 1785 1389 (θ’
1805 1350 2016 1387 malevolum
2037 1353 2213 1398 animum,

1172 1399 1271 1437 domo
1285 1400 1528 1449 &provinciis
1541 1401 1613 1448 suis
1636 1400 1841 1445 interdixit,
1870 1413 1940 1439 effic.
1979 1402 2216 1441 Malevolen-

1173 1452 1244 1489 tiae
1264 1452 1370 1499 igitur
1392 1451 1488 1488 istius
1514 1450 1814 1499 significationem
1848 1452 2007 1500 aliquam
2032 1453 2124 1490 inter
2144 1465 2219 1502 p07

1174 1503 1252 1540 cula
1271 1500 1405 1540 dedisse
1425 1510 1596 1549 apparet,
1625 1501 1734 1550 idque
1764 1501 1828 1539 hic
1846 1502 1888 1538 ab
1912 1502 2054 1540 Ovidio
2078 1505 2210 1543 notari.

1171 1553 1288 1590 Addit
1300 1560 1422 1590 autem
1445 1554 1541 1589 idem
1556 1552 1709 1590 Sueton.
1734 1552 1796 1588 Sed
1807 1552 1907 1588 Gallo
1919 1565 2214 1602 quoqueeraccu-

1164 1602 1323 1649 satorum
1340 1602 1660 1640 denuntiationibus
1673 1631 1682 1647 ,
1711 1603 2069 1652 &senatusconsultis
2088 1605 2136 1641 ad
2154 1609 2214 1643 ne}

1170 1666 1239 1691 cem
1269 1653 1431 1702 compulfh
1454 1681 1465 1698 ‚
1492 1653 1658 1690 laudavit
1688 1653 1834 1702 quidam
1855 1653 2018 1702 pietatem
2038 1663 2211 1704 tantopere

1161 1713 1222 1753 pro
1236 1705 1272 1751 se
1291 1704 1556 1752 indignantium
1586 1720 1597 1740 .-
1632 1714 1778 1740 ceterum
1806 1716 1849 1743 ω’
1869 1704 2111 1752 illacrymavit
2130 1733 2140 1749 ,
2165 1714 2215 1746 ω’,

1168 1755 1278 1791 vicem
1293 1756 1398 1801 suam
1428 1754 1621 1805 conquestus
1649 1754 1692 1800 est
1705 1781 1714 1797 ,
1742 1755 1831 1804 quod
1844 1753 1911 1802 fibi
1922 1755 1987 1803 fidi
2009 1769 2075 1792 non
2096 1755 2213 1792 liceret

1168 1804 1309 1849 amicis,
1337 1814 1507 1853 quatenus
1529 1804 1661 1849 vellet,
1696 1804 1806 1853 irasci.
1855 1805 1909 1841 Ex
1937 1805 2066 1853 quibus
2096 1805 2215 1844 verbis

1169 1863 1290 1904 patet,
1304 1855 1451 1893 Gallum
1466 1855 1528 1893 fibi
1546 1855 1609 1903 ipsi
1627 1864 1787 1892 mortem
1801 1854 2026 1893 consciviffe.
2054 1855 2091 1893 id
2103 1855 2215 1904 quod.

1171 1907 1210 1944 δε
1229 1905 1314 1944 alibi
1341 1905 1499 1944 Ovidius
1521 1907 1662 1950 innuit,
1689 1917 1773 1944 cum
1796 1905 1915 1955 inquit
1936 1934 1947 1950 ‚
1985 1907 2140 1955 Corporis
2155 1911 2217 1943 ata

1169 1970 1235 2006 que
1262 1956 1404 1994 animae
1422 1956 1556 2007 prodige
1582 1957 1681 1993 Galle
1702 1966 1792 1994 tuae.
1841 1957 1987 1993 Servius
2013 1965 2137 1994 autem
2163 1957 2213 1995 ob

1169 2007 1411 2055 suspicionem
1434 2035 1446 2052 ,
1480 2016 1656 2056 tanquam
1685 2007 1723 2045 in
1746 2006 1949 2056 Augustum
1971 2005 2214 2056 conjurasset,

1168 2057 1405 2095 interfedtum
1417 2058 1516 2096 dicit.
1543 2058 1643 2096 Vide
1655 2058 1784 2108 Eclog.
1800 2068 1856 2096 10.
1868 2057 2034 2107 Vergilii.
2061 2058 2215 2097 M1cr1..

1167 2108 1255 2147 Vid.
1281 2108 1326 2147 ad
1346 2119 1411 2145 111.
1432 2110 1567 2146 Amor.
1586 2120 1638 2146 xx.
1658 2109 1720 2158 63.
1777 2143 1781 2146 .

1218 2174 1300 2220 446.
1329 2172 1583 2223 Nontenuiffe]
1612 2172 2213 2224 Continuiffequidarn.continuaffi

1167 2225 1345 2274 quinque.
1362 2238 1430 2261 non
1451 2225 1620 2273 temerasse
1641 2224 1790 2263 Putean.
1810 2239 1879 2262 non
1895 2223 2042 2272 tenuasse
2060 2224 2159 2261 alius.

1220 2286 1303 2331 448.
1330 2291 1401 2322 Hoc
1419 2286 1524 2321 etiam
1546 2284 1586 2320 de
1597 2283 1674 2334 se.]
1703 2284 1794 2321 Hinc
1811 2284 1887 2322 duo
1906 2292 2059 2321 veteres.
2089 2283 2211 2320 Com:

1165 2335 1292 2374 bianus
1313 2336 1352 2373 &
1379 2344 1448 2373 tres
1470 2335 1550 2379 alii,
1577 2335 1655 2373 Hic.
1683 2347 1800 2379 unus,
1829 2341 1932 2372 Haec.
1973 2334 2114 2377 Scribe,
2142 2331 2207 2369 Sic.

1162 2385 1303 2425 Tibulli
1320 2386 1378 2424 illa
1401 2386 1554 2434 respexit
1574 2385 1634 2423 lib.
1654 2398 1682 2422 1.
1704 2397 1773 2422 vir.
1796 2396 1831 2431 7.

1212 2449 1280 2487 Illa
1302 2449 1438 2498 quidem
1457 2460 1533 2487 tam
1563 2448 1679 2486 multa
1698 2458 1799 2496 negat
1813 2476 1823 2492 ,
1845 2447 1907 2496 sed
1927 2447 2054 2484 credere
2073 2446 2206 2482 durum

1334 2500 1399 2548 est.-

1264 2552 1316 2588 Sic
1335 2552 1440 2588 etiam
1461 2550 1502 2588 de
1522 2564 1574 2588 me
1588 2559 1746 2600 pernegat
1764 2563 1868 2599 usque
1885 2548 1974 2586 viro.

1161 2613 1307 2651 Hms.
1334 2614 1476 2662 Sicjam
1511 2614 1536 2658 J.
1558 2614 1690 2650 Douza
1712 2611 1874 2650 Praecid.
1902 2610 1947 2646 ad
1966 2607 2107 2646 Tibull.
2123 2608 2204 2656 cap2

1163 2674 1197 2712 3.
1222 2664 1313 2714 quod
1330 2675 1428 2713 negat
1460 2665 1531 2701 ΜΞ.
1549 2663 1683 2701 Bersm.
1712 2661 1885 2700 &'multi
1907 2661 1975 2698 alii.
2001 2658 2092 2707 quod
2103 2665 2205 2706 negat

1160 2715 1230 2765 ipsa
1252 2716 1420 2753 Bcrnens.
1442 2728 1517 2751 cum
1539 2724 1638 2762 negat
1658 2714 1764 2751 I'olit.
1785 2712 1849 2750 ult.

1212 2793 1297 2828 449.
1326 2779 1455 2818 Fallere
1475 2777 1676 2828 custodem]
1722 2777 1852 2814 Malim
1875 2803 1885 2820 ‚
1912 2773 2069 2819 custodes.
2095 2770 2202 2815 Idem

1158 2830 1299 2870 Tibull.

1212 2883 1279 2929 Ipse
1298 2881 1398 2925 miser
1415 2880 1535 2923 docui,
1565 2892 1629 2928 quo
1643 2878 1740 2927 posset
1763 2877 1876 2914 ludere
1892 2878 1990 2925 paHo

1262 2931 1431 2979 Custodes.
1457 2930 1538 2966 eheu
1559 2942 1650 2965 nunc
1667 2940 1798 2976 premor
1820 2938 1894 2963 arte
1911 2939 2003 2963 mea.

1160 2995 1310 3032 Hiems.
1340 2992 1578 3029 Gronovium
1607 3002 1651 3026 ex
1678 2990 1741 3027 suo
1771 2989 1862 3026 libro
1892 2984 2039 3036 legisse,
2070 2986 2198 3023 Fallere

1162 3045 1326 3091 custodem
1342 3042 1519 3078 dominam
1543 3040 1826 3088 (locuiffifiztetur
1842 3067 1852 3082 ,
1873 3046 2065 3076 notaverat
2084 3038 2202 3074 Hein-

1163 3096 1242 3133 sius.
1273 3105 1349 3131 non
1375 3093 1483 3130 male.
1509 3092 1568 3130 sed
1589 3092 1673 3140 quia
1693 3091 1857 3139 sequenti
1887 3088 2038 3125 disticho
2068 3088 2200 3124 iterum

1163 3146 1322 3182 dominae
1340 3144 1497 3192 sequitur
1510 3154 1606 3187 ,non
1625 3142 1775 3178 accedo.
1788 3139 1929 3176 tandem
1948 3138 2057 3175 rant.
2078 3140 2113 3173 ὃ(
2135 3146 2204 3190 tres

1165 3196 1237 3233 alii.
1262 3196 1358 3233 forte
1388 3194 1518 3242 scripsit
1540 3222 1549 3236 ,
1576 3191 1704 3239 fallere
1726 3191 1890 3237 custodem
1914 3190 2048 3226 demens
2071 3188 2172 3232 doctus
2191 3197 2206 3222 c

1156 3249 1304 3295 fatetur.
1334 3253 1371 3282 ut
1393 3257 1436 3282 11.
1458 3245 1591 3281 Amor.
1610 3256 1662 3280 iv.
1685 3256 1719 3289 4.

1213 3319 1257 3362 Jn
1276 3324 1352 3352 mea
1375 3322 1467 3345 nunc
1489 3310 1625 3349 demens
1648 3307 1798 3347 crimina
1813 3304 1920 3355 saffus
1939 3317 1984 3342 eo.

1336 3362 1369 3410 ἵ
1385 3372 1407 3410 t
1422 3372 1447 3411 y
2139 3347 2215 3390 ¹¹00
