2495 3675
233 183 337 248 456

708 176 768 232 P.
844 142 1259 233 0V1D11
1333 173 1865 239 NAsoN1s

553 274 722 331 Nunc
749 277 953 350 gelidus
979 276 1115 332 sicca
1143 275 1340 328 Boreas
1365 273 1654 330 bacchatur
1681 277 1744 330 ab
1772 280 1966 336 Arsto:

622 351 782 406 Nunc
810 351 983 404 Notus
1007 346 1221 402 adversa
1251 347 1451 418 proelia
1476 346 1656 402 fronte
1685 350 1837 420 gerit.

555 422 762 478 Refior
789 426 843 476 in
866 424 1077 476 incerto
1102 419 1203 474 est:
1242 438 1340 473 nec
1370 421 1501 492 quid
1529 420 1768 492 fugiatve
1793 436 2008 495 petatve

629 496 851 550 Invenit.
891 493 1148 563 ambiguis
1173 509 1252 545 ars
1275 490 1447 564 stupet
1471 494 1575 565 ipsa
1603 497 1764 548 malis,

559 569 772 625 Scilicet
800 566 1126 627 occidimuS,
1165 582 1266 618 nec
1292 566 1431 636 speS,
1456 567 1549 620 nili
1577 586 1704 622 vana
1723 609 1736 629 ‚
1761 569 1963 623 salutis:

635 641 891 712 Dumque
918 639 1140 708 loquor,
1180 638 1354 692 vultus
1381 639 1559 693 obruit
1588 641 1729 694 unda
1754 659 1920 696 meos,

555 715 842 787 Opprimet
868 712 1004 766 hanc
1031 711 1259 764 animam
1284 710 1500 766 fluGlus:
1543 713 1837 789 frustraque
1862 714 2100 788 precanti

632 789 745 841 Ore
769 800 1044 839 necaturas
1067 783 1387 855 accipiemus
1413 803 1584 857 aquas.

554 864 633 916 At
662 860 745 930 pia
770 859 839 912 nil
866 857 1003 911 aliud
1032 874 1192 928 quam
1220 873 1306 909 me
1333 858 1480 912 dolet
1510 859 1686 914 exsule
1710 860 1934 930 conjux:

637 935 768 986 Hoc
796 948 961 984 unum
990 929 1151 982 nostri
1178 929 1382 1002 scitque
1404 933 1682 1005 gemitque
1709 935 1844 988 mali.

553 1006 736 1063 Nescit
763 1006 818 1058 in
841 1001 1290 1072 immensojastari
1316 1021 1543 1073 corpora
1570 1019 1767 1076 ponto:

631 1078 813 1133 Nescit
841 1076 924 1147 agi
947 1077 1146 1129 ventis:
1184 1075 1348 1129 nescit
1375 1076 1548 1131 adesse
1573 1096 1781 1133 necem.

556 1155 631 1210 Di
657 1154 821 1212 bene,
859 1147 1009 1221 quod
1035 1166 1143 1202 non
1169 1148 1281 1201 sum
1310 1166 1523 1204 mecum
1545 1151 1915 1208 conscendere
1931 1152 2126 1226 passus:

414 736 478 785 35

412 1100 483 1152 40

628 1227 712 1281 Ne
737 1222 866 1278 mihi
889 1238 1031 1276 mors
1057 1221 1250 1276 misero
1277 1221 1353 1275 bis
1379 1223 1627 1293 patienda
1655 1224 1822 1279 foret!

264 1444 442 1484 Manilius
459 1442 520 1481 lib.
543 1453 596 1480 w.

317 1497 428 1545 Asper
446 1494 490 1532 ab
508 1507 574 1530 axe
593 1490 665 1528 ruit
688 1495 832 1531 Borean
857 1484 948 1535 sugit
967 1488 1080 1521 Eurus
1097 1484 1140 1522 ab
1158 1495 1260 1530 ortu;

313 1546 565 1632 Austerdamat
584 1541 737 1580 medium
751 1539 882 1590 solem;
913 1538 1155 1587 Zephyrusque
1167 1540 1313 1587 prosim-

470 1609 542 1633 um.

263 1663 436 1701 ὦσι-ΑΝ.
466 1659 509 1697 In
541 1669 618 1697 uno
640 1656 827 1694 Vaticano
849 1660 925 1692 erat
949 1681 959 1698 ,
997 1651 1090 1689 vires
1109 1651 1212 1702 rapit.
1237 1651 1312 1691 ele-

263 1723 479 1801 ga3}.r‘8ero
500 1758 669 1809 vespera]
699 1764 798 1797 Sacro
820 1771 858 1794 v.
879 1756 1023 1803 Junian.

316 1841 379 1875 29.
407 1825 500 1862 Sicca
524 1822 671 1872 Amilo]
728 1821 768 1859 Id
801 1821 872 1865 est,
900 1818 1056 1869 aequoris
1082 1827 1214 1868 experte
1234 1846 1244 1861 ,
1271 1826 1312 1856 ut

262 1878 351 1919 alibi
370 1877 544 1924 loquitur.
573 1875 631 1910 vel
659 1884 781 1910 revera
802 1871 904 1909 [περ.
932 1880 971 1908 ut
992 1868 1093 1918 ficcos
1123 1868 1313 1918 Aquilones

265 1930 359 1968 dixit
381 1928 441 1965 lib.
462 1937 525 1963 ιη.
548 1925 650 1972 Eleg.
673 1936 707 1961 x.
737 1923 910 1960 Manilius
931 1922 990 1959 lib.
1003 1934 1030 1958 1.

317 1990 425 2028 Alter
445 1986 488 2022 ab
506 1985 628 2031 excelso
645 1985 823 2021 decurrens
843 1983 940 2020 limes
962 1982 1104 2030 Olympo

317 2038 483 2088 Serpentis
504 2037 652 2073 caudam
665 2064 675 2080 ‚
698 2034 803 2083 siccas
821 2046 863 2073 ω’
884 2034 1017 2070 dividit
1038 2034 1177 2069 Areios.

260 2102 331 2131 rres
352 2100 492 2128 tantum
509 2089 671 2136 antiqui,
686 2085 842 2133 scythica
857 2087 964 2122 Arc‘lo
976 2112 987 2129 ,
1007 2083 1206 2133 quomodo
1217 2080 1314 2131 apud

265 2143 461 2183 Sidonium
485 2139 711 2186 Panegyrico
738 2137 857 2173 Aviti:

496 2189 653 2236 Scythica
676 2187 807 2223 nutrite
821 2186 888 2233 sub
911 2187 1018 2223 Arc‘t'o

317 2239 497 2293 Qifuris
514 2267 524 2283 ‚
551 2251 594 2279 (9¹
615 2239 704 2287 caeso
727 2246 872 2275 tantum
900 2238 960 2285 qui
980 2235 1062 2283 fidis
1082 2235 1218 2274 inermi.

264 2298 411 2336 Hfims.

317 2366 377 2404 30.
407 2355 571 2402 Adversa
585 2352 755 2402 fronte.]'
790 2352 822 2389 E
847 2352 996 2400 regione
1016 2349 1168 2388 Boreae.
1196 2348 1312 2387 Ctof.

269 2406 412 2454 Aversa
435 2408 581 2443 Lovan,
599 2405 749 2451 adversa
770 2414 884 2440 mente
904 2403 1055 2440 Putean.
1076 2401 1175 2437 alter.

319 2468 378 2505 31.
406 2457 560 2506 Rectam]
627 2456 759 2494 Navis.
785 2453 833 2492 fic
861 2453 1025 2503 loquitur
1064 2453 1119 2489 M.
1154 2449 1312 2488 Tullius.

265 2507 436 2545 (hofm.

315 2570 373 2605 31.
403 2565 442 2594 In
461 2559 587 2595 incerto
610 2557 676 2604 est,
705 2569 763 2593 nec
790 2555 876 2604 quid
898 2554 1065 2602 fugiatve
1092 2561 1231 2599 petatve
1253 2558 1312 2588 In-

260 2609 379 2653 venit,
409 2610 580 2657 ambiguis
599 2622 656 2645 ars
671 2608 780 2656 stupet
802 2608 873 2655 ipsa
895 2603 1036 2652 malis.]
1067 2604 1192 2652 Elegia
1215 2615 1284 2644 ιιι,

314 2672 457 2707 Navita
480 2671 637 2719 consessus
656 2669 811 2718 gelidum
828 2666 957 2715 pallore
973 2666 1134 2701 timorem
1148 2693 1157 2708 ,

365 2724 456 2767 Jam
470 2723 628 2772 sequitur
649 2721 785 2764 victus,
813 2731 881 2754 non
902 2716 987 2765 regit
1006 2727 1082 2751 arte
1099 2725 1226 2751 ratem.

263 2770 311 2808 Et
331 2772 455 2820 Elegia
476 2785 510 2809 x.

316 2825 382 2871 Ipse
400 2821 756 2869 gubernator‚tollens
778 2818 949 2868 adfidera
967 2816 1106 2866 palmas
1120 2844 1131 2861 ,

365 2875 521 2919 Exposcit
543 2875 633 2909 votis
651 2874 833 2908 immemor
852 2870 941 2906 arcis
960 2878 1063 2917 opem.

261 2923 309 2961 Et
325 2922 385 2960 lib.
411 2935 469 2959 xi.
492 2922 860 2971 Metamorphoseos:

313 2986 380 3035 Ipse
397 2994 502 3034 pavet
517 3013 526 3028 ‚
560 2987 667 3033 necse
681 3014 691 3029 ,
719 2988 793 3035 quis
806 2983 853 3033 fit
866 2983 1004 3030 status,
1034 2983 1098 3032 ipsc*
1111 2984 1251 3030 fatetur

312 3039 402 3074 Scire
421 3037 507 3071 ratis
526 3039 630 3071 rector
645 3063 655 3078 ,
680 3049 738 3071 nec
763 3036 847 3083 quid
862 3034 1029 3082 jubeatve
1051 3062 1060 3078 ‚
1089 3035 1235 3071 velitve.

259 3103 337 3140 Ubi
369 3102 467 3138 hunc
495 3099 609 3148 ipsum
636 3110 790 3145 quoque
819 3098 945 3134 locum
975 3099 1013 3135 ὅ(
1053 3099 1121 3136 alia
1150 3097 1310 3135 contuli-

259 3165 366 3196 mus,
394 3163 488 3200 quae
519 3160 623 3198 potes
654 3149 854 3186 consulere.
905 3148 966 3184 Ad
996 3149 1129 3186 horum
1153 3149 1308 3187 alterum

255 3204 383 3243 locum
407 3198 595 3250 respexisse
619 3200 763 3237 videtur
786 3198 958 3235 Lucanus
985 3198 1044 3236 lib.
1065 3211 1100 3236 v,

300 3268 408 3306 Artis
429 3276 519 3316 opem
542 3264 652 3301 vicere
675 3275 807 3306 metus,
838 3262 1008 3313 nescitque
1027 3261 1182 3312 magister

290 3323 415 3370 Qtam
433 3321 588 3367 frangat
601 3344 612 3362 ,
642 3315 697 3353 cui
715 3314 814 3352 cedat
834 3326 959 3364 aquae.

2340 1302 2418 1356 At

1367 1435 1562 1475 Perlimilis
1578 1435 1681 1475 locus
1699 1436 1748 1475 est
1771 1436 1809 1474 &
1827 1436 1890 1476 lib.
1917 1449 1999 1478 111.
2028 1437 2233 1478 Fastorum:

1418 1499 1590 1548 Affiliunt
1602 1500 1734 1551 fluffus
1747 1518 1758 1538 .-
1787 1502 1922 1553 imoque
1939 1501 1963 1539 a*
1978 1504 2111 1552 gurgite
2126 1514 2251 1552 pontus

1476 1552 1652 1589 Vertitur.-
1673 1564 1717 1592 <9¹
1739 1566 1843 1590 canas
1864 1554 1988 1590 alveus
2014 1554 2136 1591 haurit
2157 1568 2282 1606 aquas.

1420 1603 1579 1640 Vincitur
1603 1617 1660 1640 ars
1678 1615 1803 1641 vento:
1833 1617 1891 1641 nec
1903 1606 1982 1654 jam
2003 1605 2197 1642 moderator
2215 1605 2358 1645 habenis

1470 1655 1610 1691 Utitur:
1639 1665 1679 1691 at
1701 1655 1793 1691 votis
1811 1655 1841 1692 is
1859 1669 1990 1707 quoque
2004 1657 2110 1706 poscit
2131 1665 2236 1706 opem.

1369 1704 1544 1744 C10FAN.

1421 1783 1479 1820 32.
1515 1777 1589 1810 Ars
1606 1771 1758 1822 stupet]
1817 1778 1920 1809 Mens
1943 1772 2055 1821 stupet
2093 1772 2347 1810 Lovanienfis.
2371 1785 2418 1812 an

1367 1822 1565 1872 legendum
1593 1852 1604 1868 ,
1640 1837 1736 1861 mens
1759 1822 1871 1871 stupet
1915 1823 1987 1859 iota
2016 1823 2131 1860 malis.
2172 1832 2212 1861 ut
2243 1836 2288 1860 11.
2330 1824 2418 1863 Fast.

1370 1874 1455 1913 818.
1484 1877 1609 1922 §Quove
1630 1873 1676 1923 fit
1698 1875 1766 1910 iota
1792 1874 1895 1911 malo.
1924 1874 2106 1912 Gerardus
2130 1874 2323 1912 Maurisius
2344 1876 2415 1913 Hi-

1367 1926 1450 1963 stot.
1471 1926 1729 1963 Dominorum
1748 1924 1793 1962 de
1816 1925 1992 1962 Romano
2013 1937 2138 1973 pag.2.
2165 1926 2296 1969 habet,
2324 1931 2420 1963 Am-

1367 1976 1476 2024 biguis
1494 1976 1640 2025 obstupet
1658 1977 1721 2024 ipse
1741 1975 1857 2014 malis.
1872 1975 1936 2013 sed
1955 1988 2012 2012 ars
2033 1988 2110 2013 non
2126 1987 2334 2015 moverem.
2353 1976 2420 2015 Se-

1366 2038 1448 2065 nec.
1476 2029 1613 2076 Agam.
1632 2038 1744 2075 3007.

1368 2142 1396 2180 B
1422 2092 1488 2129 Nil
1509 2093 1600 2130 ratio
1618 2103 1662 2133 (9·
1682 2093 1761 2141 usus
1779 2092 1896 2130 audet.
1920 2105 1978 2128 ars
1999 2088 2083 2137 ceffit
2102 2091 2219 2130 malis.

1402 2157 1500 2181 unm.

1423 2207 1481 2244 33.
1512 2201 1582 2232 Nec
1593 2195 1665 2244 spes
1685 2193 1728 2240 est
1748 2193 1822 2231 ulla
1832 2191 2001 2242 salutis.]
2049 2197 2120 2228 Nec
2138 2191 2210 2240 spes
2224 2218 2234 2234 ,
2262 2189 2329 2240 nisi
2347 2204 2417 2228 va·

1369 2259 1441 2290 na,
1462 2246 1590 2292 salutis
1621 2244 1851 2282 Combianus
1880 2244 1990 2286 liber,
2019 2241 2140 2279 multo
2170 2242 2415 2283 numerosius.

1372 2297 1561 2345 Legebam
1581 2294 1780 2345 aliquando
1803 2323 1815 2340 ,
1852 2307 1911 2331 nec
1934 2294 2005 2341 spes
2017 2299 2118 2341 super
2140 2291 2214 2329 ulla
2233 2292 2345 2343 saluti
2363 2293 2418 2339 est.

1372 2348 1515 2385 HmNs.

1427 2410 1485 2448 37.
1514 2403 1570 2434 At
1588 2396 1685 2447 pta]

1419 2449 1476 2497 38.
1503 2449 1638 2500 scitque
1671 2447 1883 2497 gemitque]

1369 2499 1515 2538 Hiatus.

1421 2563 1480 2599 39.
1509 2548 1845 2599 Jactaricorpora]
1878 2547 1959 2584 Lib.
1987 2558 2069 2585 111.
2088 2545 2191 2594 Eleg.
2216 2558 2272 2584 11.
2316 2551 2416 2584 Dum

1368 2611 1487 2639 tamen
1501 2630 1512 2647 ,
1537 2603 1708 2642 &ventis
1728 2600 1852 2636 dubius
1867 2597 2050 2648 jactabar,
2082 2608 2124 2636 <9³
2138 2596 2252 2633 undis.
2282 2597 2396 2636 Ciof.

1419 2665 1479 2694 41.
1516 2658 1545 2688 O
1577 2652 1680 2695 bene,
1715 2651 1806 2702 quod
1837 2663 1904 2686 non
1930 2654 2008 2697 sum
2041 2660 2174 2684 mecum
2205 2647 2419 2693 conscendere

1363 2702 1534 2752 paffus!]
1565 2703 1712 2751 Elegia,
1739 2712 1834 2751 quae
1853 2702 2024 2750 proxime
2046 2697 2229 2746 sequitur,
2257 2697 2302 2735 de
2324 2711 2420 2746 uxot

1366 2763 1427 2790 re:

1742 2402 1796 2433 At
1818 2409 1893 2432 mea
1919 2394 2200 2442 Frangevii.

1955 2446 2095 2494 fletque
2139 2445 2277 2493 Regius
2314 2444 2418 2483 liber·

1472 2803 1649 2840 Accedam
1670 2806 1830 2853 profugae
1848 2801 1990 2850 sarcina
2007 2807 2121 2847 parva
2142 2798 2214 2835 rati
2227 2812 2236 2837 :

1420 2859 1465 2891 Te
1478 2855 1575 2902 jubet
1592 2856 1617 2891 ἂ
1633 2856 1752 2904 patria
1776 2853 1940 2901 discedere
1962 2850 2117 2898 Caesaris
2135 2849 2212 2893 ira,

1471 2911 1532 2941 Me
1549 2907 1656 2953 pietas
1670 2934 1680 2949 ‚
1705 2905 1811 2954 pietas
1831 2903 1912 2938 haec
1932 2901 2020 2937 mihi
2044 2900 2171 2946 Caesar
2189 2900 2267 2939 erit.

1420 2956 1521 2991 Talia
1543 2956 1702 2991 tentabat
1718 2981 1728 2996 ‚
1748 2953 1837 3001 sicut
1858 2961 2062 2988 tentaverat
2081 2961 2163 2986 ante
2179 2978 2189 2994 ,

1473 3005 1603 3054 Vixque
1622 3005 1716 3040 dedit
1738 3005 1850 3040 victa,
1870 3003 2025 3039 utilitate
2045 3013 2183 3038 manus.

1367 3059 1540 3095 Cmrm.
1588 3055 1642 3090 Di
1667 3054 1746 3090 bene
1768 3053 1856 3091 octo
1880 3064 1941 3089 aut
1963 3061 2103 3089 novem
2125 3063 2169 3087 ex
2193 3051 2413 3089 melioribus.

1366 3110 1414 3147 ita
1435 3106 1564 3144 Statius
1580 3132 1590 3147 ‚
1610 3105 1831 3142 Claudianus
1845 3132 1855 3147 ,
1885 3102 2068 3140 Ausonius
2086 3128 2094 3143 ‚
2121 3102 2192 3139 alii.
2219 3103 2414 3150 quomodo

1368 3162 1407 3197 ὅ(
1429 3156 1481 3194 Di
1504 3156 1624 3191 melius
1638 3183 1646 3196 ,
1667 3158 1705 3193 &
1722 3154 1772 3191 Di
1791 3154 1944 3190 meliora.
1976 3152 2121 3188 Hiems.
2144 3157 2172 3187 O
2197 3152 2277 3189 bene
2295 3154 2415 3190 Hein-

1367 3210 1436 3248 sius
1456 3207 1528 3254 ipse
1547 3207 1590 3243 ad
1613 3207 1672 3243 lib.
1686 3217 1730 3242 11.
1754 3205 1834 3242 Art.
1854 3207 1939 3251 6c5.
1967 3202 2187 3249 Simpliciter
2209 3202 2289 3239 bene
2308 3203 2414 3240 habet

1369 3257 1525 3308 Quimst.
1546 3257 1651 3295 Deci.
1664 3268 1724 3293 xv,
1739 3268 1764 3291 t.
1797 3260 1884 3291 Bene
1899 3281 1909 3297 ,
1938 3253 2027 3304 quod
2047 3262 2091 3291 <9¹
2107 3253 2271 3290 terribilis
2289 3264 2331 3292 (9¹
2348 3254 2416 3288 mi·

1362 3324 1436 3349 nax
1457 3308 1500 3355 est
1515 3316 1653 3357 pauper.
1673 3309 1710 3345 &
1736 3305 1815 3343 bene
1836 3304 1978 3355 quidem
1993 3331 2003 3349 ,
2034 3303 2140 3343 Decl.
2166 3316 2221 3342 11.
2245 3314 2302 3352 13.
2325 3307 2414 3359 Bene

2332 3364 2411 3401 qul}
