<?xml version="1.0" encoding="UTF-8"?>
<!DOCTYPE html PUBLIC "-//W3C//DTD XHTML 1.0 Transitional//EN"
    "http://www.w3.org/TR/xhtml1/DTD/xhtml1-transitional.dtd">
<html xmlns="http://www.w3.org/1999/xhtml" xml:lang="en" lang="en">
 <head>
  <title>
</title>
<meta http-equiv="Content-Type" content="text/html;charset=utf-8" />
  <meta name='ocr-system' content='tesseract 3.04.00' />
  <meta name='ocr-capabilities' content='ocr_page ocr_carea ocr_par ocr_line ocrx_word'/>
</head>
<body>
  <div class='ocr_page' id='page_1' title='image "./publiiovidiinaso03ovid_0570.png"; bbox 0 0 2495 3675; ppageno 0'>
   <div class='ocr_carea' id='block_1_1' title="bbox 258 178 360 233">
    <p class='ocr_par' dir='ltr' id='par_1_1' title="bbox 258 178 360 233">
     <span class='ocr_line' id='line_1_1' title="bbox 258 178 360 233; baseline -0.039 0"><span class='ocrx_word' id='word_1_1' title='bbox 258 178 360 233; x_wconf 79' lang='lat'>550</span> 
     </span>
    </p>
   </div>
   <div class='ocr_carea' id='block_1_2' title="bbox 764 130 1925 215">
    <p class='ocr_par' dir='ltr' id='par_1_2' title="bbox 764 130 1925 215">
     <span class='ocr_line' id='line_1_2' title="bbox 764 130 1925 215; baseline -0.007 0"><span class='ocrx_word' id='word_1_2' title='bbox 764 157 827 215; x_wconf 80' lang='lat' dir='ltr'>P.</span> <span class='ocrx_word' id='word_1_3' title='bbox 896 130 1320 215; x_wconf 33' lang='lat' dir='ltr'>*ov1D11</span> <span class='ocrx_word' id='word_1_4' title='bbox 1392 147 1925 207; x_wconf 83' lang='lat' dir='ltr'>NAsoNts</span> 
     </span>
    </p>
   </div>
   <div class='ocr_carea' id='block_1_3' title="bbox 404 248 2258 911">
    <p class='ocr_par' dir='ltr' id='par_1_3' title="bbox 542 248 2148 400">
     <span class='ocr_line' id='line_1_3' title="bbox 542 248 2148 332; baseline -0.004 -16"><span class='ocrx_word' id='word_1_5' title='bbox 542 258 673 316; x_wconf 86' lang='lat' dir='ltr'>Inde</span> <span class='ocrx_word' id='word_1_6' title='bbox 699 272 886 332; x_wconf 83' lang='lat' dir='ltr'>petens</span> <span class='ocrx_word' id='word_1_7' title='bbox 915 258 1162 314; x_wconf 79' lang='lat' dir='ltr'>dextram</span> <span class='ocrx_word' id='word_1_8' title='bbox 1180 297 1192 319; x_wconf 95' lang='lat'>‚</span> <span class='ocrx_word' id='word_1_9' title='bbox 1233 255 1394 308; x_wconf 87' lang='lat' dir='ltr'>Porta</span> <span class='ocrx_word' id='word_1_10' title='bbox 1420 249 1523 312; x_wconf 89' lang='lat' dir='ltr'>est,</span> <span class='ocrx_word' id='word_1_11' title='bbox 1560 248 1661 311; x_wconf 86' lang='lat' dir='ltr'>ait,</span> <span class='ocrx_word' id='word_1_12' title='bbox 1698 248 1790 302; x_wconf 86' lang='lat' dir='ltr'>ista</span> <span class='ocrx_word' id='word_1_13' title='bbox 1813 250 2006 309; x_wconf 77' lang='lat' dir='ltr'>Palati:</span> <span class='ocrx_word' id='word_1_14' title='bbox 2146 316 2148 319; x_wconf 49' lang='grc'><strong>,</strong></span> 
     </span>
     <span class='ocr_line' id='line_1_4' title="bbox 618 321 2085 400; baseline -0.003 -13"><span class='ocrx_word' id='word_1_15' title='bbox 618 332 733 387; x_wconf 86' lang='lat' dir='ltr'>Hic</span> <span class='ocrx_word' id='word_1_16' title='bbox 759 333 964 387; x_wconf 86' lang='lat' dir='ltr'>Stator:</span> <span class='ocrx_word' id='word_1_17' title='bbox 1006 332 1109 385; x_wconf 86' lang='lat' dir='ltr'>hoc</span> <span class='ocrx_word' id='word_1_18' title='bbox 1138 328 1368 400; x_wconf 88' lang='lat' dir='ltr'>primum</span> <span class='ocrx_word' id='word_1_19' title='bbox 1399 323 1615 377; x_wconf 88' lang='lat' dir='ltr'>condita</span> <span class='ocrx_word' id='word_1_20' title='bbox 1639 321 1820 376; x_wconf 87' lang='lat' dir='ltr'>Roma</span> <span class='ocrx_word' id='word_1_21' title='bbox 1845 324 1968 380; x_wconf 91' lang='lat' dir='ltr'>loco</span> <span class='ocrx_word' id='word_1_22' title='bbox 1995 326 2085 383; x_wconf 90' lang='lat' dir='ltr'>est.</span> 
     </span>
    </p>

    <p class='ocr_par' dir='ltr' id='par_1_4' title="bbox 551 395 1893 550">
     <span class='ocr_line' id='line_1_5' title="bbox 551 395 1893 478; baseline -0.011 -16"><span class='ocrx_word' id='word_1_23' title='bbox 551 406 768 478; x_wconf 85' lang='lat' dir='ltr'>Singula</span> <span class='ocrx_word' id='word_1_24' title='bbox 796 406 926 459; x_wconf 89' lang='lat' dir='ltr'>dum</span> <span class='ocrx_word' id='word_1_25' title='bbox 950 404 1147 463; x_wconf 81' lang='lat' dir='ltr'>miror3</span> <span class='ocrx_word' id='word_1_26' title='bbox 1191 400 1354 454; x_wconf 90' lang='lat' dir='ltr'>video</span> <span class='ocrx_word' id='word_1_27' title='bbox 1381 395 1893 468; x_wconf 87' lang='lat' dir='ltr'>fulgentibus-armis</span> 
     </span>
     <span class='ocr_line' id='line_1_6' title="bbox 624 469 1822 550; baseline -0.01 -16"><span class='ocrx_word' id='word_1_28' title='bbox 624 479 958 550; x_wconf 74' lang='lat' dir='ltr'>Conspicuos</span> <span class='ocrx_word' id='word_1_29' title='bbox 985 474 1188 546; x_wconf 77' lang='lat' dir='ltr'>poste3‚</span> <span class='ocrx_word' id='word_1_30' title='bbox 1227 471 1473 543; x_wconf 63' lang='lat' dir='ltr'>tefflaque</span> <span class='ocrx_word' id='word_1_31' title='bbox 1499 470 1658 541; x_wconf 86' lang='lat' dir='ltr'>digna</span> <span class='ocrx_word' id='word_1_32' title='bbox 1685 469 1822 522; x_wconf 88' lang='lat' dir='ltr'>De0.</span> 
     </span>
    </p>

    <p class='ocr_par' dir='ltr' id='par_1_5' title="bbox 404 540 2258 622">
     <span class='ocr_line' id='line_1_7' title="bbox 404 540 2258 622; baseline -0.003 -14"><span class='ocrx_word' id='word_1_33' title='bbox 404 552 471 620; x_wconf 72' lang='lat'>35</span> <span class='ocrx_word' id='word_1_34' title='bbox 548 553 637 607; x_wconf 93' lang='lat' dir='ltr'>An</span> <span class='ocrx_word' id='word_1_35' title='bbox 655 551 804 622; x_wconf 85' lang='lat' dir='ltr'>Jovis</span> <span class='ocrx_word' id='word_1_36' title='bbox 830 551 988 609; x_wconf 84' lang='lat' dir='ltr'>haee,</span> <span class='ocrx_word' id='word_1_37' title='bbox 1029 547 1174 609; x_wconf 83' lang='lat' dir='ltr'>dixi,</span> <span class='ocrx_word' id='word_1_38' title='bbox 1213 546 1407 600; x_wconf 90' lang='lat' dir='ltr'>domus</span> <span class='ocrx_word' id='word_1_39' title='bbox 1430 543 1537 598; x_wconf 87' lang='lat' dir='ltr'>est?</span> <span class='ocrx_word' id='word_1_40' title='bbox 1578 542 1726 616; x_wconf 88' lang='lat' dir='ltr'>quod</span> <span class='ocrx_word' id='word_1_41' title='bbox 1763 554 1822 597; x_wconf 91' lang='lat' dir='ltr'>ut</span> <span class='ocrx_word' id='word_1_42' title='bbox 1846 540 1951 596; x_wconf 84' lang='lat' dir='ltr'>efle</span> <span class='ocrx_word' id='word_1_43' title='bbox 1978 556 2258 615; x_wconf 81' lang='lat' dir='ltr'>putarem,</span> 
     </span>
    </p>

    <p class='ocr_par' dir='ltr' id='par_1_6' title="bbox 622 616 1775 694">
     <span class='ocr_line' id='line_1_8' title="bbox 622 616 1775 694; baseline -0.006 -17"><span class='ocrx_word' id='word_1_44' title='bbox 622 623 924 694; x_wconf 81' lang='lat' dir='ltr'>Augurium</span> <span class='ocrx_word' id='word_1_45' title='bbox 949 627 1114 674; x_wconf 88' lang='lat' dir='ltr'>menti</span> <span class='ocrx_word' id='word_1_46' title='bbox 1142 637 1344 693; x_wconf 91' lang='lat' dir='ltr'>querna</span> <span class='ocrx_word' id='word_1_47' title='bbox 1369 635 1572 671; x_wconf 87' lang='lat' dir='ltr'>corona</span> <span class='ocrx_word' id='word_1_48' title='bbox 1599 616 1775 671; x_wconf 87' lang='lat' dir='ltr'>dabat.</span> 
     </span>
    </p>

    <p class='ocr_par' dir='ltr' id='par_1_7' title="bbox 548 689 2082 838">
     <span class='ocr_line' id='line_1_9' title="bbox 548 689 2082 768; baseline -0.005 -16"><span class='ocrx_word' id='word_1_49' title='bbox 548 697 715 768; x_wconf 89' lang='lat' dir='ltr'>Cujus</span> <span class='ocrx_word' id='word_1_50' title='bbox 742 709 800 748; x_wconf 92' lang='lat' dir='ltr'>ut</span> <span class='ocrx_word' id='word_1_51' title='bbox 827 694 1011 766; x_wconf 76' lang='lat' dir='ltr'>accepi</span> <span class='ocrx_word' id='word_1_52' title='bbox 1038 694 1350 756; x_wconf 90' lang='lat' dir='ltr'>dominum,</span> <span class='ocrx_word' id='word_1_53' title='bbox 1388 691 1516 745; x_wconf 91' lang='lat' dir='ltr'>Non</span> <span class='ocrx_word' id='word_1_54' title='bbox 1542 689 1800 752; x_wconf 87' lang='lat' dir='ltr'>fallimur,</span> <span class='ocrx_word' id='word_1_55' title='bbox 1839 689 2082 762; x_wconf 87' lang='lat' dir='ltr'>inquam:</span> 
     </span>
     <span class='ocr_line' id='line_1_10' title="bbox 622 760 1936 838; baseline -0.005 -16"><span class='ocrx_word' id='word_1_56' title='bbox 622 770 691 822; x_wconf 68' lang='lat' dir='ltr'>Et</span> <span class='ocrx_word' id='word_1_57' title='bbox 718 769 895 838; x_wconf 85' lang='lat' dir='ltr'>magni</span> <span class='ocrx_word' id='word_1_58' title='bbox 924 784 1112 820; x_wconf 83' lang='lat' dir='ltr'>verum</span> <span class='ocrx_word' id='word_1_59' title='bbox 1134 767 1209 821; x_wconf 87' lang='lat' dir='ltr'>est</span> <span class='ocrx_word' id='word_1_60' title='bbox 1232 763 1534 834; x_wconf 77' lang='lat' dir='ltr'>hancjovis</span> <span class='ocrx_word' id='word_1_61' title='bbox 1563 760 1664 816; x_wconf 80' lang='lat' dir='ltr'>effe</span> <span class='ocrx_word' id='word_1_62' title='bbox 1693 762 1936 833; x_wconf 88' lang='lat' dir='ltr'>domum.</span> 
     </span>
    </p>

    <p class='ocr_par' dir='ltr' id='par_1_8' title="bbox 545 837 1737 911">
     <span class='ocr_line' id='line_1_11' title="bbox 545 837 1737 911; baseline -0.005 -16"><span class='ocrx_word' id='word_1_63' title='bbox 545 841 659 895; x_wconf 92' lang='lat' dir='ltr'>Cur</span> <span class='ocrx_word' id='word_1_64' title='bbox 687 855 863 895; x_wconf 83' lang='lat' dir='ltr'>tamen</span> <span class='ocrx_word' id='word_1_65' title='bbox 889 839 1126 911; x_wconf 64' lang='lat' dir='ltr'>adpoiitii</span> <span class='ocrx_word' id='word_1_66' title='bbox 1149 840 1353 894; x_wconf 87' lang='lat' dir='ltr'>velatur</span> <span class='ocrx_word' id='word_1_67' title='bbox 1375 837 1530 908; x_wconf 87' lang='lat' dir='ltr'>janua</span> <span class='ocrx_word' id='word_1_68' title='bbox 1554 837 1737 896; x_wconf 88' lang='lat' dir='ltr'>lauro;</span> 
     </span>
    </p>
   </div>
   <div class='ocr_carea' id='block_1_4' title="bbox 401 932 472 983">
    <p class='ocr_par' dir='ltr' id='par_1_9' title="bbox 401 932 472 983">
     <span class='ocr_line' id='line_1_12' title="bbox 401 932 472 983; baseline 0 -14"><span class='ocrx_word' id='word_1_69' title='bbox 401 932 472 983; x_wconf 68' lang='lat'>40</span> 
     </span>
    </p>
   </div>
   <div class='ocr_carea' id='block_1_5' title="bbox 617 908 1731 986">
    <p class='ocr_par' dir='ltr' id='par_1_10' title="bbox 617 908 1731 986">
     <span class='ocr_line' id='line_1_13' title="bbox 617 908 1731 986; baseline -0.005 -19"><span class='ocrx_word' id='word_1_70' title='bbox 617 914 804 986; x_wconf 83' lang='lat' dir='ltr'>Cingit</span> <span class='ocrx_word' id='word_1_71' title='bbox 835 914 885 967; x_wconf 73' lang='lat'>8&lt;</span> <span class='ocrx_word' id='word_1_72' title='bbox 914 912 1152 984; x_wconf 86' lang='lat' dir='ltr'>augustas</span> <span class='ocrx_word' id='word_1_73' title='bbox 1179 912 1334 967; x_wconf 88' lang='lat' dir='ltr'>arbor</span> <span class='ocrx_word' id='word_1_74' title='bbox 1361 927 1528 982; x_wconf 87' lang='lat' dir='ltr'>opaca</span> <span class='ocrx_word' id='word_1_75' title='bbox 1554 908 1731 964; x_wconf 79' lang='lat' dir='ltr'>fores?</span> 
     </span>
    </p>
   </div>
   <div class='ocr_carea' id='block_1_6' title="bbox 543 983 2088 1133">
    <p class='ocr_par' dir='ltr' id='par_1_11' title="bbox 543 983 2088 1133">
     <span class='ocr_line' id='line_1_14' title="bbox 543 983 2088 1059; baseline -0.003 -17"><span class='ocrx_word' id='word_1_76' title='bbox 543 989 689 1044; x_wconf 91' lang='lat' dir='ltr'>Num</span> <span class='ocrx_word' id='word_1_77' title='bbox 716 987 838 1059; x_wconf 83' lang='lat' dir='ltr'>quia</span> <span class='ocrx_word' id='word_1_78' title='bbox 864 999 1150 1058; x_wconf 87' lang='lat' dir='ltr'>perpetuos</span> <span class='ocrx_word' id='word_1_79' title='bbox 1178 986 1369 1040; x_wconf 91' lang='lat' dir='ltr'>meruit</span> <span class='ocrx_word' id='word_1_80' title='bbox 1399 983 1593 1037; x_wconf 88' lang='lat' dir='ltr'>domus</span> <span class='ocrx_word' id='word_1_81' title='bbox 1621 1000 1722 1035; x_wconf 91' lang='lat' dir='ltr'>una</span> <span class='ocrx_word' id='word_1_82' title='bbox 1750 983 2047 1056; x_wconf 87' lang='lat' dir='ltr'>triumphos</span> <span class='ocrx_word' id='word_1_83' title='bbox 2063 984 2088 1037; x_wconf 76' lang='grc' dir='ltr'>Ξ·</span> 
     </span>
     <span class='ocr_line' id='line_1_15' title="bbox 623 1054 1790 1133; baseline -0.004 -19"><span class='ocrx_word' id='word_1_84' title='bbox 623 1064 711 1114; x_wconf 86' lang='lat' dir='ltr'>An</span> <span class='ocrx_word' id='word_1_85' title='bbox 739 1060 864 1133; x_wconf 87' lang='lat' dir='ltr'>quia</span> <span class='ocrx_word' id='word_1_86' title='bbox 897 1060 1177 1114; x_wconf 83' lang='lat' dir='ltr'>Leucadio</span> <span class='ocrx_word' id='word_1_87' title='bbox 1201 1059 1406 1129; x_wconf 84' lang='lat' dir='ltr'><strong>semper</strong></span> <span class='ocrx_word' id='word_1_88' title='bbox 1436 1069 1608 1109; x_wconf 88' lang='lat' dir='ltr'>amata</span> <span class='ocrx_word' id='word_1_89' title='bbox 1634 1054 1790 1109; x_wconf 84' lang='lat' dir='ltr'>Deo?</span> 
     </span>
    </p>
   </div>
   <div class='ocr_carea' id='block_1_7' title="bbox 548 1132 1284 1206">
    <p class='ocr_par' dir='ltr' id='par_1_12' title="bbox 548 1132 1284 1206">
     <span class='ocr_line' id='line_1_16' title="bbox 548 1132 1284 1206; baseline -0.007 -17"><span class='ocrx_word' id='word_1_90' title='bbox 548 1134 727 1206; x_wconf 88' lang='lat' dir='ltr'>Ipsane</span> <span class='ocrx_word' id='word_1_91' title='bbox 755 1134 902 1205; x_wconf 91' lang='lat' dir='ltr'>quod</span> <span class='ocrx_word' id='word_1_92' title='bbox 931 1132 1054 1187; x_wconf 81' lang='lat' dir='ltr'>festa</span> <span class='ocrx_word' id='word_1_93' title='bbox 1079 1132 1181 1194; x_wconf 89' lang='lat' dir='ltr'>est,</span> <span class='ocrx_word' id='word_1_94' title='bbox 1220 1149 1284 1185; x_wconf 86' lang='lat' dir='ltr'>an</span> 
     </span>
    </p>
   </div>
   <div class='ocr_carea' id='block_1_8' title="bbox 1315 1128 2011 1202">
    <p class='ocr_par' dir='ltr' id='par_1_13' title="bbox 1315 1128 2011 1202">
     <span class='ocr_line' id='line_1_17' title="bbox 1315 1128 2011 1202; baseline -0.001 -19"><span class='ocrx_word' id='word_1_95' title='bbox 1315 1129 1465 1202; x_wconf 85' lang='lat' dir='ltr'>quod</span> <span class='ocrx_word' id='word_1_96' title='bbox 1495 1129 1617 1182; x_wconf 89' lang='lat' dir='ltr'>facit</span> <span class='ocrx_word' id='word_1_97' title='bbox 1647 1128 1826 1182; x_wconf 88' lang='lat' dir='ltr'>omnia</span> <span class='ocrx_word' id='word_1_98' title='bbox 1849 1128 2011 1184; x_wconf 61' lang='lat' dir='ltr'>festa?</span> 
     </span>
    </p>
   </div>
   <div class='ocr_carea' id='block_1_9' title="bbox 397 1200 1945 1427">
    <p class='ocr_par' dir='ltr' id='par_1_14' title="bbox 397 1200 1945 1427">
     <span class='ocr_line' id='line_1_18' title="bbox 620 1200 1907 1279; baseline -0.005 -19"><span class='ocrx_word' id='word_1_99' title='bbox 620 1208 799 1279; x_wconf 85' lang='lat' dir='ltr'>Quam</span> <span class='ocrx_word' id='word_1_100' title='bbox 826 1206 1008 1260; x_wconf 84' lang='lat' dir='ltr'>tribuit</span> <span class='ocrx_word' id='word_1_101' title='bbox 1041 1206 1222 1268; x_wconf 71' lang='lat' dir='ltr'>teri-53,</span> <span class='ocrx_word' id='word_1_102' title='bbox 1262 1204 1410 1258; x_wconf 84' lang='lat' dir='ltr'>Pacis</span> <span class='ocrx_word' id='word_1_103' title='bbox 1437 1219 1502 1255; x_wconf 85' lang='lat' dir='ltr'>an</span> <span class='ocrx_word' id='word_1_104' title='bbox 1529 1201 1620 1255; x_wconf 88' lang='lat' dir='ltr'>ista</span> <span class='ocrx_word' id='word_1_105' title='bbox 1646 1215 1774 1255; x_wconf 88' lang='lat' dir='ltr'>nota</span> <span class='ocrx_word' id='word_1_106' title='bbox 1800 1200 1907 1255; x_wconf 85' lang='lat' dir='ltr'>est?</span> 
     </span>
     <span class='ocr_line' id='line_1_19' title="bbox 397 1272 1945 1352; baseline -0.004 -16"><span class='ocrx_word' id='word_1_107' title='bbox 397 1288 468 1352; x_wconf 73' lang='lat'>&#39;45</span> <span class='ocrx_word' id='word_1_108' title='bbox 542 1279 728 1351; x_wconf 88' lang='lat' dir='ltr'>thue</span> <span class='ocrx_word' id='word_1_109' title='bbox 754 1280 888 1333; x_wconf 89' lang='lat' dir='ltr'>viret</span> <span class='ocrx_word' id='word_1_110' title='bbox 917 1280 1123 1349; x_wconf 82' lang='lat' dir='ltr'><strong>semper</strong></span> <span class='ocrx_word' id='word_1_111' title='bbox 1146 1279 1348 1338; x_wconf 83' lang='lat' dir='ltr'>laurus,</span> <span class='ocrx_word' id='word_1_112' title='bbox 1389 1293 1491 1329; x_wconf 88' lang='lat' dir='ltr'>nec</span> <span class='ocrx_word' id='word_1_113' title='bbox 1517 1272 1710 1329; x_wconf 88' lang='lat' dir='ltr'>fronde</span> <span class='ocrx_word' id='word_1_114' title='bbox 1736 1273 1945 1330; x_wconf 60' lang='lat' dir='ltr'>caduca.</span> 
     </span>
     <span class='ocr_line' id='line_1_20' title="bbox 614 1346 1844 1427; baseline -0.005 -20"><span class='ocrx_word' id='word_1_115' title='bbox 614 1353 901 1427; x_wconf 79' lang='lat' dir='ltr'>Carpitur3</span> <span class='ocrx_word' id='word_1_116' title='bbox 942 1367 1221 1408; x_wconf 87' lang='lat' dir='ltr'>aeternum</span> <span class='ocrx_word' id='word_1_117' title='bbox 1249 1349 1318 1406; x_wconf 84' lang='lat' dir='ltr'>fic</span> <span class='ocrx_word' id='word_1_118' title='bbox 1343 1349 1503 1404; x_wconf 85' lang='lat' dir='ltr'>habet</span> <span class='ocrx_word' id='word_1_119' title='bbox 1532 1347 1618 1402; x_wconf 89' lang='lat' dir='ltr'>illa</span> <span class='ocrx_word' id='word_1_120' title='bbox 1644 1346 1844 1403; x_wconf 68' lang='lat' dir='ltr'>decus?</span> 
     </span>
    </p>
   </div>
   <div class='ocr_carea' id='block_1_10' title="bbox 246 1613 1305 2025">
    <p class='ocr_par' dir='ltr' id='par_1_15' title="bbox 246 1613 1305 2025">
     <span class='ocr_line' id='line_1_21' title="bbox 250 1613 1304 1669; baseline -0.006 -11"><span class='ocrx_word' id='word_1_121' title='bbox 250 1617 453 1658; x_wconf 52' lang='lat' dir='ltr'>evieror.</span> <span class='ocrx_word' id='word_1_122' title='bbox 470 1619 507 1657; x_wconf 89' lang='lat' dir='ltr'>in</span> <span class='ocrx_word' id='word_1_123' title='bbox 527 1619 680 1669; x_wconf 83' lang='lat' dir='ltr'>regione</span> <span class='ocrx_word' id='word_1_124' title='bbox 691 1630 783 1656; x_wconf 84' lang='lat' dir='ltr'>vm.</span> <span class='ocrx_word' id='word_1_125' title='bbox 796 1617 946 1656; x_wconf 85' lang='lat' dir='ltr'>Numae</span> <span class='ocrx_word' id='word_1_126' title='bbox 958 1617 1068 1666; x_wconf 83' lang='lat' dir='ltr'>regia.</span> <span class='ocrx_word' id='word_1_127' title='bbox 1095 1613 1304 1664; x_wconf 84' lang='lat' dir='ltr'>Templum</span> 
     </span>
     <span class='ocr_line' id='line_1_22' title="bbox 253 1667 1305 1718; baseline -0.005 -11"><span class='ocrx_word' id='word_1_128' title='bbox 253 1671 399 1709; x_wconf 82' lang='lat' dir='ltr'>Vestae.</span> <span class='ocrx_word' id='word_1_129' title='bbox 429 1672 596 1708; x_wconf 61' lang='lat' dir='ltr'>Ciorim.</span> <span class='ocrx_word' id='word_1_130' title='bbox 650 1670 863 1718; x_wconf 82' lang='lat' dir='ltr'>Elegantior</span> <span class='ocrx_word' id='word_1_131' title='bbox 886 1669 976 1706; x_wconf 82' lang='lat' dir='ltr'>mihi</span> <span class='ocrx_word' id='word_1_132' title='bbox 1006 1669 1150 1706; x_wconf 84' lang='lat' dir='ltr'>videtur</span> <span class='ocrx_word' id='word_1_133' title='bbox 1171 1667 1305 1704; x_wconf 65' lang='lat' dir='ltr'>Ledrio</span> 
     </span>
     <span class='ocr_line' id='line_1_23' title="bbox 252 1719 1305 1766; baseline -0.005 -7"><span class='ocrx_word' id='word_1_134' title='bbox 252 1721 478 1760; x_wconf 81' lang='lat' dir='ltr'>Herculanei</span> <span class='ocrx_word' id='word_1_135' title='bbox 509 1721 646 1759; x_wconf 87' lang='lat' dir='ltr'>codicis</span> <span class='ocrx_word' id='word_1_136' title='bbox 669 1749 677 1765; x_wconf 88' lang='lat'>,</span> <span class='ocrx_word' id='word_1_137' title='bbox 716 1721 770 1756; x_wconf 84' lang='lat' dir='ltr'>hic</span> <span class='ocrx_word' id='word_1_138' title='bbox 789 1721 882 1763; x_wconf 78' lang='lat' dir='ltr'>focus</span> <span class='ocrx_word' id='word_1_139' title='bbox 914 1721 956 1766; x_wconf 86' lang='lat' dir='ltr'>est</span> <span class='ocrx_word' id='word_1_140' title='bbox 982 1719 1100 1766; x_wconf 83' lang='lat' dir='ltr'>Vestae.</span> <span class='ocrx_word' id='word_1_141' title='bbox 1137 1719 1185 1755; x_wconf 87' lang='lat' dir='ltr'>ita</span> <span class='ocrx_word' id='word_1_142' title='bbox 1204 1719 1305 1755; x_wconf 91' lang='lat' dir='ltr'>enim</span> 
     </span>
     <span class='ocr_line' id='line_1_24' title="bbox 246 1769 1201 1821; baseline -0.004 -11"><span class='ocrx_word' id='word_1_143' title='bbox 246 1773 415 1821; x_wconf 67' lang='lat' dir='ltr'>proprie:</span> <span class='ocrx_word' id='word_1_144' title='bbox 445 1781 483 1809; x_wconf 88' lang='lat' dir='ltr'>ut</span> <span class='ocrx_word' id='word_1_145' title='bbox 505 1772 631 1810; x_wconf 85' lang='lat' dir='ltr'>Florus</span> <span class='ocrx_word' id='word_1_146' title='bbox 658 1784 684 1808; x_wconf 91' lang='lat'>1.</span> <span class='ocrx_word' id='word_1_147' title='bbox 701 1784 735 1808; x_wconf 91' lang='lat'>2.</span> <span class='ocrx_word' id='word_1_148' title='bbox 761 1769 948 1807; x_wconf 85' lang='lat' dir='ltr'>&amp;infiniti</span> <span class='ocrx_word' id='word_1_149' title='bbox 974 1771 1048 1807; x_wconf 87' lang='lat' dir='ltr'>alii.</span> <span class='ocrx_word' id='word_1_150' title='bbox 1070 1770 1201 1806; x_wconf 75' lang='lat' dir='ltr'>Bunm.</span> 
     </span>
     <span class='ocr_line' id='line_1_25' title="bbox 302 1820 1302 1872; baseline -0.003 -12"><span class='ocrx_word' id='word_1_151' title='bbox 302 1832 361 1870; x_wconf 81' lang='lat'>30.</span> <span class='ocrx_word' id='word_1_152' title='bbox 390 1822 607 1872; x_wconf 82' lang='lat' dir='ltr'>Haecsuit.]</span> <span class='ocrx_word' id='word_1_153' title='bbox 639 1823 706 1859; x_wconf 83' lang='lat' dir='ltr'>Hic</span> <span class='ocrx_word' id='word_1_154' title='bbox 729 1821 856 1869; x_wconf 85' lang='lat' dir='ltr'>scripti.</span> <span class='ocrx_word' id='word_1_155' title='bbox 886 1821 1030 1858; x_wconf 55' lang='lat' dir='ltr'>Heius.</span> <span class='ocrx_word' id='word_1_156' title='bbox 1085 1821 1170 1858; x_wconf 88' lang='lat' dir='ltr'>Vid.</span> <span class='ocrx_word' id='word_1_157' title='bbox 1193 1820 1302 1868; x_wconf 88' lang='lat' dir='ltr'>Epist.</span> 
     </span>
     <span class='ocr_line' id='line_1_26' title="bbox 250 1871 1303 1962; baseline -0.002 -51"><span class='ocrx_word' id='word_1_158' title='bbox 250 1885 289 1962; x_wconf 50' lang='lat' dir='ltr'>{l</span> <span class='ocrx_word' id='word_1_159' title='bbox 314 1885 372 1922; x_wconf 86' lang='lat'>33.</span> <span class='ocrx_word' id='word_1_160' title='bbox 419 1874 509 1923; x_wconf 82' lang='lat' dir='ltr'>regia</span> <span class='ocrx_word' id='word_1_161' title='bbox 548 1882 657 1923; x_wconf 85' lang='lat' dir='ltr'>parca</span> <span class='ocrx_word' id='word_1_162' title='bbox 691 1874 842 1911; x_wconf 80' lang='lat' dir='ltr'>Putean.</span> <span class='ocrx_word' id='word_1_163' title='bbox 871 1871 963 1920; x_wconf 80' lang='lat' dir='ltr'>regia</span> <span class='ocrx_word' id='word_1_164' title='bbox 1000 1871 1084 1919; x_wconf 72' lang='lat' dir='ltr'>celsiz</span> <span class='ocrx_word' id='word_1_165' title='bbox 1120 1872 1303 1920; x_wconf 86' lang='lat' dir='ltr'>Excerpta</span> 
     </span>
     <span class='ocr_line' id='line_1_27' title="bbox 293 1925 382 1962; baseline -0.011 0"><span class='ocrx_word' id='word_1_166' title='bbox 293 1925 382 1962; x_wconf 86' lang='lat' dir='ltr'>offii.</span> 
     </span>
     <span class='ocr_line' id='line_1_28' title="bbox 247 1961 1302 2025; baseline -0.004 -11"><span class='ocrx_word' id='word_1_167' title='bbox 247 1961 253 1972; x_wconf 30' lang='grc' dir='ltr'><strong>Α</strong></span> <span class='ocrx_word' id='word_1_168' title='bbox 306 1986 366 2025; x_wconf 86' lang='lat'>31.</span> <span class='ocrx_word' id='word_1_169' title='bbox 393 1981 498 2012; x_wconf 83' lang='lat' dir='ltr'>Porta</span> <span class='ocrx_word' id='word_1_170' title='bbox 518 1974 598 2025; x_wconf 64' lang='lat' dir='ltr'>eff]</span> <span class='ocrx_word' id='word_1_171' title='bbox 654 1974 764 2012; x_wconf 82' lang='lat' dir='ltr'>Statio</span> <span class='ocrx_word' id='word_1_172' title='bbox 794 1973 836 2022; x_wconf 83' lang='lat' dir='ltr'>est</span> <span class='ocrx_word' id='word_1_173' title='bbox 868 1973 1069 2011; x_wconf 77' lang='lat' dir='ltr'>Hercul-an.</span> <span class='ocrx_word' id='word_1_174' title='bbox 1089 1981 1129 2012; x_wconf 90' lang='lat' dir='ltr'>ut</span> <span class='ocrx_word' id='word_1_175' title='bbox 1160 1973 1226 2011; x_wconf 87' lang='lat' dir='ltr'>inf.</span> <span class='ocrx_word' id='word_1_176' title='bbox 1245 1972 1302 2016; x_wconf 64' lang='lat' dir='ltr'>ybs.</span> 
     </span>
    </p>
   </div>
   <div class='ocr_carea' id='block_1_11' title="bbox 253 2037 302 2074">
    <p class='ocr_par' dir='ltr' id='par_1_16' title="bbox 253 2037 302 2074">
     <span class='ocr_line' id='line_1_29' title="bbox 253 2037 302 2074; baseline 0 0"><span class='ocrx_word' id='word_1_177' title='bbox 253 2037 302 2074; x_wconf 88' lang='lat'>79</span> 
     </span>
    </p>
   </div>
   <div class='ocr_carea' id='block_1_12' title="bbox 250 2074 1307 2225">
    <p class='ocr_par' dir='ltr' id='par_1_17' title="bbox 250 2074 1307 2225">
     <span class='ocr_line' id='line_1_30' title="bbox 305 2074 1306 2127; baseline -0.005 -10"><span class='ocrx_word' id='word_1_178' title='bbox 305 2087 364 2127; x_wconf 84' lang='lat'>32.</span> <span class='ocrx_word' id='word_1_179' title='bbox 393 2076 458 2114; x_wconf 83' lang='lat' dir='ltr'>Hic</span> <span class='ocrx_word' id='word_1_180' title='bbox 479 2076 620 2127; x_wconf 60' lang='lat' dir='ltr'>Saron]</span> <span class='ocrx_word' id='word_1_181' title='bbox 676 2076 821 2119; x_wconf 81' lang='lat' dir='ltr'>Scribe,</span> <span class='ocrx_word' id='word_1_182' title='bbox 849 2081 976 2113; x_wconf 84' lang='lat' dir='ltr'>Stator.</span> <span class='ocrx_word' id='word_1_183' title='bbox 1024 2075 1126 2122; x_wconf 83' lang='lat' dir='ltr'>Jovis</span> <span class='ocrx_word' id='word_1_184' title='bbox 1155 2074 1306 2112; x_wconf 84' lang='lat' dir='ltr'>Statoris</span> 
     </span>
     <span class='ocr_line' id='line_1_31' title="bbox 250 2126 1307 2177; baseline -0.004 -10"><span class='ocrx_word' id='word_1_185' title='bbox 250 2130 382 2167; x_wconf 84' lang='lat' dir='ltr'>aedem</span> <span class='ocrx_word' id='word_1_186' title='bbox 406 2129 585 2177; x_wconf 83' lang='lat' dir='ltr'>intelligit.</span> <span class='ocrx_word' id='word_1_187' title='bbox 623 2130 672 2166; x_wconf 88' lang='lat' dir='ltr'>ita</span> <span class='ocrx_word' id='word_1_188' title='bbox 703 2127 852 2164; x_wconf 84' lang='lat' dir='ltr'>Combii</span> <span class='ocrx_word' id='word_1_189' title='bbox 876 2126 1010 2167; x_wconf 86' lang='lat' dir='ltr'><strong>codex.</strong></span> <span class='ocrx_word' id='word_1_190' title='bbox 1050 2138 1173 2175; x_wconf 85' lang='lat' dir='ltr'>neque</span> <span class='ocrx_word' id='word_1_191' title='bbox 1203 2126 1307 2163; x_wconf 81' lang='lat' dir='ltr'>aliter</span> 
     </span>
     <span class='ocr_line' id='line_1_32' title="bbox 250 2177 1305 2225; baseline -0.002 -8"><span class='ocrx_word' id='word_1_192' title='bbox 250 2179 452 2218; x_wconf 87' lang='lat' dir='ltr'>Politianus</span> <span class='ocrx_word' id='word_1_193' title='bbox 483 2180 520 2217; x_wconf 88' lang='lat' dir='ltr'>in</span> <span class='ocrx_word' id='word_1_194' title='bbox 551 2191 614 2217; x_wconf 86' lang='lat' dir='ltr'>ora</span> <span class='ocrx_word' id='word_1_195' title='bbox 639 2179 688 2217; x_wconf 83' lang='lat' dir='ltr'>sui</span> <span class='ocrx_word' id='word_1_196' title='bbox 727 2177 946 2225; x_wconf 85' lang='lat' dir='ltr'>exemplaris</span> <span class='ocrx_word' id='word_1_197' title='bbox 968 2205 978 2222; x_wconf 94' lang='lat'>,</span> <span class='ocrx_word' id='word_1_198' title='bbox 1019 2179 1056 2215; x_wconf 66' lang='grc' dir='ltr'>ὃς</span> <span class='ocrx_word' id='word_1_199' title='bbox 1089 2178 1305 2216; x_wconf 80' lang='lat' dir='ltr'>Gronovius</span> 
     </span>
    </p>
   </div>
   <div class='ocr_carea' id='block_1_13' title="bbox 254 2229 957 2278">
    <p class='ocr_par' dir='ltr' id='par_1_18' title="bbox 254 2229 957 2278">
     <span class='ocr_line' id='line_1_33' title="bbox 254 2229 957 2278; baseline -0.007 -9"><span class='ocrx_word' id='word_1_200' title='bbox 254 2230 449 2269; x_wconf 80' lang='lat' dir='ltr'>observat.</span> <span class='ocrx_word' id='word_1_201' title='bbox 464 2230 523 2267; x_wconf 89' lang='lat' dir='ltr'>lib.</span> <span class='ocrx_word' id='word_1_202' title='bbox 546 2242 600 2268; x_wconf 73' lang='grc' dir='ltr'>ιν.</span> <span class='ocrx_word' id='word_1_203' title='bbox 625 2242 704 2278; x_wconf 84' lang='lat' dir='ltr'>cap.</span> <span class='ocrx_word' id='word_1_204' title='bbox 729 2241 783 2277; x_wconf 82' lang='lat'>15·</span> <span class='ocrx_word' id='word_1_205' title='bbox 812 2229 957 2265; x_wconf 60' lang='lat' dir='ltr'>Hans.</span> 
     </span>
    </p>
   </div>
   <div class='ocr_carea' id='block_1_14' title="bbox 247 2292 1314 3102">
    <p class='ocr_par' dir='ltr' id='par_1_19' title="bbox 247 2292 1314 3102">
     <span class='ocr_line' id='line_1_34' title="bbox 307 2292 1306 2345; baseline 0.004 -14"><span class='ocrx_word' id='word_1_206' title='bbox 307 2305 367 2345; x_wconf 87' lang='lat'>32.</span> <span class='ocrx_word' id='word_1_207' title='bbox 397 2301 466 2330; x_wconf 80' lang='lat' dir='ltr'>Hoc</span> <span class='ocrx_word' id='word_1_208' title='bbox 482 2292 636 2341; x_wconf 74' lang='lat' dir='ltr'>primum</span> <span class='ocrx_word' id='word_1_209' title='bbox 660 2292 797 2329; x_wconf 78' lang='lat' dir='ltr'>condita</span> <span class='ocrx_word' id='word_1_210' title='bbox 819 2299 928 2330; x_wconf 83' lang='lat' dir='ltr'>Roma</span> <span class='ocrx_word' id='word_1_211' title='bbox 948 2292 1014 2330; x_wconf 85' lang='lat' dir='ltr'>loco</span> <span class='ocrx_word' id='word_1_212' title='bbox 1034 2294 1115 2345; x_wconf 86' lang='lat' dir='ltr'>est.]</span> <span class='ocrx_word' id='word_1_213' title='bbox 1170 2296 1204 2334; x_wconf 83' lang='lat' dir='ltr'>A</span> <span class='ocrx_word' id='word_1_214' title='bbox 1227 2297 1306 2334; x_wconf 83' lang='lat' dir='ltr'>Ro·</span> 
     </span>
     <span class='ocr_line' id='line_1_35' title="bbox 252 2344 1303 2396; baseline -0.001 -12"><span class='ocrx_word' id='word_1_215' title='bbox 252 2346 372 2385; x_wconf 81' lang='lat' dir='ltr'>mulo.</span> <span class='ocrx_word' id='word_1_216' title='bbox 410 2346 453 2382; x_wconf 90' lang='lat' dir='ltr'>C.</span> <span class='ocrx_word' id='word_1_217' title='bbox 481 2344 643 2393; x_wconf 86' lang='lat' dir='ltr'>Vellejus</span> <span class='ocrx_word' id='word_1_218' title='bbox 666 2345 873 2381; x_wconf 76' lang='lat' dir='ltr'>paterculus</span> <span class='ocrx_word' id='word_1_219' title='bbox 905 2345 964 2382; x_wconf 83' lang='lat' dir='ltr'>lib.</span> <span class='ocrx_word' id='word_1_220' title='bbox 990 2358 1016 2382; x_wconf 85' lang='lat'>1.</span> <span class='ocrx_word' id='word_1_221' title='bbox 1054 2352 1157 2383; x_wconf 77' lang='lat' dir='ltr'>Sexta</span> <span class='ocrx_word' id='word_1_222' title='bbox 1181 2348 1303 2396; x_wconf 58' lang='lat' dir='ltr'>Olym-</span> 
     </span>
     <span class='ocr_line' id='line_1_36' title="bbox 249 2394 1304 2448; baseline 0.001 -14"><span class='ocrx_word' id='word_1_223' title='bbox 249 2396 353 2448; x_wconf 82' lang='lat' dir='ltr'>piade</span> <span class='ocrx_word' id='word_1_224' title='bbox 373 2424 382 2440; x_wconf 95' lang='lat'>,</span> <span class='ocrx_word' id='word_1_225' title='bbox 409 2394 476 2443; x_wconf 81' lang='lat' dir='ltr'>post</span> <span class='ocrx_word' id='word_1_226' title='bbox 496 2395 577 2431; x_wconf 81' lang='lat' dir='ltr'>duos</span> <span class='ocrx_word' id='word_1_227' title='bbox 601 2408 644 2434; x_wconf 65' lang='grc' dir='ltr'>(φ</span> <span class='ocrx_word' id='word_1_228' title='bbox 666 2395 794 2443; x_wconf 75' lang='lat' dir='ltr'>viginti</span> <span class='ocrx_word' id='word_1_229' title='bbox 813 2409 920 2431; x_wconf 84' lang='lat' dir='ltr'>annos</span> <span class='ocrx_word' id='word_1_230' title='bbox 936 2424 944 2439; x_wconf 94' lang='lat'>‚</span> <span class='ocrx_word' id='word_1_231' title='bbox 973 2409 1081 2443; x_wconf 86' lang='lat' dir='ltr'>quam</span> <span class='ocrx_word' id='word_1_232' title='bbox 1101 2398 1215 2445; x_wconf 87' lang='lat' dir='ltr'>prima</span> <span class='ocrx_word' id='word_1_233' title='bbox 1227 2413 1304 2435; x_wconf 81' lang='lat' dir='ltr'>con-</span> 
     </span>
     <span class='ocr_line' id='line_1_37' title="bbox 247 2446 1304 2498; baseline 0.003 -16"><span class='ocrx_word' id='word_1_234' title='bbox 247 2448 378 2495; x_wconf 76' lang='lat' dir='ltr'>stituta</span> <span class='ocrx_word' id='word_1_235' title='bbox 390 2452 516 2493; x_wconf 80' lang='lat' dir='ltr'>suerat</span> <span class='ocrx_word' id='word_1_236' title='bbox 533 2473 543 2489; x_wconf 94' lang='lat'>‚</span> <span class='ocrx_word' id='word_1_237' title='bbox 570 2448 757 2490; x_wconf 82' lang='lat' dir='ltr'>Romulus,</span> <span class='ocrx_word' id='word_1_238' title='bbox 789 2446 922 2482; x_wconf 83' lang='lat' dir='ltr'>Martis</span> <span class='ocrx_word' id='word_1_239' title='bbox 946 2446 1067 2495; x_wconf 83' lang='lat' dir='ltr'>filius,</span> <span class='ocrx_word' id='word_1_240' title='bbox 1094 2449 1190 2485; x_wconf 82' lang='lat' dir='ltr'>ultus</span> <span class='ocrx_word' id='word_1_241' title='bbox 1209 2449 1304 2498; x_wconf 83' lang='lat' dir='ltr'>inju-</span> 
     </span>
     <span class='ocr_line' id='line_1_38' title="bbox 253 2496 1306 2541; baseline 0.002 -6"><span class='ocrx_word' id='word_1_242' title='bbox 253 2497 326 2535; x_wconf 80' lang='lat' dir='ltr'>rias</span> <span class='ocrx_word' id='word_1_243' title='bbox 344 2499 430 2541; x_wconf 75' lang='lat' dir='ltr'>avi,</span> <span class='ocrx_word' id='word_1_244' title='bbox 460 2503 604 2533; x_wconf 84' lang='lat' dir='ltr'><em>Romam</em></span> <span class='ocrx_word' id='word_1_245' title='bbox 625 2496 743 2533; x_wconf 86' lang='lat' dir='ltr'>urbem</span> <span class='ocrx_word' id='word_1_246' title='bbox 770 2497 939 2534; x_wconf 77' lang='lat' dir='ltr'>Palilibus</span> <span class='ocrx_word' id='word_1_247' title='bbox 960 2498 998 2533; x_wconf 87' lang='lat' dir='ltr'>in</span> <span class='ocrx_word' id='word_1_248' title='bbox 1029 2499 1168 2535; x_wconf 81' lang='lat' dir='ltr'>Palatio</span> <span class='ocrx_word' id='word_1_249' title='bbox 1189 2500 1306 2537; x_wconf 80' lang='lat' dir='ltr'>condi-</span> 
     </span>
     <span class='ocr_line' id='line_1_39' title="bbox 255 2548 1305 2597; baseline 0.003 -12"><span class='ocrx_word' id='word_1_250' title='bbox 255 2549 320 2586; x_wconf 83' lang='lat' dir='ltr'>dit.</span> <span class='ocrx_word' id='word_1_251' title='bbox 368 2554 403 2585; x_wconf 78' lang='lat' dir='ltr'><em>A</em></span> <span class='ocrx_word' id='word_1_252' title='bbox 443 2562 507 2596; x_wconf 85' lang='lat' dir='ltr'>quo</span> <span class='ocrx_word' id='word_1_253' title='bbox 549 2558 694 2597; x_wconf 79' lang='lat' dir='ltr'>tempore</span> <span class='ocrx_word' id='word_1_254' title='bbox 731 2548 779 2583; x_wconf 81' lang='lat' dir='ltr'>ad</span> <span class='ocrx_word' id='word_1_255' title='bbox 820 2562 882 2584; x_wconf 82' lang='lat' dir='ltr'>vos</span> <span class='ocrx_word' id='word_1_256' title='bbox 911 2549 1071 2596; x_wconf 78' lang='lat' dir='ltr'>Consules</span> <span class='ocrx_word' id='word_1_257' title='bbox 1101 2550 1189 2586; x_wconf 84' lang='lat' dir='ltr'>anni</span> <span class='ocrx_word' id='word_1_258' title='bbox 1219 2558 1305 2597; x_wconf 83' lang='lat' dir='ltr'>sunt</span> 
     </span>
     <span class='ocr_line' id='line_1_40' title="bbox 255 2599 1306 2650; baseline 0.003 -14"><span class='ocrx_word' id='word_1_259' title='bbox 255 2611 487 2637; x_wconf 77' lang='lat' dir='ltr'>DCCLxxxxx.</span> <span class='ocrx_word' id='word_1_260' title='bbox 537 2599 576 2635; x_wconf 82' lang='lat' dir='ltr'>Id</span> <span class='ocrx_word' id='word_1_261' title='bbox 610 2601 728 2635; x_wconf 62' lang='lat' dir='ltr'>uelum</span> <span class='ocrx_word' id='word_1_262' title='bbox 760 2599 830 2648; x_wconf 84' lang='lat' dir='ltr'>post</span> <span class='ocrx_word' id='word_1_263' title='bbox 860 2601 999 2644; x_wconf 70' lang='lat' dir='ltr'>Troiam</span> <span class='ocrx_word' id='word_1_264' title='bbox 1027 2611 1164 2650; x_wconf 81' lang='lat' dir='ltr'>captam</span> <span class='ocrx_word' id='word_1_265' title='bbox 1202 2603 1306 2640; x_wconf 78' lang='lat' dir='ltr'>annis</span> 
     </span>
     <span class='ocr_line' id='line_1_41' title="bbox 257 2650 1303 2700; baseline 0.005 -14"><span class='ocrx_word' id='word_1_266' title='bbox 257 2661 460 2687; x_wconf 81' lang='lat' dir='ltr'>cnxxxvxt.</span> <span class='ocrx_word' id='word_1_267' title='bbox 489 2650 558 2687; x_wconf 86' lang='lat' dir='ltr'>Sed</span> <span class='ocrx_word' id='word_1_268' title='bbox 580 2651 674 2687; x_wconf 78' lang='lat' dir='ltr'>lianc</span> <span class='ocrx_word' id='word_1_269' title='bbox 693 2650 879 2687; x_wconf 78' lang='lat' dir='ltr'>historiam</span> <span class='ocrx_word' id='word_1_270' title='bbox 908 2650 1036 2697; x_wconf 77' lang='lat' dir='ltr'>collegi</span> <span class='ocrx_word' id='word_1_271' title='bbox 1055 2652 1303 2700; x_wconf 81' lang='lat' dir='ltr'>copiosiorem</span> 
     </span>
     <span class='ocr_line' id='line_1_42' title="bbox 258 2698 1306 2752; baseline 0.005 -17"><span class='ocrx_word' id='word_1_272' title='bbox 258 2698 296 2737; x_wconf 84' lang='lat' dir='ltr'>in</span> <span class='ocrx_word' id='word_1_273' title='bbox 321 2702 408 2737; x_wconf 89' lang='lat' dir='ltr'>meis</span> <span class='ocrx_word' id='word_1_274' title='bbox 425 2702 459 2737; x_wconf 85' lang='lat' dir='ltr'>in</span> <span class='ocrx_word' id='word_1_275' title='bbox 481 2700 803 2749; x_wconf 80' lang='lat' dir='ltr'>Metamorphosin</span> <span class='ocrx_word' id='word_1_276' title='bbox 828 2700 1186 2744; x_wconf 82' lang='lat' dir='ltr'>Observationibus;</span> <span class='ocrx_word' id='word_1_277' title='bbox 1217 2716 1306 2752; x_wconf 86' lang='lat' dir='ltr'>quas</span> 
     </span>
     <span class='ocr_line' id='line_1_43' title="bbox 260 2750 1306 2791; baseline 0.004 -4"><span class='ocrx_word' id='word_1_278' title='bbox 260 2751 416 2787; x_wconf 73' lang='lat' dir='ltr'>consule,</span> <span class='ocrx_word' id='word_1_279' title='bbox 439 2753 576 2789; x_wconf 86' lang='lat' dir='ltr'><strong>etenim</strong></span> <span class='ocrx_word' id='word_1_280' title='bbox 600 2751 925 2788; x_wconf 73' lang='lat' dir='ltr'>minime-trivialis</span> <span class='ocrx_word' id='word_1_281' title='bbox 945 2750 1006 2788; x_wconf 81' lang='lat' dir='ltr'>est.</span> <span class='ocrx_word' id='word_1_282' title='bbox 1044 2751 1135 2790; x_wconf 90' lang='lat' dir='ltr'>Illud</span> <span class='ocrx_word' id='word_1_283' title='bbox 1156 2754 1216 2790; x_wconf 86' lang='lat' dir='ltr'>hic</span> <span class='ocrx_word' id='word_1_284' title='bbox 1238 2755 1306 2791; x_wconf 80' lang='lat' dir='ltr'>do—</span> 
     </span>
     <span class='ocr_line' id='line_1_44' title="bbox 261 2800 1304 2850; baseline 0.006 -14"><span class='ocrx_word' id='word_1_285' title='bbox 261 2800 397 2837; x_wconf 80' lang='lat' dir='ltr'>cencius</span> <span class='ocrx_word' id='word_1_286' title='bbox 421 2813 477 2845; x_wconf 85' lang='lat' dir='ltr'>es,</span> <span class='ocrx_word' id='word_1_287' title='bbox 507 2800 525 2838; x_wconf 71' lang='lat' dir='ltr'>a</span> <span class='ocrx_word' id='word_1_288' title='bbox 548 2802 752 2849; x_wconf 83' lang='lat' dir='ltr'>primordio</span> <span class='ocrx_word' id='word_1_289' title='bbox 774 2802 903 2844; x_wconf 85' lang='lat' dir='ltr'>Urbis,</span> <span class='ocrx_word' id='word_1_290' title='bbox 933 2801 978 2838; x_wconf 83' lang='lat' dir='ltr'>ad</span> <span class='ocrx_word' id='word_1_291' title='bbox 1007 2802 1107 2840; x_wconf 86' lang='lat' dir='ltr'>hunc</span> <span class='ocrx_word' id='word_1_292' title='bbox 1137 2814 1275 2842; x_wconf 83' lang='lat' dir='ltr'>annum</span> <span class='ocrx_word' id='word_1_293' title='bbox 1293 2834 1304 2850; x_wconf 91' lang='lat'><strong>‚</strong></span> 
     </span>
     <span class='ocr_line' id='line_1_45' title="bbox 261 2851 1309 2900; baseline 0.006 -13"><span class='ocrx_word' id='word_1_294' title='bbox 261 2862 339 2899; x_wconf 86' lang='lat' dir='ltr'>quo</span> <span class='ocrx_word' id='word_1_295' title='bbox 369 2860 429 2887; x_wconf 80' lang='lat' dir='ltr'>tua</span> <span class='ocrx_word' id='word_1_296' title='bbox 464 2853 562 2889; x_wconf 84' lang='lat' dir='ltr'>causa</span> <span class='ocrx_word' id='word_1_297' title='bbox 595 2854 686 2889; x_wconf 82' lang='lat' dir='ltr'>haec</span> <span class='ocrx_word' id='word_1_298' title='bbox 714 2852 866 2890; x_wconf 86' lang='lat' dir='ltr'>scribere</span> <span class='ocrx_word' id='word_1_299' title='bbox 887 2851 1064 2900; x_wconf 70' lang='lat' dir='ltr'>aggressus</span> <span class='ocrx_word' id='word_1_300' title='bbox 1101 2854 1203 2899; x_wconf 85' lang='lat' dir='ltr'>sum,</span> <span class='ocrx_word' id='word_1_301' title='bbox 1249 2867 1309 2896; x_wconf 75' lang='grc' dir='ltr'>(κ).</span> 
     </span>
     <span class='ocr_line' id='line_1_46' title="bbox 265 2903 1310 2947; baseline 0.009 -9"><span class='ocrx_word' id='word_1_302' title='bbox 265 2914 303 2938; x_wconf 88' lang='lat' dir='ltr'>D.</span> <span class='ocrx_word' id='word_1_303' title='bbox 334 2913 460 2937; x_wconf 70' lang='lat' dir='ltr'>Lxxxx.</span> <span class='ocrx_word' id='word_1_304' title='bbox 490 2914 558 2938; x_wconf 78' lang='lat' dir='ltr'>xix.</span> <span class='ocrx_word' id='word_1_305' title='bbox 580 2903 658 2939; x_wconf 80' lang='lat' dir='ltr'>Kal.</span> <span class='ocrx_word' id='word_1_306' title='bbox 678 2903 780 2940; x_wconf 81' lang='lat' dir='ltr'>Febr.</span> <span class='ocrx_word' id='word_1_307' title='bbox 798 2904 981 2941; x_wconf 81' lang='lat' dir='ltr'>numerari</span> <span class='ocrx_word' id='word_1_308' title='bbox 1003 2916 1119 2942; x_wconf 87' lang='lat' dir='ltr'>annos</span> <span class='ocrx_word' id='word_1_309' title='bbox 1163 2915 1222 2943; x_wconf 87' lang='lat'>00.</span> <span class='ocrx_word' id='word_1_310' title='bbox 1251 2919 1310 2947; x_wconf 88' lang='lat'>00.</span> 
     </span>
     <span class='ocr_line' id='line_1_47' title="bbox 267 2954 1313 3000; baseline 0.008 -11"><span class='ocrx_word' id='word_1_311' title='bbox 267 2963 359 2990; x_wconf 87' lang='lat' dir='ltr'><strong>ccc.</strong></span> <span class='ocrx_word' id='word_1_312' title='bbox 381 2962 481 2989; x_wconf 80' lang='lat' dir='ltr'>xxxi.</span> <span class='ocrx_word' id='word_1_313' title='bbox 512 2954 650 2990; x_wconf 77' lang='lat' dir='ltr'>menses</span> <span class='ocrx_word' id='word_1_314' title='bbox 669 2966 702 2990; x_wconf 85' lang='lat' dir='ltr'>x.</span> <span class='ocrx_word' id='word_1_315' title='bbox 738 2955 850 3000; x_wconf 65' lang='lat' dir='ltr'>stvs</span> <span class='ocrx_word' id='word_1_316' title='bbox 881 2955 1076 2993; x_wconf 67' lang='lat' dir='ltr'>Ci-inxsws</span> <span class='ocrx_word' id='word_1_317' title='bbox 1099 2959 1241 2996; x_wconf 81' lang='lat' dir='ltr'>nostrae</span> <span class='ocrx_word' id='word_1_318' title='bbox 1261 2960 1313 2997; x_wconf 86' lang='lat' dir='ltr'>sa-</span> 
     </span>
     <span class='ocr_line' id='line_1_48' title="bbox 264 3003 1314 3055; baseline 0.009 -15"><span class='ocrx_word' id='word_1_319' title='bbox 264 3003 348 3040; x_wconf 87' lang='lat' dir='ltr'>lutis</span> <span class='ocrx_word' id='word_1_320' title='bbox 381 3009 509 3039; x_wconf 76' lang='lat' dir='ltr'>auctor</span> <span class='ocrx_word' id='word_1_321' title='bbox 532 3004 622 3040; x_wconf 76' lang='lat' dir='ltr'>nasei</span> <span class='ocrx_word' id='word_1_322' title='bbox 656 3005 823 3051; x_wconf 86' lang='lat' dir='ltr'>dignatus</span> <span class='ocrx_word' id='word_1_323' title='bbox 854 3005 900 3042; x_wconf 84' lang='lat' dir='ltr'>est</span> <span class='ocrx_word' id='word_1_324' title='bbox 924 3017 1023 3042; x_wconf 88' lang='lat' dir='ltr'>anno</span> <span class='ocrx_word' id='word_1_325' title='bbox 1054 3008 1220 3055; x_wconf 87' lang='lat' dir='ltr'>ejusdem</span> <span class='ocrx_word' id='word_1_326' title='bbox 1243 3012 1314 3049; x_wconf 84' lang='lat' dir='ltr'>Ur-</span> 
     </span>
     <span class='ocr_line' id='line_1_49' title="bbox 263 3051 1120 3102; baseline 0.006 -11"><span class='ocrx_word' id='word_1_327' title='bbox 263 3051 316 3091; x_wconf 87' lang='lat' dir='ltr'>bis</span> <span class='ocrx_word' id='word_1_328' title='bbox 339 3065 489 3090; x_wconf 68' lang='lat' dir='ltr'>Dccrxi.</span> <span class='ocrx_word' id='word_1_329' title='bbox 519 3054 684 3102; x_wconf 78' lang='lat' dir='ltr'>Augusto</span> <span class='ocrx_word' id='word_1_330' title='bbox 705 3056 920 3101; x_wconf 71' lang='lat' dir='ltr'>imperante.</span> <span class='ocrx_word' id='word_1_331' title='bbox 951 3056 1120 3096; x_wconf 71' lang='lat' dir='ltr'>CxorAN.</span> 
     </span>
    </p>
   </div>
   <div class='ocr_carea' id='block_1_15' title="bbox 318 3121 1167 3175">
    <p class='ocr_par' dir='ltr' id='par_1_20' title="bbox 318 3121 1167 3175">
     <span class='ocr_line' id='line_1_50' title="bbox 318 3121 1167 3175; baseline 0.011 -20"><span class='ocrx_word' id='word_1_332' title='bbox 318 3133 378 3173; x_wconf 85' lang='lat'>33.</span> <span class='ocrx_word' id='word_1_333' title='bbox 408 3126 504 3157; x_wconf 82' lang='lat' dir='ltr'>Dum</span> <span class='ocrx_word' id='word_1_334' title='bbox 523 3121 669 3170; x_wconf 57' lang='lat' dir='ltr'>miron]</span> <span class='ocrx_word' id='word_1_335' title='bbox 701 3127 798 3157; x_wconf 67' lang='lat' dir='ltr'>Dum</span> <span class='ocrx_word' id='word_1_336' title='bbox 820 3134 944 3158; x_wconf 79' lang='lat' dir='ltr'>narrat</span> <span class='ocrx_word' id='word_1_337' title='bbox 964 3124 1167 3175; x_wconf 85' lang='lat' dir='ltr'>Gottorph.</span> 
     </span>
    </p>
   </div>
   <div class='ocr_carea' id='block_1_16' title="bbox 268 3191 1311 3293">
    <p class='ocr_par' dir='ltr' id='par_1_21' title="bbox 268 3191 1311 3293">
     <span class='ocr_line' id='line_1_51' title="bbox 322 3191 1309 3243; baseline 0.01 -18"><span class='ocrx_word' id='word_1_338' title='bbox 322 3205 381 3243; x_wconf 78' lang='lat'>35,</span> <span class='ocrx_word' id='word_1_339' title='bbox 411 3197 456 3228; x_wconf 75' lang='lat' dir='ltr'>Et</span> <span class='ocrx_word' id='word_1_340' title='bbox 477 3191 624 3241; x_wconf 74' lang='lat' dir='ltr'>Jovis.]</span> <span class='ocrx_word' id='word_1_341' title='bbox 656 3193 851 3239; x_wconf 77' lang='lat' dir='ltr'>Quaedam</span> <span class='ocrx_word' id='word_1_342' title='bbox 876 3194 1080 3238; x_wconf 82' lang='lat' dir='ltr'>editiones,</span> <span class='ocrx_word' id='word_1_343' title='bbox 1109 3198 1173 3242; x_wconf 71' lang='lat' dir='ltr'>est,</span> <span class='ocrx_word' id='word_1_344' title='bbox 1201 3199 1309 3237; x_wconf 85' lang='lat' dir='ltr'>sedin</span> 
     </span>
     <span class='ocr_line' id='line_1_52' title="bbox 268 3242 1311 3293; baseline 0.006 -11"><span class='ocrx_word' id='word_1_345' title='bbox 268 3244 506 3286; x_wconf 79' lang='lat' dir='ltr'>Herculaneo</span> <span class='ocrx_word' id='word_1_346' title='bbox 529 3242 657 3280; x_wconf 82' lang='lat' dir='ltr'>codice</span> <span class='ocrx_word' id='word_1_347' title='bbox 672 3271 680 3286; x_wconf 93' lang='lat'>‚</span> <span class='ocrx_word' id='word_1_348' title='bbox 695 3257 743 3278; x_wconf 83' lang='lat' dir='ltr'>an</span> <span class='ocrx_word' id='word_1_349' title='bbox 763 3245 880 3289; x_wconf 66' lang='lat' dir='ltr'>Jovis.</span> <span class='ocrx_word' id='word_1_350' title='bbox 894 3247 1024 3282; x_wconf 64' lang='lat' dir='ltr'>rectius</span> <span class='ocrx_word' id='word_1_351' title='bbox 1045 3256 1083 3283; x_wconf 85' lang='lat' dir='ltr'>ut</span> <span class='ocrx_word' id='word_1_352' title='bbox 1103 3257 1215 3293; x_wconf 88' lang='lat' dir='ltr'>puto:</span> <span class='ocrx_word' id='word_1_353' title='bbox 1245 3251 1311 3288; x_wconf 87' lang='lat' dir='ltr'>du-</span> 
     </span>
    </p>
   </div>
   <div class='ocr_carea' id='block_1_17' title="bbox 269 3296 1316 3351">
    <p class='ocr_par' dir='ltr' id='par_1_22' title="bbox 269 3296 1316 3351">
     <span class='ocr_line' id='line_1_53' title="bbox 269 3296 1316 3351; baseline 0.005 -14"><span class='ocrx_word' id='word_1_354' title='bbox 269 3296 404 3337; x_wconf 69' lang='lat' dir='ltr'>bitabat</span> <span class='ocrx_word' id='word_1_355' title='bbox 426 3321 438 3340; x_wconf 88' lang='lat'>,</span> <span class='ocrx_word' id='word_1_356' title='bbox 466 3301 614 3344; x_wconf 81' lang='lat' dir='ltr'>propter</span> <span class='ocrx_word' id='word_1_357' title='bbox 645 3305 824 3334; x_wconf 81' lang='lat' dir='ltr'>coronam</span> <span class='ocrx_word' id='word_1_358' title='bbox 844 3307 1021 3345; x_wconf 81' lang='lat' dir='ltr'>quernam</span> <span class='ocrx_word' id='word_1_359' title='bbox 1044 3324 1059 3347; x_wconf 82' lang='lat'>‚</span> <span class='ocrx_word' id='word_1_360' title='bbox 1093 3297 1155 3351; x_wconf 56' lang='lat' dir='ltr'>led</span> <span class='ocrx_word' id='word_1_361' title='bbox 1176 3303 1316 3342; x_wconf 78' lang='lat' dir='ltr'>exemit</span> 
     </span>
    </p>
   </div>
   <div class='ocr_carea' id='block_1_18' title="bbox 2192 1464 2495 1552">
    <p class='ocr_par' dir='ltr' id='par_1_23' title="bbox 2192 1464 2495 1561">
     <span class='ocr_line' id='line_1_54' title="bbox 2192 1464 2495 1552; baseline 0.023 -18"><span class='ocrx_word' id='word_1_362' title='bbox 2192 1478 2414 1552; x_wconf 73' lang='lat' dir='ltr'>Caussa,</span> <span class='ocrx_word' id='word_1_363' title='bbox 2492 1464 2495 1469; x_wconf 36' lang='grc'><strong><em>’</em></strong></span> 
     </span>
    </p>
   </div>
   <div class='ocr_carea' id='block_1_19' title="bbox 1355 1611 2408 1714">
    <p class='ocr_par' dir='ltr' id='par_1_24' title="bbox 1355 1611 2408 1714">
     <span class='ocr_line' id='line_1_55' title="bbox 1359 1611 2408 1665; baseline 0.01 -14"><span class='ocrx_word' id='word_1_364' title='bbox 1359 1611 1632 1651; x_wconf 82' lang='lat' dir='ltr'>dubitationem</span> <span class='ocrx_word' id='word_1_365' title='bbox 1652 1612 1860 1663; x_wconf 70' lang='lat' dir='ltr'>responsio:</span> <span class='ocrx_word' id='word_1_366' title='bbox 1889 1621 1930 1653; x_wconf 86' lang='lat' dir='ltr'>ut</span> <span class='ocrx_word' id='word_1_367' title='bbox 1953 1622 2053 1664; x_wconf 85' lang='lat' dir='ltr'>patet</span> <span class='ocrx_word' id='word_1_368' title='bbox 2072 1627 2118 1654; x_wconf 86' lang='lat' dir='ltr'>ex</span> <span class='ocrx_word' id='word_1_369' title='bbox 2139 1616 2206 1656; x_wconf 89' lang='lat' dir='ltr'>illis</span> <span class='ocrx_word' id='word_1_370' title='bbox 2221 1647 2232 1665; x_wconf 91' lang='lat'>‚</span> <span class='ocrx_word' id='word_1_371' title='bbox 2257 1631 2299 1658; x_wconf 88' lang='lat' dir='ltr'>ut</span> <span class='ocrx_word' id='word_1_372' title='bbox 2319 1628 2408 1663; x_wconf 56' lang='lat' dir='ltr'>acces</span> 
     </span>
     <span class='ocr_line' id='line_1_56' title="bbox 1355 1664 2130 1714; baseline 0.006 -13"><span class='ocrx_word' id='word_1_373' title='bbox 1355 1665 1393 1714; x_wconf 80' lang='lat' dir='ltr'>pi</span> <span class='ocrx_word' id='word_1_374' title='bbox 1415 1664 1598 1700; x_wconf 82' lang='lat' dir='ltr'>dominum</span> <span class='ocrx_word' id='word_1_375' title='bbox 1613 1691 1623 1708; x_wconf 93' lang='lat'>,</span> <span class='ocrx_word' id='word_1_376' title='bbox 1651 1665 1689 1701; x_wconf 65' lang='grc' dir='ltr'>ὃς</span> <span class='ocrx_word' id='word_1_377' title='bbox 1711 1680 1778 1702; x_wconf 86' lang='lat' dir='ltr'>non</span> <span class='ocrx_word' id='word_1_378' title='bbox 1793 1665 1975 1713; x_wconf 84' lang='lat' dir='ltr'>fallimur.</span> <span class='ocrx_word' id='word_1_379' title='bbox 2000 1667 2130 1706; x_wconf 68' lang='lat' dir='ltr'>ssunM.</span> 
     </span>
    </p>
   </div>
   <div class='ocr_carea' id='block_1_20' title="bbox 1352 1716 2420 2581">
    <p class='ocr_par' dir='ltr' id='par_1_25' title="bbox 1361 1716 2416 1804">
     <span class='ocr_line' id='line_1_57' title="bbox 1361 1716 2416 1803; baseline 0.013 -52"><span class='ocrx_word' id='word_1_380' title='bbox 1361 1767 1399 1803; x_wconf 82' lang='lat' dir='ltr'>H</span> <span class='ocrx_word' id='word_1_381' title='bbox 1422 1727 1481 1764; x_wconf 83' lang='lat'>37.</span> <span class='ocrx_word' id='word_1_382' title='bbox 1508 1716 1618 1763; x_wconf 84' lang='lat' dir='ltr'>Cujus</span> <span class='ocrx_word' id='word_1_383' title='bbox 1638 1725 1677 1752; x_wconf 86' lang='lat' dir='ltr'>ut</span> <span class='ocrx_word' id='word_1_384' title='bbox 1698 1719 1806 1766; x_wconf 76' lang='lat' dir='ltr'>accepi</span> <span class='ocrx_word' id='word_1_385' title='bbox 1826 1717 2047 1768; x_wconf 68' lang='lat' dir='ltr'>dominum]</span> <span class='ocrx_word' id='word_1_386' title='bbox 2078 1725 2221 1758; x_wconf 86' lang='lat' dir='ltr'>Numen</span> <span class='ocrx_word' id='word_1_387' title='bbox 2240 1732 2319 1773; x_wconf 85' lang='lat' dir='ltr'>opt.</span> <span class='ocrx_word' id='word_1_388' title='bbox 2336 1725 2416 1768; x_wconf 56' lang='lat' dir='ltr'>Pal}⁴</span> 
     </span>
     <span class='ocr_line' id='line_1_58' title="bbox 1406 1779 1508 1804; baseline -0.01 0"><span class='ocrx_word' id='word_1_389' title='bbox 1406 1779 1508 1804; x_wconf 65' lang='lat' dir='ltr'>Eius.</span> 
     </span>
    </p>

    <p class='ocr_par' dir='ltr' id='par_1_26' title="bbox 1357 1817 2417 1962">
     <span class='ocr_line' id='line_1_59' title="bbox 1414 1817 2407 1872; baseline 0.01 -18"><span class='ocrx_word' id='word_1_390' title='bbox 1414 1829 1472 1866; x_wconf 84' lang='lat'>39.</span> <span class='ocrx_word' id='word_1_391' title='bbox 1499 1818 1655 1869; x_wconf 73' lang='lat' dir='ltr'>Oppofitd</span> <span class='ocrx_word' id='word_1_392' title='bbox 1673 1817 1809 1866; x_wconf 62' lang='lat' dir='ltr'>lauro]</span> <span class='ocrx_word' id='word_1_393' title='bbox 1849 1817 2017 1868; x_wconf 74' lang='lat' dir='ltr'>Appofitd</span> <span class='ocrx_word' id='word_1_394' title='bbox 2040 1820 2139 1858; x_wconf 86' lang='lat' dir='ltr'>lauro</span> <span class='ocrx_word' id='word_1_395' title='bbox 2161 1823 2324 1872; x_wconf 75' lang='lat' dir='ltr'>plerique</span> <span class='ocrx_word' id='word_1_396' title='bbox 2345 1839 2407 1866; x_wconf 88' lang='lat' dir='ltr'>ve-</span> 
     </span>
     <span class='ocr_line' id='line_1_60' title="bbox 1358 1870 2417 1920; baseline 0.008 -14"><span class='ocrx_word' id='word_1_397' title='bbox 1358 1876 1463 1907; x_wconf 87' lang='lat' dir='ltr'>teres.</span> <span class='ocrx_word' id='word_1_398' title='bbox 1500 1870 1610 1910; x_wconf 62' lang='lat' dir='ltr'>reete.</span> <span class='ocrx_word' id='word_1_399' title='bbox 1661 1877 1700 1907; x_wconf 86' lang='lat' dir='ltr'>ut</span> <span class='ocrx_word' id='word_1_400' title='bbox 1742 1871 1875 1907; x_wconf 84' lang='lat' dir='ltr'>monui</span> <span class='ocrx_word' id='word_1_401' title='bbox 1907 1871 1951 1908; x_wconf 87' lang='lat' dir='ltr'>ad</span> <span class='ocrx_word' id='word_1_402' title='bbox 1992 1872 2103 1920; x_wconf 87' lang='lat' dir='ltr'>Epist.</span> <span class='ocrx_word' id='word_1_403' title='bbox 2132 1885 2205 1912; x_wconf 83' lang='lat' dir='ltr'>vu.</span> <span class='ocrx_word' id='word_1_404' title='bbox 2237 1876 2291 1920; x_wconf 58' lang='lat' dir='ltr'>fils.</span> <span class='ocrx_word' id='word_1_405' title='bbox 2327 1886 2417 1920; x_wconf 56' lang='lat'><em>1004,</em></span> 
     </span>
     <span class='ocr_line' id='line_1_61' title="bbox 1357 1920 2353 1962; baseline 0.005 -5"><span class='ocrx_word' id='word_1_406' title='bbox 1357 1920 1504 1959; x_wconf 71' lang='lat' dir='ltr'>Hms.</span> <span class='ocrx_word' id='word_1_407' title='bbox 2312 1946 2313 1949; x_wconf 64' lang='lat'><em>=</em></span> <span class='ocrx_word' id='word_1_408' title='bbox 2350 1956 2353 1962; x_wconf 91' lang='lat'><em>.</em></span> 
     </span>
    </p>

    <p class='ocr_par' dir='ltr' id='par_1_27' title="bbox 1352 1970 2420 2581">
     <span class='ocr_line' id='line_1_62' title="bbox 1410 1970 2408 2025; baseline 0.006 -16"><span class='ocrx_word' id='word_1_409' title='bbox 1410 1983 1470 2017; x_wconf 78' lang='lat'>40.</span> <span class='ocrx_word' id='word_1_410' title='bbox 1498 1971 1616 2010; x_wconf 86' lang='lat' dir='ltr'>Arbor</span> <span class='ocrx_word' id='word_1_411' title='bbox 1639 1981 1740 2022; x_wconf 83' lang='lat' dir='ltr'>opaca</span> <span class='ocrx_word' id='word_1_412' title='bbox 1762 1970 1915 2021; x_wconf 62' lang='lat' dir='ltr'>comam]</span> <span class='ocrx_word' id='word_1_413' title='bbox 1946 1978 2065 2018; x_wconf 83' lang='lat' dir='ltr'>Fores,</span> <span class='ocrx_word' id='word_1_414' title='bbox 2092 1987 2168 2013; x_wconf 89' lang='lat' dir='ltr'>non</span> <span class='ocrx_word' id='word_1_415' title='bbox 2200 1990 2334 2025; x_wconf 77' lang='lat' dir='ltr'>comas,</span> <span class='ocrx_word' id='word_1_416' title='bbox 2363 1991 2408 2020; x_wconf 70' lang='lat' dir='ltr'>ex</span> 
     </span>
     <span class='ocr_line' id='line_1_63' title="bbox 1358 2021 2411 2073; baseline 0.008 -14"><span class='ocrx_word' id='word_1_417' title='bbox 1358 2021 1543 2061; x_wconf 86' lang='lat' dir='ltr'>veteribus</span> <span class='ocrx_word' id='word_1_418' title='bbox 1573 2023 1788 2072; x_wconf 86' lang='lat' dir='ltr'>legendum.</span> <span class='ocrx_word' id='word_1_419' title='bbox 1816 2023 1949 2060; x_wconf 53' lang='lat' dir='ltr'>Naue.</span> <span class='ocrx_word' id='word_1_420' title='bbox 1973 2024 2076 2073; x_wconf 84' lang='lat' dir='ltr'>Lege</span> <span class='ocrx_word' id='word_1_421' title='bbox 2093 2054 2102 2070; x_wconf 95' lang='lat'>,</span> <span class='ocrx_word' id='word_1_422' title='bbox 2121 2028 2232 2073; x_wconf 81' lang='lat' dir='ltr'>sores,</span> <span class='ocrx_word' id='word_1_423' title='bbox 2261 2042 2337 2069; x_wconf 91' lang='lat' dir='ltr'>non</span> <span class='ocrx_word' id='word_1_424' title='bbox 2359 2044 2411 2069; x_wconf 80' lang='lat' dir='ltr'>co-</span> 
     </span>
     <span class='ocr_line' id='line_1_64' title="bbox 1359 2074 2408 2128; baseline 0.011 -19"><span class='ocrx_word' id='word_1_425' title='bbox 1359 2086 1437 2110; x_wconf 83' lang='lat' dir='ltr'>mas</span> <span class='ocrx_word' id='word_1_426' title='bbox 1456 2086 1502 2111; x_wconf 84' lang='lat' dir='ltr'>ex</span> <span class='ocrx_word' id='word_1_427' title='bbox 1523 2087 1600 2112; x_wconf 91' lang='lat' dir='ltr'>uno</span> <span class='ocrx_word' id='word_1_428' title='bbox 1624 2074 1746 2111; x_wconf 86' lang='lat' dir='ltr'>Vatic.</span> <span class='ocrx_word' id='word_1_429' title='bbox 1769 2076 1895 2123; x_wconf 80' lang='lat' dir='ltr'>Quam</span> <span class='ocrx_word' id='word_1_430' title='bbox 1923 2075 2122 2114; x_wconf 66' lang='lat' dir='ltr'>ledrionem</span> <span class='ocrx_word' id='word_1_431' title='bbox 2148 2090 2353 2128; x_wconf 82' lang='lat' dir='ltr'>reppererat</span> <span class='ocrx_word' id='word_1_432' title='bbox 2371 2084 2408 2121; x_wconf 88' lang='lat' dir='ltr'>in</span> 
     </span>
     <span class='ocr_line' id='line_1_65' title="bbox 1360 2124 2411 2180; baseline 0.001 -18"><span class='ocrx_word' id='word_1_433' title='bbox 1360 2124 1437 2162; x_wconf 86' lang='lat' dir='ltr'>aliis</span> <span class='ocrx_word' id='word_1_434' title='bbox 1457 2126 1616 2174; x_wconf 81' lang='lat' dir='ltr'>antiquis</span> <span class='ocrx_word' id='word_1_435' title='bbox 1647 2125 1744 2163; x_wconf 82' lang='lat' dir='ltr'>libris</span> <span class='ocrx_word' id='word_1_436' title='bbox 1770 2153 1780 2170; x_wconf 96' lang='lat'><strong>,</strong></span> <span class='ocrx_word' id='word_1_437' title='bbox 1813 2126 1916 2163; x_wconf 86' lang='lat' dir='ltr'>annis</span> <span class='ocrx_word' id='word_1_438' title='bbox 1944 2127 2076 2164; x_wconf 80' lang='lat' dir='ltr'>abhinc</span> <span class='ocrx_word' id='word_1_439' title='bbox 2108 2129 2205 2164; x_wconf 86' lang='lat' dir='ltr'>unde</span> <span class='ocrx_word' id='word_1_440' title='bbox 2227 2133 2411 2180; x_wconf 78' lang='lat' dir='ltr'>quinqua-</span> 
     </span>
     <span class='ocr_line' id='line_1_66' title="bbox 1358 2176 2413 2227; baseline 0.009 -15"><span class='ocrx_word' id='word_1_441' title='bbox 1358 2176 1458 2224; x_wconf 84' lang='lat' dir='ltr'>ginta</span> <span class='ocrx_word' id='word_1_442' title='bbox 1477 2204 1487 2220; x_wconf 93' lang='lat'><strong>,</strong></span> <span class='ocrx_word' id='word_1_443' title='bbox 1509 2176 1719 2213; x_wconf 81' lang='lat' dir='ltr'>Alexander</span> <span class='ocrx_word' id='word_1_444' title='bbox 1736 2176 1938 2226; x_wconf 84' lang='lat' dir='ltr'>Paganinus</span> <span class='ocrx_word' id='word_1_445' title='bbox 1953 2205 1962 2221; x_wconf 94' lang='lat'><strong>,</strong></span> <span class='ocrx_word' id='word_1_446' title='bbox 1991 2178 2054 2227; x_wconf 88' lang='lat' dir='ltr'>qui</span> <span class='ocrx_word' id='word_1_447' title='bbox 2082 2178 2118 2214; x_wconf 89' lang='lat' dir='ltr'>in</span> <span class='ocrx_word' id='word_1_448' title='bbox 2140 2182 2266 2217; x_wconf 84' lang='lat' dir='ltr'>omnia</span> <span class='ocrx_word' id='word_1_449' title='bbox 2281 2181 2413 2222; x_wconf 82' lang='lat' dir='ltr'>Ovidii</span> 
     </span>
     <span class='ocr_line' id='line_1_67' title="bbox 1359 2226 2409 2275; baseline 0.008 -12"><span class='ocrx_word' id='word_1_450' title='bbox 1359 2238 1471 2274; x_wconf 82' lang='lat' dir='ltr'>opera</span> <span class='ocrx_word' id='word_1_451' title='bbox 1501 2227 1784 2264; x_wconf 72' lang='lat' dir='ltr'>emendationes</span> <span class='ocrx_word' id='word_1_452' title='bbox 1822 2227 1968 2275; x_wconf 82' lang='lat' dir='ltr'>scripsit.</span> <span class='ocrx_word' id='word_1_453' title='bbox 2022 2226 2229 2267; x_wconf 90' lang='lat' dir='ltr'>Confirmat</span> <span class='ocrx_word' id='word_1_454' title='bbox 2259 2232 2296 2268; x_wconf 72' lang='grc' dir='ltr'>ὅ(</span> <span class='ocrx_word' id='word_1_455' title='bbox 2327 2244 2409 2272; x_wconf 88' lang='lat' dir='ltr'>eam</span> 
     </span>
     <span class='ocr_line' id='line_1_68' title="bbox 1358 2276 2420 2332; baseline 0.006 -18"><span class='ocrx_word' id='word_1_456' title='bbox 1358 2276 1494 2315; x_wconf 86' lang='lat' dir='ltr'>Plinius</span> <span class='ocrx_word' id='word_1_457' title='bbox 1514 2278 1574 2314; x_wconf 89' lang='lat' dir='ltr'>lib.</span> <span class='ocrx_word' id='word_1_458' title='bbox 1593 2291 1656 2315; x_wconf 84' lang='lat' dir='ltr'>xv.</span> <span class='ocrx_word' id='word_1_459' title='bbox 1675 2288 1752 2325; x_wconf 86' lang='lat' dir='ltr'>cap.</span> <span class='ocrx_word' id='word_1_460' title='bbox 1773 2288 1834 2325; x_wconf 84' lang='lat'>33.</span> <span class='ocrx_word' id='word_1_461' title='bbox 1870 2283 2028 2322; x_wconf 84' lang='lat' dir='ltr'>Laurus,</span> <span class='ocrx_word' id='word_1_462' title='bbox 2056 2279 2197 2327; x_wconf 85' lang='lat' dir='ltr'>inquit,</span> <span class='ocrx_word' id='word_1_463' title='bbox 2226 2283 2420 2332; x_wconf 37' lang='lat' dir='ltr'>triumphisi</span> 
     </span>
     <span class='ocr_line' id='line_1_69' title="bbox 1353 2327 2413 2380; baseline 0.008 -17"><span class='ocrx_word' id='word_1_464' title='bbox 1353 2328 1485 2377; x_wconf 76' lang='lat' dir='ltr'>proprie</span> <span class='ocrx_word' id='word_1_465' title='bbox 1503 2328 1643 2365; x_wconf 80' lang='lat' dir='ltr'>dicatur</span> <span class='ocrx_word' id='word_1_466' title='bbox 1657 2356 1667 2371; x_wconf 90' lang='lat'><strong>‚</strong></span> <span class='ocrx_word' id='word_1_467' title='bbox 1695 2327 1753 2372; x_wconf 64' lang='lat' dir='ltr'>vel</span> <span class='ocrx_word' id='word_1_468' title='bbox 1771 2327 1964 2376; x_wconf 82' lang='lat' dir='ltr'>gratiffima</span> <span class='ocrx_word' id='word_1_469' title='bbox 1985 2329 2139 2365; x_wconf 69' lang='lat' dir='ltr'>domibus</span> <span class='ocrx_word' id='word_1_470' title='bbox 2155 2331 2312 2380; x_wconf 82' lang='lat' dir='ltr'>janitrix</span> <span class='ocrx_word' id='word_1_471' title='bbox 2323 2340 2413 2372; x_wconf 85' lang='lat' dir='ltr'>Cae-</span> 
     </span>
     <span class='ocr_line' id='line_1_70' title="bbox 1352 2378 2419 2430; baseline 0.009 -15"><span class='ocrx_word' id='word_1_472' title='bbox 1352 2381 1503 2426; x_wconf 77' lang='lat' dir='ltr'>sarum,</span> <span class='ocrx_word' id='word_1_473' title='bbox 1533 2378 1827 2429; x_wconf 67' lang='lat' dir='ltr'>pontificumque:</span> <span class='ocrx_word' id='word_1_474' title='bbox 1857 2393 1944 2427; x_wconf 81' lang='lat' dir='ltr'>quae</span> <span class='ocrx_word' id='word_1_475' title='bbox 1956 2380 2033 2427; x_wconf 86' lang='lat' dir='ltr'>sola</span> <span class='ocrx_word' id='word_1_476' title='bbox 2053 2392 2095 2419; x_wconf 58' lang='grc' dir='ltr'>(θ’</span> <span class='ocrx_word' id='word_1_477' title='bbox 2116 2381 2230 2420; x_wconf 81' lang='lat' dir='ltr'>domos</span> <span class='ocrx_word' id='word_1_478' title='bbox 2251 2396 2419 2430; x_wconf 84' lang='lat' dir='ltr'>exornat,.</span> 
     </span>
     <span class='ocr_line' id='line_1_71' title="bbox 1362 2429 2406 2476; baseline 0.01 -11"><span class='ocrx_word' id='word_1_479' title='bbox 1362 2433 1406 2469; x_wconf 60' lang='lat' dir='ltr'>&lt;ty</span> <span class='ocrx_word' id='word_1_480' title='bbox 1424 2441 1507 2466; x_wconf 85' lang='lat' dir='ltr'>ante</span> <span class='ocrx_word' id='word_1_481' title='bbox 1526 2429 1651 2467; x_wconf 85' lang='lat' dir='ltr'>limina</span> <span class='ocrx_word' id='word_1_482' title='bbox 1674 2431 1833 2467; x_wconf 78' lang='lat' dir='ltr'>excubat.</span> <span class='ocrx_word' id='word_1_483' title='bbox 1870 2431 2048 2468; x_wconf 81' lang='lat' dir='ltr'>Martialis</span> <span class='ocrx_word' id='word_1_484' title='bbox 2065 2432 2158 2468; x_wconf 88' lang='lat' dir='ltr'>libro</span> <span class='ocrx_word' id='word_1_485' title='bbox 2180 2446 2271 2472; x_wconf 79' lang='lat' dir='ltr'>viu.</span> <span class='ocrx_word' id='word_1_486' title='bbox 2298 2444 2406 2476; x_wconf 79' lang='lat' dir='ltr'>vocat</span> 
     </span>
     <span class='ocr_line' id='line_1_72' title="bbox 1361 2480 2412 2533; baseline 0.009 -16"><span class='ocrx_word' id='word_1_487' title='bbox 1361 2487 1506 2517; x_wconf 79' lang='lat' dir='ltr'>Penates</span> <span class='ocrx_word' id='word_1_488' title='bbox 1538 2481 1752 2529; x_wconf 80' lang='lat' dir='ltr'>laurigeros,</span> <span class='ocrx_word' id='word_1_489' title='bbox 1789 2480 1892 2530; x_wconf 87' lang='lat' dir='ltr'>quod</span> <span class='ocrx_word' id='word_1_490' title='bbox 1928 2489 2012 2518; x_wconf 82' lang='lat' dir='ltr'>ante</span> <span class='ocrx_word' id='word_1_491' title='bbox 2042 2481 2313 2530; x_wconf 81' lang='lat' dir='ltr'>Imperatorum</span> <span class='ocrx_word' id='word_1_492' title='bbox 2342 2486 2412 2533; x_wconf 56' lang='lat' dir='ltr'>doe:</span> 
     </span>
     <span class='ocr_line' id='line_1_73' title="bbox 1361 2531 2308 2581; baseline 0.006 -12"><span class='ocrx_word' id='word_1_493' title='bbox 1361 2543 1467 2569; x_wconf 85' lang='lat' dir='ltr'>mum</span> <span class='ocrx_word' id='word_1_494' title='bbox 1493 2531 1554 2569; x_wconf 81' lang='lat' dir='ltr'>sita</span> <span class='ocrx_word' id='word_1_495' title='bbox 1573 2544 1647 2570; x_wconf 88' lang='lat' dir='ltr'>erat</span> <span class='ocrx_word' id='word_1_496' title='bbox 1664 2533 1795 2569; x_wconf 84' lang='lat' dir='ltr'>laurus.</span> <span class='ocrx_word' id='word_1_497' title='bbox 1815 2533 1892 2581; x_wconf 83' lang='lat' dir='ltr'>ejus</span> <span class='ocrx_word' id='word_1_498' title='bbox 1914 2533 2075 2569; x_wconf 84' lang='lat' dir='ltr'>carmina</span> <span class='ocrx_word' id='word_1_499' title='bbox 2094 2534 2186 2572; x_wconf 80' lang='lat' dir='ltr'>haec</span> <span class='ocrx_word' id='word_1_500' title='bbox 2206 2536 2308 2575; x_wconf 86' lang='lat' dir='ltr'>sunt:</span> 
     </span>
    </p>
   </div>
   <div class='ocr_carea' id='block_1_21' title="bbox 1363 2595 2234 2847">
    <p class='ocr_par' dir='ltr' id='par_1_28' title="bbox 1363 2595 2234 2847">
     <span class='ocr_line' id='line_1_74' title="bbox 1414 2595 2234 2646; baseline 0.002 -15"><span class='ocrx_word' id='word_1_501' title='bbox 1414 2596 1612 2642; x_wconf 72' lang='lat' dir='ltr'>Laurigeros</span> <span class='ocrx_word' id='word_1_502' title='bbox 1638 2595 1772 2631; x_wconf 78' lang='lat' dir='ltr'>domini</span> <span class='ocrx_word' id='word_1_503' title='bbox 1794 2595 1878 2631; x_wconf 79' lang='lat' dir='ltr'>liber</span> <span class='ocrx_word' id='word_1_504' title='bbox 1900 2596 2078 2632; x_wconf 75' lang='lat' dir='ltr'>intrature</span> <span class='ocrx_word' id='word_1_505' title='bbox 2092 2605 2234 2646; x_wconf 77' lang='lat' dir='ltr'>penates</span> 
     </span>
     <span class='ocr_line' id='line_1_75' title="bbox 1466 2646 2136 2698; baseline 0.006 -16"><span class='ocrx_word' id='word_1_506' title='bbox 1466 2648 1563 2692; x_wconf 58' lang='lat' dir='ltr'>D1s‘ce</span> <span class='ocrx_word' id='word_1_507' title='bbox 1584 2646 1773 2682; x_wconf 74' lang='lat' dir='ltr'>verecundo</span> <span class='ocrx_word' id='word_1_508' title='bbox 1781 2647 1941 2695; x_wconf 64' lang='lat' dir='ltr'>sanolius</span> <span class='ocrx_word' id='word_1_509' title='bbox 1959 2660 2013 2683; x_wconf 89' lang='lat' dir='ltr'>ore</span> <span class='ocrx_word' id='word_1_510' title='bbox 2031 2646 2136 2698; x_wconf 82' lang='lat' dir='ltr'>loqui.</span> 
     </span>
     <span class='ocr_line' id='line_1_76' title="bbox 1363 2696 1899 2734; baseline 0 0"><span class='ocrx_word' id='word_1_511' title='bbox 1363 2697 1531 2734; x_wconf 77' lang='lat' dir='ltr'>CIOFAN.</span> <span class='ocrx_word' id='word_1_512' title='bbox 1559 2696 1695 2733; x_wconf 85' lang='lat' dir='ltr'>Melius</span> <span class='ocrx_word' id='word_1_513' title='bbox 1717 2697 1775 2734; x_wconf 77' lang='lat' dir='ltr'>alii</span> <span class='ocrx_word' id='word_1_514' title='bbox 1796 2697 1899 2734; x_wconf 85' lang='lat' dir='ltr'>libri:</span> 
     </span>
     <span class='ocr_line' id='line_1_77' title="bbox 1413 2746 2151 2796; baseline 0.007 -14"><span class='ocrx_word' id='word_1_515' title='bbox 1413 2746 1532 2794; x_wconf 75' lang='lat' dir='ltr'>cingit</span> <span class='ocrx_word' id='word_1_516' title='bbox 1550 2760 1591 2786; x_wconf 63' lang='grc'>(7</span> <span class='ocrx_word' id='word_1_517' title='bbox 1616 2747 1789 2795; x_wconf 75' lang='lat' dir='ltr'>Augustas</span> <span class='ocrx_word' id='word_1_518' title='bbox 1810 2748 1914 2785; x_wconf 80' lang='lat' dir='ltr'>arbor</span> <span class='ocrx_word' id='word_1_519' title='bbox 1933 2757 2034 2796; x_wconf 78' lang='lat' dir='ltr'>opaca</span> <span class='ocrx_word' id='word_1_520' title='bbox 2046 2749 2151 2795; x_wconf 84' lang='lat' dir='ltr'>sores.</span> 
     </span>
     <span class='ocr_line' id='line_1_78' title="bbox 1364 2798 2055 2847; baseline 0 -11"><span class='ocrx_word' id='word_1_521' title='bbox 1364 2798 1510 2836; x_wconf 86' lang='lat' dir='ltr'>Notum</span> <span class='ocrx_word' id='word_1_522' title='bbox 1538 2799 1626 2835; x_wconf 88' lang='lat' dir='ltr'>illud</span> <span class='ocrx_word' id='word_1_523' title='bbox 1647 2800 2005 2847; x_wconf 81' lang='lat' dir='ltr'>Metamorphoseon</span> <span class='ocrx_word' id='word_1_524' title='bbox 2028 2812 2055 2836; x_wconf 89' lang='lat'>1.</span> 
     </span>
    </p>
   </div>
   <div class='ocr_carea' id='block_1_22' title="bbox 1418 2865 2356 2971">
    <p class='ocr_par' dir='ltr' id='par_1_29' title="bbox 1418 2865 2356 2971">
     <span class='ocr_line' id='line_1_79' title="bbox 1420 2865 2218 2917; baseline 0.006 -15"><span class='ocrx_word' id='word_1_525' title='bbox 1420 2866 1569 2912; x_wconf 79' lang='lat' dir='ltr'>Postibus</span> <span class='ocrx_word' id='word_1_526' title='bbox 1590 2869 1755 2912; x_wconf 57' lang='lat' dir='ltr'>Augustis</span> <span class='ocrx_word' id='word_1_527' title='bbox 1773 2868 1891 2903; x_wconf 78' lang='lat' dir='ltr'>eadem</span> <span class='ocrx_word' id='word_1_528' title='bbox 1903 2865 2071 2914; x_wconf 79' lang='lat' dir='ltr'>fidissima</span> <span class='ocrx_word' id='word_1_529' title='bbox 2092 2868 2218 2917; x_wconf 81' lang='lat' dir='ltr'>custos,&#39;</span> 
     </span>
     <span class='ocr_line' id='line_1_80' title="bbox 1418 2917 2356 2971; baseline 0.006 -17"><span class='ocrx_word' id='word_1_530' title='bbox 1418 2923 1517 2954; x_wconf 87' lang='lat' dir='ltr'>Ante</span> <span class='ocrx_word' id='word_1_531' title='bbox 1526 2920 1619 2964; x_wconf 82' lang='lat' dir='ltr'>fores</span> <span class='ocrx_word' id='word_1_532' title='bbox 1631 2920 1739 2965; x_wconf 79' lang='lat' dir='ltr'>stabis</span> <span class='ocrx_word' id='word_1_533' title='bbox 1751 2947 1760 2963; x_wconf 88' lang='lat'><em>‚</em></span> <span class='ocrx_word' id='word_1_534' title='bbox 1795 2917 2014 2968; x_wconf 75' lang='lat' dir='ltr'>mediamque</span> <span class='ocrx_word' id='word_1_535' title='bbox 2031 2920 2162 2957; x_wconf 83' lang='lat' dir='ltr'>tuebere</span> <span class='ocrx_word' id='word_1_536' title='bbox 2181 2922 2356 2971; x_wconf 61' lang='lat' dir='ltr'>quercum:</span> 
     </span>
    </p>
   </div>
   <div class='ocr_carea' id='block_1_23' title="bbox 1370 2977 2422 3133">
    <p class='ocr_par' dir='ltr' id='par_1_30' title="bbox 1370 2977 2422 3133">
     <span class='ocr_line' id='line_1_81' title="bbox 1370 2977 2422 3029; baseline 0.007 -15"><span class='ocrx_word' id='word_1_537' title='bbox 1370 2977 1422 3014; x_wconf 88' lang='lat' dir='ltr'>D.</span> <span class='ocrx_word' id='word_1_538' title='bbox 1444 2980 1588 3017; x_wconf 68' lang='grc' dir='ltr'><strong>ΗΕιΝς.</strong></span> <span class='ocrx_word' id='word_1_539' title='bbox 1632 2980 1809 3027; x_wconf 76' lang='lat' dir='ltr'>Augustas</span> <span class='ocrx_word' id='word_1_540' title='bbox 1831 2981 1923 3026; x_wconf 82' lang='lat' dir='ltr'>fores</span> <span class='ocrx_word' id='word_1_541' title='bbox 1951 2983 2153 3029; x_wconf 84' lang='lat' dir='ltr'>agnoscunt</span> <span class='ocrx_word' id='word_1_542' title='bbox 2181 2985 2289 3022; x_wconf 85' lang='lat' dir='ltr'>etiam</span> <span class='ocrx_word' id='word_1_543' title='bbox 2311 2983 2422 3023; x_wconf 64' lang='lat' dir='ltr'>multi:</span> 
     </span>
     <span class='ocr_line' id='line_1_82' title="bbox 1371 3031 2416 3083; baseline 0.008 -18"><span class='ocrx_word' id='word_1_544' title='bbox 1371 3039 1416 3065; x_wconf 89' lang='lat' dir='ltr'>ex</span> <span class='ocrx_word' id='word_1_545' title='bbox 1434 3031 1612 3078; x_wconf 84' lang='lat' dir='ltr'>antiquis,</span> <span class='ocrx_word' id='word_1_546' title='bbox 1641 3042 1716 3067; x_wconf 90' lang='lat' dir='ltr'>non</span> <span class='ocrx_word' id='word_1_547' title='bbox 1741 3045 1862 3067; x_wconf 25' lang='lat' dir='ltr'>comas*</span> <span class='ocrx_word' id='word_1_548' title='bbox 1901 3033 1938 3070; x_wconf 70' lang='grc' dir='ltr'>δε</span> <span class='ocrx_word' id='word_1_549' title='bbox 1958 3033 2032 3069; x_wconf 85' lang='lat' dir='ltr'>hoc</span> <span class='ocrx_word' id='word_1_550' title='bbox 2052 3035 2177 3081; x_wconf 88' lang='lat' dir='ltr'>probe.</span> <span class='ocrx_word' id='word_1_551' title='bbox 2206 3047 2325 3083; x_wconf 85' lang='lat' dir='ltr'>neque</span> <span class='ocrx_word' id='word_1_552' title='bbox 2353 3035 2416 3072; x_wconf 84' lang='lat' dir='ltr'>ali·</span> 
     </span>
     <span class='ocr_line' id='line_1_83' title="bbox 1372 3081 2414 3133; baseline 0.006 -18"><span class='ocrx_word' id='word_1_553' title='bbox 1372 3087 1426 3116; x_wconf 87' lang='lat' dir='ltr'>ter</span> <span class='ocrx_word' id='word_1_554' title='bbox 1446 3092 1490 3116; x_wconf 83' lang='lat' dir='ltr'>ex</span> <span class='ocrx_word' id='word_1_555' title='bbox 1514 3081 1580 3117; x_wconf 86' lang='lat' dir='ltr'>suis</span> <span class='ocrx_word' id='word_1_556' title='bbox 1603 3081 1805 3129; x_wconf 81' lang='lat' dir='ltr'>Naugerius</span> <span class='ocrx_word' id='word_1_557' title='bbox 1836 3095 1879 3121; x_wconf 64' lang='grc' dir='ltr'>φ’</span> <span class='ocrx_word' id='word_1_558' title='bbox 1904 3084 2096 3121; x_wconf 81' lang='lat' dir='ltr'>Ciofanus.</span> <span class='ocrx_word' id='word_1_559' title='bbox 2136 3097 2201 3133; x_wconf 90' lang='lat' dir='ltr'>pro</span> <span class='ocrx_word' id='word_1_560' title='bbox 2221 3087 2319 3122; x_wconf 79' lang='lat' dir='ltr'>arbor</span> <span class='ocrx_word' id='word_1_561' title='bbox 2339 3095 2414 3133; x_wconf 74' lang='lat' dir='ltr'>epa.-</span> 
     </span>
    </p>
   </div>
   <div class='ocr_carea' id='block_1_24' title="bbox 1367 3134 2421 3219">
    <p class='ocr_par' dir='ltr' id='par_1_31' title="bbox 1367 3134 2421 3219">
     <span class='ocr_line' id='line_1_84' title="bbox 1369 3134 2421 3186; baseline 0.01 -21"><span class='ocrx_word' id='word_1_562' title='bbox 1369 3143 1408 3166; x_wconf 87' lang='lat' dir='ltr'>ca</span> <span class='ocrx_word' id='word_1_563' title='bbox 1433 3139 1501 3186; x_wconf 83' lang='lat' dir='ltr'>tres</span> <span class='ocrx_word' id='word_1_564' title='bbox 1518 3159 1526 3174; x_wconf 91' lang='lat'>,</span> <span class='ocrx_word' id='word_1_565' title='bbox 1557 3145 1687 3180; x_wconf 81' lang='lat' dir='ltr'>querna</span> <span class='ocrx_word' id='word_1_566' title='bbox 1711 3146 1843 3170; x_wconf 82' lang='lat' dir='ltr'>corona.</span> <span class='ocrx_word' id='word_1_567' title='bbox 1862 3144 1900 3171; x_wconf 89' lang='lat' dir='ltr'>ut</span> <span class='ocrx_word' id='word_1_568' title='bbox 1925 3134 2014 3173; x_wconf 77' lang='lat' dir='ltr'>Fast.</span> <span class='ocrx_word' id='word_1_569' title='bbox 2034 3136 2094 3172; x_wconf 86' lang='lat' dir='ltr'>lib.</span> <span class='ocrx_word' id='word_1_570' title='bbox 2107 3148 2135 3174; x_wconf 87' lang='lat'>1.</span> <span class='ocrx_word' id='word_1_571' title='bbox 2157 3140 2241 3183; x_wconf 75' lang='lat'>614.</span> <span class='ocrx_word' id='word_1_572' title='bbox 2267 3139 2311 3175; x_wconf 86' lang='lat' dir='ltr'>ad</span> <span class='ocrx_word' id='word_1_573' title='bbox 2323 3137 2421 3183; x_wconf 54' lang='lat' dir='ltr'>Gerf</span> 
     </span>
     <span class='ocr_line' id='line_1_85' title="bbox 1367 3192 1579 3219; baseline 0.009 -2"><span class='ocrx_word' id='word_1_574' title='bbox 1367 3192 1553 3218; x_wconf 83' lang='lat' dir='ltr'>manicum</span> <span class='ocrx_word' id='word_1_575' title='bbox 1572 3196 1579 3219; x_wconf 88' lang='lat'>:</span> 
     </span>
    </p>
   </div>
   <div class='ocr_carea' id='block_1_25' title="bbox 1421 3245 2212 3297">
    <p class='ocr_par' dir='ltr' id='par_1_32' title="bbox 1421 3245 2212 3297">
     <span class='ocr_line' id='line_1_86' title="bbox 1421 3245 2212 3297; baseline 0.01 -17"><span class='ocrx_word' id='word_1_576' title='bbox 1421 3249 1579 3292; x_wconf 82' lang='lat' dir='ltr'>Protegat</span> <span class='ocrx_word' id='word_1_577' title='bbox 1600 3256 1642 3283; x_wconf 71' lang='lat'>&lt;9¹</span> <span class='ocrx_word' id='word_1_578' title='bbox 1663 3245 1792 3291; x_wconf 76' lang='lat' dir='ltr'>vestras</span> <span class='ocrx_word' id='word_1_579' title='bbox 1820 3261 1952 3294; x_wconf 77' lang='lat' dir='ltr'>querna</span> <span class='ocrx_word' id='word_1_580' title='bbox 1975 3262 2095 3286; x_wconf 85' lang='lat' dir='ltr'>corona</span> <span class='ocrx_word' id='word_1_581' title='bbox 2109 3251 2212 3297; x_wconf 81' lang='lat' dir='ltr'>fores.</span> 
     </span>
    </p>
   </div>
   <div class='ocr_carea' id='block_1_26' title="bbox 1372 3305 2420 3401">
    <p class='ocr_par' dir='ltr' id='par_1_33' title="bbox 1372 3305 2420 3401">
     <span class='ocr_line' id='line_1_87' title="bbox 1372 3305 2420 3366; baseline 0.001 -20"><span class='ocrx_word' id='word_1_582' title='bbox 1372 3305 1520 3359; x_wconf 68' lang='lat' dir='ltr'>H21Ns‚</span> <span class='ocrx_word' id='word_1_583' title='bbox 1572 3306 1643 3359; x_wconf 71' lang='lat' dir='ltr'>Sed</span> <span class='ocrx_word' id='word_1_584' title='bbox 1661 3307 1741 3357; x_wconf 80' lang='lat' dir='ltr'>jam</span> <span class='ocrx_word' id='word_1_585' title='bbox 1772 3321 1904 3361; x_wconf 68' lang='lat' dir='ltr'>querna</span> <span class='ocrx_word' id='word_1_586' title='bbox 1927 3323 2048 3366; x_wconf 74' lang='lat' dir='ltr'>corona</span> <span class='ocrx_word' id='word_1_587' title='bbox 2066 3313 2122 3358; x_wconf 60' lang='lat' dir='ltr'>sss-</span> <span class='ocrx_word' id='word_1_588' title='bbox 2141 3314 2199 3364; x_wconf 76' lang='lat'>36,</span> <span class='ocrx_word' id='word_1_589' title='bbox 2224 3308 2420 3365; x_wconf 80' lang='lat' dir='ltr'>praeceffe-</span> 
     </span>
     <span class='ocr_line' id='line_1_88' title="bbox 2353 3368 2416 3401; baseline -0.032 0"><span class='ocrx_word' id='word_1_590' title='bbox 2353 3368 2416 3401; x_wconf 69' lang='lat' dir='ltr'>ta&#39;t.</span> 
     </span>
    </p>
   </div>
  </div>
 </body>
</html>
