2495 3675
526 187 1471 254 FASTORUM

1582 176 1886 258 Lmjr,

281 316 380 383 185
421 311 572 388 Quid
596 310 707 365 vult
732 309 904 381 palma
929 304 1020 358 fibi
1047 303 1346 376 rugosaque
1373 306 1571 370 carica,
1612 308 1750 373 dixi,

494 385 568 440 Et
593 383 713 438 data
738 382 829 436 sub
856 377 1017 432 niveo
1042 377 1270 432 candida
1293 379 1448 432 mella
1471 381 1624 434 favo?

422 460 630 517 Omen,
672 454 774 516 ait,
811 448 982 505 causs'a
1009 450 1113 513 est,
1152 465 1212 505 ut
1239 469 1320 506 res
1346 452 1496 524 sapor
1524 455 1607 508 ille
1635 455 1912 529 sequatur3

491 531 564 586 Et
588 537 804 599 peragat
829 536 1085 595 coeptum
1110 524 1281 580 dulcis
1308 539 1366 579 ut
1392 544 1555 581 annus
1581 528 1700 583 iter.

421 601 611 662 Dulcia
635 616 730 653 cur
759 599 955 651 dentur
979 596 1142 651 video
1169 615 1180 651 ε
1223 597 1365 668 stipis
1390 599 1559 670 adjice
1587 601 1840 668 caussam,
1943 623 1983 627 ’-

280 697 378 753 190

487 675 613 729 Pars
638 670 765 726 mihi
795 670 865 724 de
888 669 1022 724 festo
1047 688 1114 725 ne
1139 670 1277 725 labet
1302 672 1403 726 ulia
1428 686 1539 727 tuo,

421 747 590 811 Risrt3
631 745 715 808 ἃ,
752 743 806 798 Ο
830 745 992 816 quarn
1019 756 1072 797 te
1096 743 1283 799 fallunt
1310 759 1398 799 tua
1423 746 1593 802 secula
1620 749 1781 814 dixit,

490 819 602 894 Qui
630 818 759 889 stipe
783 818 890 872 mel
916 816 1088 872 sumta
1113 818 1320 873 dulcius
1345 817 1448 874 effe
1474 822 1659 894 putes?

125 1045 232 1090 fiquo
252 1036 391 1080 Latio,
426 1032 597 1078 Graecis,
627 1030 850 1074 τετάνωθρει,
878 1029 941 1068 καὶ
962 1029 1175 1077 vermalan-

129 1105 192 1131 τοι.
223 1090 400 1128 ΝΕΑΡοῐ..
800 1132 806 1138 .

183 1141 265 1189 185.
292 1139 489 1187 Rugosaque
519 1132 671 1183 carica.]
723 1132 892 1170 Caricam
921 1131 1034 1172 ficum
1063 1133 1173 1172 licca-

127 1203 204 1233 tam
223 1192 348 1230 dixere
380 1188 516 1226 Latini.
555 1185 688 1223 Graeci
706 1186 757 1220 τὰ
777 1184 871 1220 σῦκα
893 1193 1028 1222 vocant
1049 1197 1178 1223 recen-

126 1253 210 1284 tes:
237 1243 300 1281 has
322 1238 412 1279 vero
434 1238 508 1276 sole
527 1236 665 1275 adustas
686 1234 856 1282 ἰσχάδας.
913 1234 1060 1274 Gloffae
1080 1249 1089 1274 :
1119 1236 1176 1272 Fi-

128 1309 187 1334 cus
205 1296 323 1338 σῦκα,
352 1290 498 1329 Caricae
516 1286 684 1334 ἰσχάδες.
711 1299 776 1324 eae
797 1296 922 1323 autem
944 1286 1029 1324 ideo
1049 1287 1179 1324 caricae

129 1347 250 1386 dietae
264 1373 275 1389 ‚
301 1344 388 1393 quia
407 1354 455 1379 ex
476 1340 584 1378 Caria
602 1340 640 1376 in
660 1338 802 1375 ltaliam
821 1338 1011 1374 translatae
1033 1349 1042 1373 :
1079 1337 1178 1374 unde

130 1397 287 1437 eaedem
319 1401 481 1432 Cauneae
512 1390 533 1428 ὲ
562 1390 696 1426 Cauno
724 1388 813 1426 urbe
844 1387 1007 1436 ejusdem
1032 1387 1173 1424 Cariae.

128 1449 202 1488 Sed
232 1447 363 1486 caricas
402 1443 514 1482 nostri
543 1439 668 1489 postea
696 1451 763 1487 pro
796 1438 955 1486 qualibet
983 1437 1056 1475 ficu
1083 1436 1177 1476 ficcfi

127 1495 369 1539 transmarina
393 1494 606 1541 usurparunt
625 1505 636 1534 3
684 1491 724 1526 &
749 1488 865 1526 oblito
891 1489 1012 1536 primo
1045 1496 1176 1538 etymo

129 1551 257 1589 dixere
284 1548 416 1585 caricas
442 1554 610 1585 cauneas,
648 1551 690 1577 ac
708 1538 733 1576 fi
754 1538 916 1576 diversae
934 1538 1021 1577 vere
1042 1540 1177 1579 forent.

133 1602 270 1639 Cicero
290 1599 352 1637 lib.
376 1609 422 1635 ιι.
444 1594 489 1633 de
502 1592 746 1631 Divinatione
770 1602 778 1627 :
805 1589 900 1628 Ctkm
915 1596 1060 1627 Marcus
1073 1593 1179 1641 Cras-

125 1653 187 1702 sus
206 1649 394 1688 exercitum
413 1641 601 1692 Brundusti
619 1642 806 1691 imponeret
818 1669 828 1686 ,
856 1640 1003 1690 quidam
1023 1642 1178 1692 inportu

132 1702 262 1739 caricas
284 1705 407 1737 Cauno
437 1695 604 1732 adveeras
626 1692 804 1737 vendens,
832 1697 992 1729 Cauneas
1015 1693 1178 1732 clamita·

134 1753 207 1790 bat.
235 1752 273 1790 id
299 1749 369 1794 est,
410 1747 555 1788 καυνῖκς
586 1744 758 1791 ἶσχάδκς.
787 1744 902 1782 on-zm.
932 1743 1037 1782 Ficus
1066 1745 1177 1784 ficca-

131 1812 168 1842 ta
179 1815 221 1842 ac
232 1800 386 1852 proinde
398 1798 538 1848 rugosa.
567 1798 740 1840 Caricae,
767 1793 935 1842 ἷσχάὲες.
961 1794 1177 1846 fic&paffae

132 1867 225 1892 uvae
244 1852 390 1902 rugosae.
417 1849 514 1898 apud
538 1847 780 1886 Claudianum
796 1875 807 1892 ,

182 1908 341 1941 Aruerat
356 1901 448 1952 paffa
461 1900 572 1949 facies
593 1896 736 1948 rugosior
756 1912 843 1937 uva.

134 1955 280 1994 Caricas
318 1954 442 2003 Syriae
482 1952 644 2001 proprias
677 1950 762 1987 facit
789 1950 922 1988 Plinius
950 1950 1044 1989 libro
1075 1965 1176 1999 xm,

135 2017 214 2054 cap.
239 2019 271 2054 ς.
306 2004 406 2042 idem
435 2003 529 2041 libro
561 2014 623 2039 xv,
651 2001 745 2038 inter
773 2002 916 2039 Caricas
945 2003 984 2040 &
1009 2003 1177 2042 Cauneas

132 2057 342 2106 distinguit,
378 2066 466 2104 quas
496 2054 630 2091 Cicero
659 2051 752 2090 libro
782 2064 827 2089 11.
858 2052 903 2090 de
931 2053 1177 2094 Divinatione

132 2107 338 2146 confundit.
365 2104 466 2154 atqui
492 2103 637 2141 caricae
665 2114 684 2140 a
715 2102 822 2141 Caria
843 2103 984 2149 dietae,
1017 2113 1057 2143 ut
1080 2107 1178 2144 Cau-

131 2170 224 2197 neae
249 2171 268 2196 a
281 2159 413 2195 Cauno
429 2185 439 2200 ‚
467 2154 571 2205 quod
589 2153 769 2204 oppidum
793 2154 922 2193 Cariae
939 2156 1019 2205 quis
1037 2157 1177 2196 nescit?

131 2210 278 2248 Hzms.
306 2209 502 2258 Rugosaque
524 2206 643 2243 cortice
660 2205 831 2243 Vatican.

186 2260 268 2300 186.
297 2264 341 2296 Et
364 2259 452 2295 data
465 2257 532 2306 sub
551 2256 652 2294 niveo
673 2256 811 2294 condita
831 2256 938 2294 mella
958 2257 1071 2307 cada]
1102 2259 1178 2297 Le-

129 2323 175 2362 ge
195 2324 281 2350 cum
303 2309 484 2347 Voffiano
501 2336 511 2353 ,
538 2307 794 2346 Arundeliano
816 2309 854 2346 δε
874 2308 950 2346 aliis
968 2309 1178 2355 nonnullis,

125 2362 194 2412 sub
223 2362 323 2399 niveo
354 2360 509 2398 candida
527 2358 633 2396 mella
646 2359 750 2406 favo.
775 2358 837 2396 lib.
860 2370 950 2397 v111.
979 2360 1074 2398 Met.
1093 2361 1179 2409 679.

134 2413 319 2450 candidus
337 2411 377 2449 in
403 2410 513 2449 medio
528 2410 642 2455 favus
661 2409 715 2457 est.
744 2411 847 2453 mnia
867 2411 985 2448 λευκῖι
1008 2411 1178 2451 Hefiodo

135 2464 244 2501 etiam
266 2464 305 2501 in
325 2462 564 2511 Theogonia.
590 2461 689 2500 Nam
712 2460 858 2499 rubrum
880 2462 1005 2499 cadum
1025 2463 1180 2501 Martia-

134 2511 177 2550 lis
196 2513 295 2549 melli
314 2512 474 2558 adsignat
488 2539 498 2555 ,
525 2512 588 2549 lib.
607 2524 634 2548 1.
655 2512 724 2558 Ep.
745 2524 796 2549 ιν.

187 2562 366 2609 Flavaque
385 2560 424 2595 de
447 2561 548 2594 rubro
562 2569 714 2605 promere
730 2561 835 2595 mella
857 2562 953 2596 cado.

136 2611 176 2650 8(
204 2611 337 2649 Noster
359 2608 478 2659 flavos
502 2609 609 2656 savos
638 2606 727 2644 dixit
747 2619 801 2645 xv.
829 2608 910 2654 746.
938 2620 1044 2644 aurea
1072 2610 1178 2647 mella

135 2675 189 2701 ιν.
210 2662 288 2711 546.
317 2659 466 2696 candida
489 2657 593 2695 mella
615 2658 727 2694 etiam
747 2657 840 2695 dixit
860 2658 919 2694 lib.
941 2669 1005 2695 111.
1026 2661 1110 2704 762.

186 2727 281 2774 Jure
303 2724 460 2776 repertori
480 2723 630 2762 candida
649 2722 753 2761 mella
772 2723 910 2760 damas.

134 2778 183 2817 fic
202 2778 347 2816 codices
364 2777 575 2819 veterrimi,
602 2773 876 2823 nonsplendida.
903 2772 1036 2812 Codex
1047 2781 1175 2812 tamen

133 2829 335 2878 Pomponii
358 2828 488 2873 Laeti,
523 2825 659 2878 liquida
679 2824 784 2863 mella
799 2853 808 2869 ‚
835 2823 1034 2874 quomodo
1056 2826 1093 2862 &
1114 2826 1176 2864 hic

135 2892 229 2919 unus
250 2880 450 2917 Vaticanus
479 2889 545 2927 pro
576 2876 714 2915 diversa
730 2876 904 2914 lectione.
929 2877 977 2914 ita
1000 2876 1174 2925 Virgilius

134 2943 213 2971 non
253 2930 375 2968 semel:
406 2929 465 2966 sed
500 2927 617 2977 prima
642 2928 784 2976 semper
815 2926 980 2976 correpta
1009 2926 1140 2976 syllaba
1161 2956 1173 2972 ‚

135 2980 333 3032 quomodo
367 2981 404 3017 &
425 2980 557 3017 Noster
582 2979 678 3017 alibi.
705 2978 876 3027 liquentia
897 2977 1002 3014 mella
1024 2979 1175 3017 Maroni

135 3043 290 3083 quoque
317 3029 432 3075 dicta,
471 3032 509 3068 &
529 3030 666 3067 Sereno
697 3029 939 3067 sammonico
964 3030 1002 3066 &
1024 3030 1176 3077 Calpur-

135 3084 226 3128 nio,
265 3084 301 3120 &
324 3080 472 3131 expreffis
499 3081 606 3118 mella
638 3080 775 3131 liquata
795 3081 897 3127 favis
920 3080 1053 3118 Nostro
1083 3081 1176 3119 infra

135 3134 197 3174 lib.
215 3146 268 3171 ιν.
305 3134 374 3171 Sed
402 3134 475 3170 iioc
504 3132 591 3170 loco
621 3132 772 3168 candida
799 3131 902 3168 mella
932 3132 1173 3170 admittimus.

138 3185 282 3223 Hms.
311 3184 476 3221 Candida
493 3183 706 3232 opobalsama
726 3182 817 3220 dixit
835 3184 943 3220 etiam
967 3183 1097 3221 Statius
1112 3195 1174 3220 111.

142 3234 226 3274 silv.
247 3248 291 3273 11.
317 3247 396 3282 14¹·
421 3235 481 3272 ubi
508 3235 617 3271 etiam
645 3233 781 3270 condita
812 3234 969 3272 malebat
989 3233 1175 3272 Heinsius.

127 3286 239 3332 'apud
259 3287 419 3335 Propert.
440 3286 500 3324 lib.
515 3298 565 3323 xv.
580 3285 719 3334 Elega.
735 3297 789 3330 74.
819 3286 956 3321 condita
970 3285 1034 3332 fila
1048 3285 1178 3332 agnos-

146 3346 228 3373 cere
257 3347 385 3376 omnes
410 3337 518 3376 libros
545 3345 649 3375 notat
671 3336 941 3382 monuimus,
970 3338 1034 3387 qui
1054 3346 1180 3375 tamen

2170 901 2281 959 Vix

1231 1033 1384 1072 candida
1413 1033 1583 1072 rescribit.
1608 1034 1668 1073 sed
1699 1034 1838 1072 condita
1860 1033 1927 1083 fila
1959 1036 2053 1076 dista
2075 1068 2085 1083 ‚
2125 1048 2163 1078 ut
2183 1042 2280 1090 apud

1230 1084 1318 1122 Stat.
1343 1098 1371 1123 r.
1401 1085 1491 1124 Silv.
1525 1098 1572 1124 11.
1601 1097 1660 1135 23.
1688 1086 1764 1124 dies
1791 1093 1985 1124 Parcarum
2016 1091 2171 1128 conditus
2202 1092 2281 1129 albo

1231 1135 1370 1173 vellere.
1396 1135 1457 1173 sed
1478 1136 1523 1174 de
1545 1138 1620 1175 hoc
1639 1137 1743 1175 latius
1764 1137 1809 1175 ad
1827 1137 1910 1175 val.
1934 1139 2103 1178 Flaccum
2119 1155 2283 1191 agemus.

1232 1185 1308 1224 vid.
1336 1188 1374 1224 δε
1405 1187 1497 1236 supr.
1525 1187 1579 1231 ybs.
1602 1200 1660 1235 70.
1688 1189 1748 1226 hic
1778 1188 1906 1226 dubito
1937 1198 2060 1228 utrum
2081 1195 2222 1231 reetius:
2252 1193 2279 1232 fi

1236 1237 1379 1275 Heinfii
1413 1238 1596 1277 correctio
1631 1240 1779 1289 placet,
1828 1241 2048 1288 capiendum
2074 1270 2084 1287 ,
2133 1244 2206 1281 mel
2243 1246 2281 1282 in

1229 1289 1324 1340 ‘favo
1351 1288 1415 1325 suo
1438 1288 1542 1327 fuisse
1574 1302 1641 1338 pro
1660 1292 1773 1329 strena
1795 1291 1935 1330 datum:
1960 1302 1998 1330 ut
2019 1294 2069 1330 ita
2089 1294 2126 1331 in
2151 1295 2283 1333 mentis

1235 1337 1399 1375 solebant
1421 1351 1560 1387 ponere
1582 1342 1708 1379 favum
1733 1354 1817 1379 cum
1837 1343 1959 1381 melle.
1978 1343 2051 1382 vid.
2072 1344 2117 1382 ad
2138 1345 2286 1384 Petron.

1237 1400 1350 1426 xxxv.
1379 1388 1404 1426 fi
1424 1391 1585 1437 condita,
1614 1393 1851 1441 intelligimus
1872 1394 1981 1432 mella
2001 1395 2045 1432 ab
2057 1395 2182 1444 apibus
2194 1408 2285 1434 con-

1237 1438 1311 1477 dita
1333 1468 1344 1485 ‚
1380 1441 1418 1478 id
1446 1441 1494 1480 est
1526 1443 1682 1492 reposita
1709 1445 1826 1489 favis,
1861 1445 1900 1482 &
1926 1445 2012 1483 inde
2043 1456 2214 1496 prompta
2246 1449 2284 1485 ὃ(

1235 1490 1339 1530 dono
1367 1492 1475 1538 data,
1509 1502 1550 1532 ut
1579 1495 1625 1532 ita
1648 1495 1707 1532 lib.
1730 1508 1784 1533 ιν.
1811 1508 1891 1544 151.
1920 1496 2081 1546 Expreffis
2112 1497 2217 1535 mella
2241 1498 2285 1535 li-

1233 1544 1468 1593 quatasavis.
1499 1546 1537 1583 ὃς
1558 1547 1640 1583 cado
1659 1558 1736 1596 quo
1758 1547 1792 1585 se
1813 1555 1957 1586 tueatur
1977 1549 2096 1586 habet.
2117 1549 2250 1587 Buxm.

1288 1609 1370 1647 188.
1399 1615 1445 1647 Et
1468 1612 1648 1661 peragat.]
1688 1619 1732 1650 Et
1750 1623 1869 1663 pergat
1893 1614 2284 1663 Mazarin.quomod0

1231 1667 1376 1699 veteres
1410 1662 1556 1700 locutos
1588 1663 1660 1701 effe
1687 1665 1903 1702 docebimus
1937 1665 2096 1714 pluribus
2130 1665 2175 1701 ad
2202 1665 2286 1702 Val.

1232 1710 1330 1749 Flac.
1353 1724 1406 1750 1v.
1428 1713 1513 1761 690.
1540 1713 1600 1751 sed
1614 1724 1771 1764 peragere
1791 1716 1926 1753 Nostro
1949 1715 2121 1753 ufitatius.
2143 1714 2287 1753 vid.xv.

1234 1761 1346 1801 Trist.
1366 1776 1401 1802 x.
1417 1777 1461 1803 11.
1485 1776 1538 1803 rv.
1560 1776 1607 1803 ex
1626 1766 1734 1805 Pont.
1754 1779 1788 1804 x.
1813 1778 1870 1815 54.
1897 1766 2031 1804 Euam.

1289 1829 1372 1868 188.
1397 1830 1523 1867 Dulcis
1552 1840 1592 1868 ut
1620 1844 1737 1869 annus
1755 1830 1861 1881 iter.]
1894 1832 1930 1869 O
1952 1831 2086 1870 anilem
2113 1840 2285 1871 veterum

1233 1881 1527 1929 superstitionem
1552 1885 1559 1918 !
1601 1883 1729 1922 melius
1759 1882 1804 1920 de
1832 1883 1908 1920 hoc
1930 1894 2036 1920 more
2054 1883 2158 1921 sensit
2175 1883 2290 1930 Julia-

1233 1944 1300 1970 nus
1322 1932 1528 1982 Imperator
1553 1933 1714 1983 Epistola
1733 1946 1835 1972 xxxv.
1855 1934 1900 1972 ad
1922 1934 2160 1983 Sarapionem
2177 1962 2186 1978 ‚
2225 1936 2286 1972 cui

1232 1983 1337 2022 dono
1356 1984 1469 2023 semel
1488 1984 1632 2023 miserat
1651 1986 1796 2024 Car-icas
1816 1998 1975 2024 numero
1989 1994 2163 2023 centum:
2193 1986 2286 2031 Has,

1233 2036 1376 2085 inquit,
1404 2037 1477 2079 ’τοῖς
1498 2036 1727 2088 Seia-vorge&
1748 2037 1869 2073 ἄλλον
1890 2037 1986 2079 τινὸς
2000 2064 2010 2080 ,
2037 2030 2195 2078 {leonia-av
2208 2039 2286 2082 χεὶ-

1235 2099 1282 2131 pm
1315 2087 1383 2123 τῶν
1405 2086 1612 2132 ἐδεσμάτων
1636 2088 1855 2134 morfia-922
1885 2101 1927 2124 τε
1950 2089 2011 2124 xxi
2031 2087 2289 2133 §navpuywx-

1237 2137 1410 2184 τῖζεσθαι·
1441 2139 1601 2184 uzeda-sp
1624 2137 1708 2177 ἀντ’
1727 2139 1850 2182 ἄλλης
1873 2139 1966 2182 τινὸς
1978 2138 2284 2185 ἀλεξήσεωςὶερᾶς

1239 2189 1319 2231 ταῖς
1376 2190 1445 2227 τῶν
1499 2191 1697 2237 βρωμάτων
1740 2190 1899 2234 ἀδικίαις
1947 2189 2284 2236 περιπτυσσόμενον.

1237 2241 1418 2280 Nuper.

1289 2308 1371 2356 189.
1398 2308 1498 2359 stipis
1525 2308 1637 2359 adjice
1655 2307 1842 2358 caussam}
1871 2307 2179 2357 Antiquissimum
2202 2307 2288 2345 stre-

1233 2370 1364 2398 narum
1396 2361 1683 2398 commercium:
1713 2363 1750 2398 &
1782 2360 1845 2397 sub
1865 2360 2033 2408 Augusto
2054 2360 2190 2408 vigum
2221 2358 2284 2394 sub

1235 2410 1359 2460 aliquo
1389 2409 1608 2449 intermissus
1638 2413 1676 2448 ὅ(
1709 2410 1907 2460 aliquando
1931 2410 2120 2448 restitutus.
2150 2408 2287 2464 Sedde

1235 2473 1282 2500 eo
1324 2461 1456 2500 habeas
1490 2463 1582 2500 haec
1611 2463 1779 2500 Sucronii
1808 2462 1866 2499 lib.
1890 2474 1923 2498 v.
1954 2472 2034 2507 cap.
2063 2472 2121 2506 42.
2159 2457 2284 2494 Edtxtt

1235 2523 1279 2551 (φ’
1300 2512 1436 2557 strenas
1465 2515 1605 2549 ineunte
1621 2526 1715 2548 anno
1741 2514 1772 2552 se
1790 2520 2022 2559 recepturum3
2055 2509 2217 2558 stetitque
2245 2508 2285 2544 in

1234 2561 1398 2603 vestibulo
1433 2562 1574 2596 aedium
1605 2561 1772 2596 Kalendis
1800 2560 1991 2605 Jammriis
2017 2560 2066 2595 ad
2095 2558 2286 2601 captandas

1225 2608 1350 2656 stipes,
1388 2620 1475 2654 quas
1498 2610 1609 2657 plenis
1628 2621 1711 2646 ante
1728 2623 1805 2646 eum
1833 2609 1995 2646 manibus
2014 2621 2054 2644 ac
2067 2603 2151 2656 finit
2171 2609 2285 2655 omnis

1228 2658 1359 2705 generis
1377 2657 1482 2694 turba
1493 2659 1682 2705 fundebat.
1705 2661 1743 2696 ὃς
1764 2668 1887 2697 vetera
1907 2660 1997 2697 haec
2018 2659 2167 2698 rudera:

1325 2728 1431 2768 IMP.
1467 2729 1653 2768 CAESAR
1684 2730 1796 2767 DIVI
1826 2730 1865 2767 F.
1897 2730 2187 2769 AVGVSTVS

1480 2781 1753 2819 PONTIFEX
1785 2781 2035 2818 MAXIMVS

1258 2831 1362 2869 IMP.
1391 2831 1496 2869 XIII.
1525 2832 1635 2869 COS.
1663 2833 1728 2870 XI.
1759 2832 1894 2869 TRIB.
1923 2832 2146 2870 POTEST.
2166 2833 2253 2870 XV.

1258 2883 1327 2920 EX
1355 2882 1500 2920 STIPE
1529 2883 1692 2931 QVAM
1716 2882 1956 2920 POPVLVS
1987 2883 2253 2922 ROMANVS

1291 2932 1449 2971 ANNO
1478 2934 1638 2971 NOVO
1668 2934 1894 2972 ABSENTI
1921 2934 2221 2981 CONTVLIT,

1396 2985 1621 3022 NERONE
1648 2985 1896 3022 CLAVDIO
1926 2985 2106 3029 DRVSQ

1382 3035 1434 3074 T.
1463 3036 1705 3086 QVINTIO
1738 3036 1981 3074 CRISI'INO
2012 3036 2124 3074 COS.

1610 3087 1895 3125 VOLCANO.

1228 3139 1298 3179 alia
1316 3138 1542 3178 semifracsta:

1647 3190 1758 3229 COS.
1787 3190 1851 3228 XI.

1484 3241 1554 3280 EX
1582 3240 1728 3279 STIPE
1754 3242 1917 3291 QVAM
1946 3242 2028 3280 ΡΟ.

1501 3293 1767 3330 CALENDIS
1796 3293 2016 3331 [ANVAR.

1236 3347 1275 3378 C.
1300 3347 1484 3378 MARCIO
1507 3346 1766 3377 CENSORlNO
1788 3346 1825 3381 C,
1851 3346 1997 3376 ASiNio
2015 3342 2275 3422 GALLoicos

1462 3387 1494 3425 C
1521 3398 1542 3424 2.
2186 3394 2283 3432 ujus-
