2495 3675
172 154 289 217 ‘866

651 152 712 210 P.
791 146 1208 209 OVIDII
1281 143 1819 206 NASONIS

335 273 404 325 25
477 251 605 309 Non
630 252 746 308 sinit
770 251 856 307 illa
879 250 954 307 sui
978 265 1130 306 vanas
1158 241 1402 300 antistitis
1426 262 1683 317 umquam

569 325 691 383 Esie
717 342 920 399 preces.
959 321 1146 378 nostris
1170 318 1296 374 hinc
1325 331 1452 391 pete
1477 319 1633 374 rebus
1661 334 1840 393 opem.

490 400 802 475 Quamlibet
828 398 1021 467 exigua
1045 394 1081 448 fi
1107 410 1204 448 nos
1231 411 1293 447 ea
1312 393 1507 463 juverit
1533 395 1685 458 aura,

563 475 772 530 Obruta
811 470 879 525 de
911 467 1097 523 mediis
1121 467 1310 540 eymba
1337 469 1574 538 resurget
1603 468 1767 539 aquiS.

491 548 657 604 Tunc
682 563 784 616 ego
810 555 929 597 'tura
948 541 1120 595 feram
1149 540 1343 613 rapidis
1367 540 1636 594 sollemnia
1663 540 1921 605 flammis3

346 642 413 689 30

560 622 656 684 Et,
697 618 901 671 valeant
923 628 1185 699 quantum
1221 614 1466 676 numina,
1504 613 1645 668 testis
1670 632 1781 668 ero.

494 696 611 750 Nec
637 690 733 745 tibi
759 689 836 745 de
853 690 1011 745 Pario
1039 688 1291 750 statuam,
1330 687 1688 750 Germanice,
1727 689 1991 761 templum

566 765 861 819 Marmore.
901 763 1091 835 carpsit
1118 780 1248 833 opes
1273 762 1357 816 illa
1382 761 1533 816 ruina
1559 778 1718 817 meas,

485 837 717 910 Templa
744 837 937 892 domus
958 836 1113 891 vobis
1138 835 1332 890 faciant
1355 835 1626 906 urbesque
1655 835 1869 891 beatae:

566 911 707 966 Naso
752 910 852 965 suis
879 910 1097 982 opibus,
1134 910 1400 970 carmine,
1442 921 1619 979 gratus
1645 908 1760 961 erit.

344 1004 409 1055 35
483 985 654 1041 Parva
676 984 901 1057 quidem
926 983 1098 1037 fateor
1122 1000 1221 1054 pro
1247 981 1451 1053 magnis
1477 997 1700 1035 munera
1724 981 1915 1047 reddi,

559 1058 705 1113 Cum
733 1074 832 1130 pro
856 1056 1103 1112 concessa
1129 1056 1291 1112 verba
1317 1055 1478 1110 salute
1506 1053 1711 1107 damUS.

486 1131 593 1188 Sed
621 1131 743 1201 qui,
782 1148 941 1204 quam
979 1130 1183 1202 potuit,
1224 1129 1314 1183 dat
1338 1127 1595 1191 maxima,
1632 1138 1811 1199 gratus
1834 1127 2049 1184 abunde
2072 1128 2182 1194 est3

568 1203 641 1258 Et
665 1204 828 1259 finem
858 1204 1028 1276 pietas
1057 1203 1288 1274 contigit
1313 1202 1397 1256 illa
1421 1202 1588 1256 suum.

493 1278 612 1333 Nec
634 1317 648 1340 ,
686 1294 823 1349 quae
848 1277 918 1331 de
941 1279 1101 1350 parva
1125 1276 1226 1330 Dis
1253 1292 1450 1347 pauper
1477 1275 1604 1329 libat
1627 1274 1837 1338 acerra,

351 1371 418 1422 40

564 1349 717 1404 Tura
742 1351 942 1414 minu3,
982 1349 1169 1420 grandi
1195 1366 1356 1421 quam
1383 1348 1506 1402 data
1532 1349 1709 1408 lance,
1750 1349 1943 1402 valent.

497 1425 763 1496 Agnaque
789 1436 895 1478 tam
922 1423 1148 1486 lasten8‚
1184 1440 1345 1495 quam
1373 1421 1612 1494 gramine
1638 1420 1778 1494 pasta
1803 1419 2037 1485 Falisco,

573 1496 806 1553 ViE'tima
831 1496 1095 1567 Tarpejos
1118 1496 1290 1551 inficit
1314 1494 1414 1550 ieta
1441 1495 1610 1550 focos.

494 1571 627 1626 Nec¹
639 1582 848 1633 tamen,
888 1568 1077 1625 officio
1101 1584 1283 1625 vatum
1309 1586 1405 1642 per
1428 1570 1661 1624 carmina
1685 1568 1859 1632 faPtO,

569 1643 905 1715 Principibus
931 1661 1015 1698 res
1036 1644 1111 1698 est
1136 1643 1337 1714 gratior
1366 1643 1468 1698 ulla
1494 1643 1632 1697 viriS.

357 1735 426 1788 45
501 1715 756 1771 Carmina
780 1716 1067 1770 vestrarum
1096 1730 1358 1788 peragunt
1385 1716 1671 1788 praeconia
1696 1715 1943 1771 laudum:

565 1790 720 1843 Neve
749 1789 809 1842 fit
835 1789 1077 1843 afiorum
1102 1789 1238 1842 fama
1261 1789 1462 1843 caduca
1487 1801 1694 1843 cavent.

496 1861 752 1916 Carmine
776 1860 834 1914 fit
861 1862 1020 1915 vivax
1044 1862 1240 1922 virtus;
1281 1878 1582 1933 expersque
1606 1861 1862 1933 sepulcri,

571 1933 834 1988 Notitiam
859 1933 1002 1989 serae
1030 1931 1348 2005 posteritatis
1372 1933 1548 1991 habet.

259 2196 341 2234 sive
359 2194 446 2233 velis
467 2194 528 2247 qui
545 2195 618 2245 sint
638 2204 747 2230 mores
766 2190 967 2244 inquirere}

207 2257 331 2309 paullo
348 2255 502 2294 suavius.
532 2258 702 2295 Cxorm.
727 2255 863 2304 Nostros
874 2253 1027 2293 Combii
1040 2253 1256 2304 &optimus

209 2310 424 2355 Vaticanus.
453 2308 597 2346 Hiems.

261 2387 324 2427 23.
355 2376 406 2414 Di
425 2376 489 2414 tibi
502 2376 628 2427 sum]
674 2376 750 2414 sint
769 2375 946 2415 Francos.
966 2374 1118 2414 Putean.
1135 2375 1175 2413 δί
1194 2375 1255 2414 sex

210 2427 283 2467 alii.
313 2428 486 2467 Heinsius
507 2429 688 2472 malebat,
717 2427 764 2464 Hi
784 2427 957 2475 tibisunt.

263 2506 327 2544 24.
355 2502 431 2532 Hac
453 2505 538 2532 certe
557 2509 625 2533 non
647 2495 688 2542 est
709 2494 820 2532 notior
837 2506 901 2530 ara
923 2492 1025 2542 tibi.]
1083 2493 1228 2532 Plenius
1242 2522 1253 2538 ,

213 2548 315 2595 quod
336 2547 373 2584 in
396 2547 553 2596 antiquis
582 2574 592 2591 ,
631 2554 707 2583 Hac
737 2556 824 2582 certe
855 2544 958 2581 nulla
987 2545 1041 2585 eli.
1087 2545 1255 2583 Famam.

211 2598 317 2636 Idem
338 2597 428 2636 liber
449 2626 460 2641 ,
488 2598 554 2634 hac
583 2608 669 2634 certe
696 2597 797 2633 nulla
817 2595 872 2643 est.
906 2596 1077 2635 CiorA'N.
1127 2596 1255 2635 Mitior

213 2661 278 2686 ara
303 2659 372 2687 tres
389 2648 488 2693 libri;
519 2661 636 2693 unus,
664 2647 799 2685 certior.

265 2728 328 2766 25⁷.
356 2724 434 2755 Non
451 2717 576 2768 finit.]
616 2726 687 2756 Nec
708 2719 797 2769 sinet
826 2721 935 2767 prim.
960 2719 1103 2759 Medic.
1123 2733 1190 2758 non
1204 2719 1256 2770 fl·

214 2781 270 2808 net
292 2771 364 2808 Ms.
383 2769 520 2808 Bersm.
538 2769 704 2820 nonsinit
721 2784 787 2808 ara
818 2771 972 2811 Moreti.

266 2854 326 2889 27.
351 2842 544 2892 Juverit.]
576 2842 722 2880 paverit
740 2855 833 2881 unus
859 2842 982 2881 Vatic.
1002 2843 1102 2881 unde
1125 2843 1254 2882 Heins.

209 2894 356 2939 foverit.
376 2894 433 2932 sed
447 2896 621 2943 juvantes
638 2895 740 2932 venti
763 2895 800 2931 ὃ(
821 2905 928 2932 aurae
946 2894 1085 2943 passim.

268 2969 329 3003 29.
357 2957 567 3008 solemnia]
605 2958 806 2996 Redolentia
826 2959 866 2996 P.
890 2959 987 2996 Dan.
1007 2958 1046 2996 &
1067 2959 1254 2999 Medonii.

219 3005 398 3045 solamina
419 3009 525 3048 Leid.
541 3011 606 3061 qui
627 3012 666 3049 δί
679 3039 689 3055 ,
720 3016 749 3047 O
769 3024 822 3059 ego
844 3021 938 3048 tura.
1234 3018 1237 3021 ⁴

274 3084 336 3123 32.
362 3072 538 3121 Carpfir.]
570 3076 763 3115 Consumfi
783 3077 820 3114 in
840 3077 914 3114 hoc
934 3088 1023 3115 meo
1044 3077 1172 3116 exsilio
1183 3077 1259 3115 for-

218 3135 347 3169 tunas,
373 3132 436 3162 aut
459 3136 515 3161 eas
536 3127 597 3163 sibi
615 3129 804 3176 ademptas
823 3127 1015 3177 fignificat:
1045 3140 1131 3167 nam
1156 3129 1258 3167 exsu-

217 3179 268 3218 ies
288 3176 395 3215 bonis
421 3175 698 3216 mulctabantur.
726 3188 765 3216 ut
793 3178 905 3217 docet
936 3180 1057 3218 Cicer.
1078 3192 1111 3216 v.
1143 3180 1257 3218 Tusc.

222 3228 373 3279 Quaest.
391 3226 552 3275 superior
572 3227 745 3268 sententia
766 3231 880 3279 magis
901 3230 1040 3278 placet:
1068 3232 1153 3280 quia
1173 3231 1257 3269 alibi

218 3281 337 3320 Poeta
357 3278 468 3322 dicit,
488 3277 549 3316 fibi
569 3291 645 3316 non
669 3279 837 3328 adempta
852 3280 954 3319 fuisse
974 3282 1071 3319 bona
1086 3311 1096 3327 ‚
1124 3295 1259 3328 quem-

213 3330 422 3376 admodum
452 3328 616 3372 exulibus
646 3328 724 3370 fieri
757 3331 906 3373 solebat.
948 3333 1141 3385 Manum.
1194 3334 1262 3373 Tu

2195 2024 2365 2112 Tabi-

1282 2196 1284 2199 ’
1312 2193 1435 2245 carpfit
1454 2203 1625 2239 expone,
1654 2194 1861 2232 attenuavit
1881 2205 1924 2232 ac
1943 2193 2100 2232 minuitt
2128 2191 2165 2230 id
2179 2192 2278 2229 enim
2294 2203 2360 2230 ve-

1311 2247 1383 2284 rius
1405 2243 1579 2291 significat
1604 2255 1758 2291 carpere,
1786 2257 1898 2294 quam
1923 2244 2150 2283 consumere.
2183 2244 2360 2279 Micrrt..

1313 2303 1430 2334 Tanta
1450 2294 1555 2331 ruina
1576 2295 1750 2333 Medonii
1779 2296 1878 2332 liber.
1907 2295 2012 2332 bene.
2038 2294 2102 2340 ista
2133 2295 2204 2330 Ms.
2223 2292 2359 2332 ssersm.

1313 2359 1445 2398 carpere
1465 2345 1563 2384 reete
1587 2347 1742 2394 exponit
1762 2346 1908 2395 Micyu.
1928 2346 2013 2384 infr.
2036 2345 2140 2393 Eleg.
2154 2356 2207 2382 ix.
2223 2353 2307 2382 122.

1360 2415 1519 2463 Exiguus
1540 2421 1636 2461 carpo
1660 2426 1802 2450 munere
1819 2422 1945 2462 pauper
1962 2422 2031 2461 opes
2045 2439 2056 2456 ,

1308 2475 1394 2564 {ide
1415 2476 1461 2514 de
1488 2476 1563 2513 hoc
1583 2475 1697 2512 verbo
1727 2474 1904 2512 Lambin‚
1931 2473 1976 2512 ad
2000 2474 2132 2511 Horat.
2155 2487 2181 2511 1.
2202 2470 2278 2510 Od.
2301 2481 2359 2511 11.

1340 2540 1442 2566 URM.

1365 2599 1424 2637 33.
1453 2587 1550 2625 Vobis
1563 2586 1747 2637 faciant.]
1797 2586 1851 2625 Ita
1885 2586 2000 2625 edidit
2029 2585 2158 2624 Heius.
2181 2598 2225 2623 ex
2249 2584 2358 2623 Leid'

1311 2639 1453 2677 Moreti
1474 2641 1513 2677 &
1531 2639 1620 2676 msto
1642 2638 1730 2676 aliis.
1759 2650 1849 2675 mox
1865 2666 1875 2682 ‚
1902 2638 1987 2674 dum
2002 2648 2060 2685 pro
2084 2637 2226 2684 Iunian.
2251 2637 2356 2674 dein-

1313 2689 1381 2734 de,
1401 2690 1466 2739 sed
1485 2690 1546 2740 qui
1567 2689 1659 2740 quod
1675 2688 1788 2737 potuit
1810 2689 1913 2726 ldcm
1937 2692 1974 2726 ὅ(
1997 2690 2153 2737 Regius,
2181 2687 2356 2737 quisquae

1311 2741 1348 2780 P.
1371 2742 1468 2779 Dan.
1495 2754 1583 2789 quae
1606 2742 1719 2788 potuit
1737 2740 1887 2789 septem.
1917 2740 1981 2777 dat
2000 2753 2147 2778 munera
2168 2738 2355 2777 Bersman.

1306 2804 1430 2846 gratus
1445 2792 1594 2830 habetur
1618 2791 1726 2829 Leid.

1309 2912 1352 2949 M
1365 2871 1424 2950 35).
1452 2866 1523 2898 Nec
1543 2857 1671 2912 quaen]
1724 2865 1794 2896 Nec
1815 2858 1906 2910 quod
1926 2857 1965 2895 de
1990 2867 2108 2907 parva
2130 2857 2212 2895 thus
2225 2866 2352 2908 pauper

1358 2924 1376 2950 e
1405 2923 1468 2950 on.

1363 2990 1425 3029 40.
1454 2984 1548 3016 Tura
1575 2979 1692 3016 minus
1710 3008 1720 3021 ‚
1752 2980 1883 3028 grandi
1903 2992 2011 3028 quam
2034 2979 2122 3015 data
2144 2978 2262 3022 lance,
2284 2988 2352 3012 va-

1312 3030 1422 3120 lelnt.]
1463 3030 1584 3070 Vatic.
1602 3031 1748 3078 juvant.
1780 3032 1949 3069 CtoFAN.
2001 3031 2056 3069 Ita
2075 3029 2238 3079 quinque
2256 3027 2352 3066 iibri.

1307 3093 1330 3133 p
1347 3093 1447 3119 arent
1469 3094 1575 3121 unus.

1365 3156 1425 3192 41.
1452 3144 1659 3194 Gramina]
1690 3145 1866 3184 Gramina
1890 3145 1985 3195 pasta
2007 3140 2136 3188 Falisca
2158 3141 2329 3179 Vatican.

1364 3223 1422 3257 44.
1450 3211 1636 3262 Gratior.]
1668 3212 1720 3250 Ita
1742 3226 1787 3250 ex
1807 3209 1978 3249 Leidensi
1999 3209 2036 3245 δε
2057 3207 2255 3246 duodecim
2279 3207 2356 3246 aliis

1317 3274 1402 3302 cum
1426 3264 1532 3312 prim.
1551 3263 1619 3302 Ed.
1639 3261 1814 3311 rescripsit
1834 3259 2018 3297 Heinsius.
2047 3259 2159 3308 vulgo
2174 3287 2184 3304 ,
2207 3258 2331 3307 aptior.

1368 3344 1428 3381 45.
1455 3332 1642 3372 praeconia
1652 3329 1833 3380 laudum]
1864 3337 1989 3369 Rerum
2003 3330 2195 3370 Moreti&
2209 3329 2366 3392 Thuan.v

2291 3391 2338 3419 an
2350 3407 2362 3427 ,
