2495 3675
337 162 1282 262 FASTORU'M
1393 191 1767 254 LIB.IV.

2059 189 2168 264 282

308 317 477 373 Certe
501 332 604 387 ego
634 313 859 369 tranfilui
887 311 1079 386 positas
1109 319 1190 363 ter
1214 307 1270 363 in
1298 307 1488 364 ordine
1515 308 1789 376 flammas;

386 390 663 462 Virgaque
687 399 883 442 roratas
906 385 1081 438 laurea
1107 379 1243 436 mifit
1267 398 1441 453 aquas

310 462 474 518 Mota
496 462 614 516 Dea
639 459 745 522 est;
785 457 1045 530 operique
1068 455 1226 509 favet.
1264 456 1532 511 navalibus
1561 457 1681 522 exi,

166 554 268 606 730

379 536 601 607 Puppis:
639 531 835 587 habent
859 543 1051 585 ventos
1069 528 1176 600 jam
1202 541 1292 582 tua
1315 530 1427 582 vela
1458 530 1597 585 suos.

311 609 362 674 I,
399 622 524 679 pete
550 604 815 676 virginea,
851 601 1106 674 populu3‚
1142 597 1390 656 suffimen
1416 602 1479 656 ab
1502 604 1615 658 ara:

384 680 545 738 Vesta
571 676 732 731 dabit.
771 674 966 730 Vestae
991 690 1212 730 munere
1239 690 1401 745 purus
1426 675 1544 729 eriS.

313 752 533 822 Sanguis
559 750 685 821 equi
711 745 960 804 suffimen
985 748 1087 803 erit
1127 747 1389 819 vitulique
1411 746 1599 802 favilla.³

384 823 577 880 Tertia
601 840 716 887 τες,
751 822 917 878 durae
943 821 1157 878 culmen
1182 820 1338 876 inane
1363 819 1530 876 fabae,

1957 892 2139 949 Pastor
2148 897 2180 955 g..

25 1041 250 1081 Graecorum
278 1036 442 1088 plerique
470 1046 538 1085 pro
568 1046 611 1075 ea
638 1034 833 1082 ieeiione3.
852 1046 948 1085 quos
972 1035 1066 1073 inter
1114 1032 1154 1082 se
1173 1031 1412 1084 hocsacrificio
1431 1033 1623 1073 credebant.
1661 1033 1776 1072 cicero
1794 1033 1832 1071 in
1853 1031 2068 1081 Philippicis.-
2095 1033 2169 1067 Ραὲ

22 1091 219 1141 Dionysius
250 1087 541 1128 Halicarnasseus
567 1087 659 1125 libro
688 1100 715 1126 1.
750 1087 829 1125 Dio
856 1087 949 1126 libro
980 1098 1068 1124 xiv.

25 1144 233 1183 Athenaeus
251 1141 344 1179 libro
366 1152 457 1178 vni.
504 1139 547 1177 In
569 1139 758 1187 postremis
778 1139 889 1177 etiam
914 1138 1069 1177 Cicero-

25 1196 80 1235 nis
98 1193 320 1232 editionibus
340 1191 466 1240 paffim
487 1189 626 1227 Parilia
643 1189 757 1228 video
780 1190 964 1238 praeferri.
999 1189 1068 1226 So-

28 1246 80 1286 lus
101 1256 148 1282 ex
174 1245 322 1282 Graecis
348 1242 558 1279 Plutarchus
586 1242 624 1278 in
654 1242 728 1279 vita
760 1240 915 1278 Romuli
940 1239 1071 1277 Palilia

28 1295 197 1345 agnoscit.
217 1294 474 1332 Meminerunt
490 1293 568 1341 ejus
587 1292 664 1329 festi
678 1293 797 1329 Varro
810 1291 856 1329 de
877 1303 912 1329 L.
926 1303 960 1328 1..
981 1291 1070 1328 Pro-

33 1347 163 1396 pei-tius
186 1374 197 1391 ‚
234 1345 456 1383 Censorinus
481 1371 492 1389 ,
527 1342 694 1387 Solinus,
722 1343 875 1388 Livius,
902 1342 1073 1381 Patercu-

33 1397 98 1436 lius.
125 1397 270 1434 HEINS.

82 1459 163 1495 722.
191 1455 271 1485 Non
287 1444 436 1496 poscam]
466 1444 528 1482 An
542 1471 552 1488 ,
580 1456 648 1480 non
662 1444 777 1493 pascar
790 1452 806 1481 s

83 1510 167 1547 723.
198 1499 375 1544 Pastorum
393 1496 497 1546 sacra
518 1494 695 1546 canenti.]
735 1494 825 1532 Non
844 1493 991 1543 probius
1009 1504 1075 1532 ve-

33 1555 87 1588 tus
103 1577 114 1595 ,
137 1549 284 1599 pastoria
296 1549 412 1597 sacra.
441 1548 566 1584 NEAi’.

84 1612 168 1647 724.
196 1601 378 1650 Prosequor
400 1598 501 1646 officio
511 1595 547 1645 ss
562 1606 626 1634 tua
639 1596 741 1643 sabla
754 1596 864 1646 meo.]
894 1596 1051 1645 Scaliger
1064 1623 1075 1642 ,

30 1651 215 1700 Prosequor
228 1649 330 1698 officio
335 1649 367 1697 si
383 1659 447 1685 tua
462 1651 563 1696 sacra
582 1661 654 1685 meo
673 1675 684 1692 ,
711 1647 941 1686 emendabat.
968 1648 1075 1685 DAN.

31 1701 180 1740 Heius.
207 1702 380 1750 Quatuor
397 1698 560 1749 antiqui,
583 1699 662 1747 pio,
689 1710 766 1736 non
790 1712 872 1735 meo.
903 1698 1075 1736 C10FAN.

32 1757 109 1788 Tua
131 1752 216 1798 festa
239 1751 292 1801 pio
321 1750 503 1788 meliores.
547 1750 692 1787 Heius.

36 1802 156 1840 multi.

87 1865 171 1901 725.
200 1858 298 1891 Certe
318 1865 370 1901 ego
392 1851 431 1889 de
448 1849 561 1888 vitulo
580 1849 770 1901 cinerem]
810 1850 843 1887 Is
872 1858 947 1888 erat
970 1849 990 1888 ὲ
1013 1851 1076 1888 tri-

35 1903 135 1952 ginta
156 1904 290 1948 bubus,
317 1915 404 1954 quas
422 1903 586 1940 maxima
607 1902 759 1940 Vestalis
782 1910 961 1940 cremarat
983 1902 1076 1940 festis

35 1953 263 1993 Fordicidiis.
291 1953 446 2003 Ipsemet
466 1953 595 1992 docuit
611 1952 791 2002 superius:

6 2028 10 2032 ·
86 2023 167 2066 Igne
185 2026 314 2054 cremat
331 2017 462 2055 vitulos
479 2029 566 2067 quae
587 2027 676 2054 natu
686 2016 965 2065 maxima-virgo
984 2015 1029 2063 est
1042 2042 1055 2061 ,

69 2100 78 2104 ,
138 2074 228 2105 Luce
253 2067 349 2105 Palis
361 2068 496 2118 populos
509 2076 630 2116 purget
649 2078 688 2104 ut
708 2067 765 2104 ille
785 2067 882 2104 cinis,

39 2131 153 2171 Hunc
171 2141 263 2169 vero
286 2132 324 2169 &
343 2131 506 2179 stipulam
529 2129 685 2168 fabalem
700 2157 710 2173 ‚
732 2141 844 2179 quam
867 2130 991 2178 paullo
1004 2129 1082 2179 post

43 2189 148 2220 vocat
170 2182 306 2219 culmen
325 2182 432 2219 inane
452 2180 610 2229 (demtis
631 2182 731 2218 enim
752 2180 841 2218 fabis
862 2181 938 2218 sola
957 2182 994 2218 &
1015 2182 1084 2219 ari-

43 2231 87 2271 da
104 2232 271 2281 incensa)
298 2232 436 2270 Februa
456 2231 611 2281 appellat
632 2245 645 2274 ;
673 2231 758 2280 quia
781 2231 828 2270 fic
850 2231 1015 2277 dietum,
1043 2240 1084 2270 ut

43 2282 156 2328 nosti,
182 2283 339 2332 quodvis
357 2290 652 2332 purgamentum.
685 2282 812 2320 NEA?-

95 2334 178 2379 726.
205 2334 338 2371 Februa
358 2333 480 2382 tofta]
511 2333 570 2371 Sic
590 2334 696 2370 initio
715 2333 776 2370 lib.
795 2346 841 2371 ii.
870 2333 932 2371 ubi
951 2334 1024 2380 agit
1038 2332 1084 2370 de

42 2383 198 2428 februis,
224 2385 355 2427 habes,
386 2384 664 2430 Torridafarra.
695 2384 755 2420 hic
776 2392 903 2422 tamen
920 2383 999 2421 libri
1023 2395 1085 2420 ve-

40 2442 133 2472 teres
155 2435 285 2478 multi,
312 2445 406 2483 quos
425 2435 520 2471 inter
540 2434 828 2481 prim.Ambros.
842 2434 949 2471 Laeti
963 2434 1085 2478 ,Man

45 2484 190 2521 Zulich,
213 2483 336 2528 februa
356 2483 456 2530 casta.
485 2483 534 2520 fic
562 2483 668 2527 alibi,
695 2483 800 2527 Casta
825 2484 965 2532 placent
985 2484 1081 2533 supe-

44 2533 93 2572 ris
109 2561 119 2578 ,
146 2534 184 2571 δί
205 2533 305 2581 supra
325 2533 398 2570 hoc
415 2533 508 2570 libro
523 2560 534 2577 ,

98 2602 221 2633 Parva
238 2593 342 2630 bonae
360 2594 499 2639 Cereri,
522 2592 592 2638 lint
616 2593 714 2630 modo
735 2592 826 2640 casta
839 2622 850 2638 ,
873 2594 1022 2642 placent.

47 2658 132 2696 hinc
151 2658 189 2696 δὲ
215 2655 307 2693 mola
327 2656 418 2702 casta
437 2657 474 2694 in
491 2657 592 2695 sacris
607 2684 617 2700 ‚
644 2656 689 2693 de
701 2668 772 2705 qua
791 2656 935 2694 Servius
952 2656 1089 2707 sss582.

52 2709 178 2756 Eclog.
201 2719 289 2744 viii.
303 2706 388 2744 vide
400 2719 494 2754 quae
514 2716 607 2745 noto
620 2707 726 2745 Pont.
743 2719 788 2744 11.
815 2706 1014 2756 Elegaffls.
1029 2718 1088 2756 33.

57 2758 174 2797 Urfini
195 2758 284 2796 liber
304 2757 341 2794 δε
364 2769 456 2795 unus
475 2758 601 2796 Patav.
620 2757 759 2804 fercula
786 2758 881 2805 tosta.
913 2757 1090 2806 superiori

53 2809 250 2852 versualii‚
269 2807 479 2857 stipulasque
490 2809 649 2854 fabales,
678 2808 762 2852 alii,
783 2808 1016 2858 stipulamque
1028 2809 1091 2855 fa·

54 2859 174 2897 halem.
213 2859 341 2902 Forte,
362 2859 556 2909 stipulaque
574 2859 704 2905 fabali.
732 2870 819 2896 nam
840 2860 965 2896 Patav·
982 2858 1091 2906 stipu-

58 2909 192 2960 lamque
201 2909 345 2956 fabalis.
373 2910 537 2957 sequenti
556 2909 658 2946 versu
676 2909 807 2946 refflius
819 2919 958 2948 veteres
971 2937 980 2952 ‚
992 2919 1094 2945 tran-

745 1751 928 1799 Persequor
958 1750 1074 1789 etiam

51 2957 132 3008 filui
156 2971 264 3010 quani
285 2959 445 3009 tranfitar.
465 2961 512 2997 ita
540 2961 640 2997 enim
665 2961 829 3007 optimos
852 2959 1018 2998 crudiores
1038 2960 1096 2997 lo-

4 3033 6 3038 f
61 3018 162 3048 cutos
182 3019 311 3048 notant
332 3011 586 3049 Graminatici.
614 3011 759 3047 Heius.

112 3071 194 3106 727.
221 3067 321 3098 Certe
337 3075 390 3110 ego
412 3060 574 3109 transilui
589 3059 713 3110 positas
729 3071 779 3097 ter
799 3060 973 3098 in'orlline
983 3060 1094 3110 flam·

63 3111 173 3160 man]
202 3111 380 3149 Flammas
403 3113 449 3149 de
467 3113 590 3158 stipula
613 3121 673 3149 aut
693 3113 814 3150 faeno.
843 3111 1095 3158 Hincfamofa

64 3161 191 3198 Palilia
207 3164 307 3205 faeno
327 3162 445 3200 Persio
467 3162 574 3200 diet-a
600 3163 659 3200 ubi
680 3162 891 3200 Sclioliastcs
906 3166 1097 3212 antiquus:

4 3224 6 3230 ⁸
66 3211 196 3247 Palilia
213 3212 296 3248 dicit
316 3214 405 3249 diem
420 3214 562 3261 sacrum
582 3213 621 3249 in
643 3213 802 3249 honorem
825 3213 917 3250 Palis
939 3214 1021 3250 deae
1038 3223 1101 3262 pa-

585 3277 649 3311 qno
674 3264 728 3300 die
750 3262 859 3312 positis
881 3265 1004 3311 infoco
1025 3277 1103 3300 ma-

67 3310 302 3365 nipulissaeni
329 3313 512 3355 ludibundi
533 3315 857 3365 rusticisaliebant:
886 3318 946 3366 qui
973 3315 1105 3366 expiari

60 3260 213 3306 floritiae
241 3264 514 3310 cognominatum
538 3292 548 3306 ,

1122 1084 1222 1130 lilia,
1245 1098 1332 1137 quae
1351 1099 1444 1123 nunc
1467 1085 1602 1123 Parilia
1622 1087 1771 1124 mutatis
1791 1085 1900 1122 literis
1919 1083 2084 1128 dicimus,
2111 1082 2173 1119 vet

1123 1137 1215 1187 quod
1234 1150 1268 1174 eo
1300 1137 1354 1174 die
1380 1137 1518 1175 condita
1548 1144 1655 1175 Roma
1677 1137 1720 1183 ell
1741 1166 1752 1183 ,
1787 1134 1928 1185 accenfis
1960 1131 2184 1183 manipulis}-

1124 1189 1261 1236 accenfh
1272 1189 1380 1234 faeno
1399 1188 1531 1225 colitur.
1571 1194 1677 1226 Varro
1688 1187 1739 1238 fic
1762 1188 1840 1225 ait.-
1871 1184 2001 1224 Palilia
2017 1193 2093 1222 tam
2108 1192 2172 1232 pu·

1126 1237 1217 1274 blica
1236 1251 1344 1289 quam
1360 1240 1508 1289 privata
1527 1239 1622 1285 funt.
1658 1250 1702 1280 ω’
1720 1239 1763 1287 est
1781 1252 1886 1288 genus
1907 1234 2105 1274 hilaritatis
2126 1244 2168 1290 φ’

1128 1287 1223 1335 lusus
1252 1290 1345 1339 apud
1370 1290 1507 1337 rusticos
1525 1318 1535 1335 ,
1573 1301 1614 1328 ut
1644 1291 1798 1340 congestis
1817 1302 1894 1326 cum
1914 1290 2020 1334 faeno
2041 1283 2174 1333 stipults

1131 1338 1243 1388 ignem
1270 1354 1439 1390 magnum
1467 1340 1671 1388 tranfiliant
1685 1370 1694 1386 ,
1730 1341 1784 1378 his
1806 1338 1978 1378 Palilibus
1987 1338 2025 1386 se
2044 1334 2178 1392 expiari

1131 1391 1312 1430 credentes.
1341 1391 1510 1429 Tibullus
1529 1391 1621 1429 libro
1641 1405 1686 1430 11.
1715 1391 1816 1440 Eleg.
1836 1403 1870 1428 v,
1891 1390 1937 1429 de
1949 1387 2138 1427 Parilibus:

1183 1455 1246 1492 Ille
1263 1455 1351 1493 levis
1364 1456 1513 1505 stipulae
1526 1456 1678 1502 solennes
1695 1467 1792 1506 potus
1810 1470 1951 1494 acervos

1234 1507 1433 1552 Accendet,
1458 1506 1626 1556 flammas
1646 1508 1881 1558 tranfilietque
1892 1509 2025 1558 sacras.

1130 1570 1342 1619 Propertius
1361 1570 1454 1608 libro
1480 1582 1534 1608 iv.
1554 1570 1609 1608 El.
1632 1572 1770 1618 prima:

1184 1625 1390 1669 Annuaque
1407 1620 1540 1667 accenso
1560 1620 1726 1658 celebrare
1748 1621 1877 1659 Palilia
1890 1623 2008 1671 faeno.

1132 1671 1237 1710 Idem
1262 1672 1387 1720 Elegia
1408 1681 1535 1721 quarta
1554 1672 1719 1721 ejusdem
1742 1672 1842 1711 libri:

1184 1730 1266 1768 Urbi
1278 1732 1384 1779 festus
1403 1743 1489 1770 erat.
1512 1733 1627 1770 dixere
1649 1733 1778 1770 Palilia
1793 1743 1919 1782 patres.

1235 1783 1301 1820 Hic
1314 1783 1447 1831 primus
1469 1784 1570 1833 coepit
1589 1784 1763 1821 moenibus
1784 1785 1841 1833 effe
1859 1787 1942 1823 dies.

1186 1838 1327 1871 Annua
1342 1834 1513 1883 pastorum
1536 1835 1722 1872 convivia:
1752 1835 1846 1879 lusus
1863 1837 1901 1873 in
1922 1836 2026 1881 urhe;

1233 1891 1327 1922 Cum
1341 1896 1479 1935 pagana
1498 1886 1643 1922 madent
1652 1886 1791 1934 fercula
1810 1887 1939 1926 deliciis
1952 1905 1963 1925 .-

1182 1941 1343 1985 Cumque
1356 1940 1455 1986 super
1475 1936 1594 1974 varios
1602 1937 1706 1984 faeni
1723 1937 1945 1984 flammantis
1963 1942 2108 1976 acervos

1240 1987 1384 2036 Trajicit
1400 1987 1605 2025 immundas
1623 1987 1717 2025 ebria
1736 1989 1840 2026 turba
1860 1990 1972 2039 dapes.

1136 2050 1196 2089 ubi
1227 2051 1330 2089 versu
1357 2052 1467 2089 tertio
1493 2050 1720 2090 scribendum
1745 2061 1774 2096 ,·
1800 2053 1892 2090 Hinc
1916 2054 2051 2104 primus
2080 2056 2181 2104 caepis

1136 2101 1312 2139 moenibus
1327 2102 1379 2152 zffe
1398 2103 1478 2138 dies.
1491 2102 1594 2140 versu
1614 2103 1714 2140 sexto
1728 2131 1738 2148 ‚
1750 2105 1895 2151 Trajicit
1911 2105 2108 2142 immundos
2123 2116 2182 2154 pe·-

1138 2153 1194 2189 des
1212 2181 1223 2197 ‚
1252 2154 1305 2191 uti
1327 2165 1418 2191 mox
1441 2152 1657 2191 videbimus.
1682 2154 1788 2192 Plura
1808 2154 1854 2192 de
1873 2154 1946 2193 hoc
1966 2157 2036 2194 ritu
2060 2156 2182 2194 erudi-

1137 2212 1174 2240 te
1195 2212 1234 2241 ut
1253 2205 1381 2242 omnia
1409 2204 1558 2253 collegit
1580 2215 1732 2253 magnus
1755 2204 1989 2245 Casaubonus
2018 2207 2064 2245 ad
2090 2207 2177 2245 Per-

1138 2254 1244 2293 sium.
1275 2255 1420 2293 Heius.

1192 2306 1276 2352 728.
1303 2307 1445 2356 Udaque
1464 2305 1590 2343 rorales
1608 2305 1728 2344 laurea
1747 2305 1841 2356 misit
1860 2307 2009 2357 aquas]
2065 2309 2183 2356 Virga·

1139 2369 1203 2406 que
1229 2356 1373 2395 rectius.
1405 2357 1453 2395 sic
1475 2359 1577 2407 pinea
1595 2357 1696 2406 virga
1712 2357 1771 2395 lib.
1795 2370 1840 2396 11.
1871 2358 1931 2396 28.
1969 2370 2034 2407 pro
2056 2359 2194 2395 rorate:

1138 2420 1249 2456 aquas
1276 2408 1448 2447 meliores
1477 2408 1640 2456 plerique
1660 2434 1671 2452 ‚
1715 2417 1863 2445 roratas.
1903 2416 1945 2448 ut
1972 2408 2082 2457 Epist.
2103 2419 2198 2454 xxx„-

1142 2469 1224 2503 ¹24·

1195 2507 1380 2556 Mersaque
1401 2506 1527 2542 roratis
1545 2516 1632 2542 nata
1650 2506 1783 2555 fleatur
1802 2509 1916 2558 aquis.

1145 2557 1241 2594 Met.
1259 2568 1311 2593 tv.
1334 2569 1417 2603 ⁴79·

1200 2606 1338 2643 Roratis
1355 2605 1520 2651 lustravit
1539 2606 1640 2657 aquis
1657 2607 1914 2647 Thaumantias
1931 2610 2009 2649 Iris,

1143 2657 1232 2695 Fast.
1254 2670 1317 2694 ιιι.
1339 2669 1423 2705 357.

1197 2707 1317 2744 Mollis
1337 2718 1410 2744 erat
1427 2705 1527 2744 tellus
1546 2708 1665 2746 rorata
1678 2723 1780 2747 mane
1794 2711 1937 2759 pruind.

1146 2767 1216 2795 tres
1231 2758 1312 2802 alii,
1339 2768 1506 2795 rorantes.
1534 2760 1721 2808 vulgatum
1743 2762 1824 2799 alibi
1843 2774 1919 2800 non
1943 2762 2205 2811 legi.,H21Ns;-

1148 2809 1224 2864 vid.
1243 2808 1304 2846 lib.
1321 2821 1361 2865 y.
1379 2811 1462 2857 679.
1491 2811 1528 2847 &
1540 2810 1639 2858 supra
1653 2811 1827 2849 hoclibro
1843 2824 1922 2860 141.
1934 2815 2066 2863 spargit
2077 2828 2205 2865 aquas·

1148 2867 1235 2897 citat
1254 2859 1426 2897 Heinsius
1442 2860 1487 2896 ad
1509 2873 1558 2897 111
1579 2863 1662 2900 Art.
1686 2863 1771 2907 726.

1203 2921 1291 2958 730.
1319 2910 1412 2955 Jam
1434 2923 1510 2946 mea
1530 2910 1645 2959 vela]
1676 2917 1751 2949 Tua
1768 2912 1848 2949 vela
1870 2915 1968 2953 Μαι.
1989 2917 2027 2955 &
2043 2914 2195 2956 Zullchss

1151 2961 1188 2998 ὃ(
1209 2972 1276 3009 pro
1305 2960 1438 2997 diversa
1458 2960 1618 2999 lee'tione
1641 2961 1743 3001 Voss.
1766 2962 1893 3013 Lege,

1381 3011 1569 3048 navalibus
1590 3013 1647 3048 exi

1201 3062 1343 3110 Puppim
1371 3061 1501 3098 habent
1518 3073 1638 3099 ventos
1651 3064 1729 3112 jam
1746 3074 1811 3101 tua
1833 3067 1912 3103 vela
1925 3068 2013 3116 suos,
2029 3094 2031 3096 -

1155 3113 1299 3150 fimus,
1328 3112 1437 3149 Habet
1458 3114 1596 3162 v.j.m.
1619 3115 1739 3163 cymba
1750 3120 1828 3164 suos
1850 3118 2109 3157 Petav.habem
2120 3118 2191 3167 vj„

1157 3177 1231 3200 mea
1254 3163 1333 3200 vela
1354 3163 1452 3200 bonos
1471 3163 1617 3210 Junian.

1208 3225 1292 3262 731·
1319 3215 1501 3262 Populus.]
1530 3215 1654 3262 Populo
1672 3216 1762 3254 Exc.
1786 3218 1909 3255 Douz.
1932 3220 1969 3255 ἃ
1989 3219 2092 3255 multi
2111 3217 2192 3259 scri-j

1157 3266 1221 3315 pti.
1251 3265 1383 3314 Populis
1406 3265 1575 3302 Ambros.
1595 3267 1717 3315 Popule
1737 3268 1842 3305 Bern.
1862 3270 1919 3305 aiii
1942 3269 2117 3315 Populum.

1211 3327 1293 3365 732.
1323 3315 1432 3370 Vestae
1463 3329 1602 3371 mrtngre
1622 3327 1731 3368 purus
1757 3317 1859 3368 em]
1914 3318 2071 3356 Mundus
2089 3318 2201 3353 unus.'

2088 3372 2215 3417 purus·
