2495 3675
214 244 344 291 134-

691 207 1252 276 P.OV1-D11
1325 188 1854 263 NASo'Nis

505 332 802 396 Termine,
837 330 942 385 five
966 328 1126 400 lapis,
1161 324 1266 380 five
1292 338 1347 377 es
1374 316 1605 375 defoffus
1627 319 1684 374 in
1711 337 1841 392 agro

579 407 753 478 Stipes
791 394 853 458 ab
879 401 1136 471 antiquiS,
1173 398 1242 452 fic
1265 411 1484 468 quoque
1509 411 1710 449 numen
1733 393 1908 448 habes,

519 481 611 535 Te
638 481 749 533 duo
776 476 980 531 diversa
1007 471 1214 526 domini
1243 486 1341 540 pro
1366 482 1515 538 parte
1539 481 1801 521 coronant
1823 490 1837 528 ;

590 553 831 623 Binaque
857 550 992 603 serta
1019 544 1143 608 tibi,
1181 542 1411 624 binaque
1435 540 1539 595 liba
1569 539 1766 595 ferunt.

229 775 316 813 aut,
344 776 395 804 ter
414 764 502 802 bona
523 761 629 799 verba
654 788 664 805 ‚
702 766 742 797 ut
770 757 944 796 Tibullus
961 755 1024 794 lib.
1044 767 1091 793 11.
1110 752 1214 803 Eleg.
1234 764 1280 791 11.

2201 617 2217 623 “
2272 612 2382 666 Ara
2431 655 2435 659 .

1334 750 1574 790 Kalendatiis.
1610 751 1697 789 Neu
1729 749 1849 789 credas
1872 748 2108 788 duumbardis
2128 747 2218 793 illis,
2245 747 2310 799 qui
2330 759 2388 787 re-

227 819 400 856 Dicamus
421 816 508 853 bona
528 813 633 850 verba
647 840 658 857 ,
685 810 885 848 Ternarius
908 818 1082 846 numerus
1098 806 1187 842 boni
1207 813 1282 842 erat
1331 802 1467 851 jiciunt
1485 803 1522 839 in
1545 814 1604 839 xx.
1625 801 1810 840 Februarii
1830 801 1941 838 diem.
1971 801 2148 839 Numi.

229 868 391 917 augurii.
419 867 529 903 etiarn
551 864 760 901 observatus
779 860 874 910 apud
897 860 1070 897 Graecos.
1120 855 1281 903 Aposto-

227 920 297 957 lius
315 921 351 956 in
373 914 594 956 paroemiis:
616 911 740 957 ⁰29&
765 911 850 964 εἶχον
876 913 904 950 οἱ
933 911 1076 949 παλαιοὶ
1094 910 1147 958 p&
1167 909 1204 945 τὸ
1223 905 1296 966 δεῖ-ῃ

233 989 302 1012 πνον
322 974 412 1011 πίνω
433 971 565 1017 οἶγωθὲ
584 968 774 1021 ἔσιίμονΘυ,
805 969 1021 1020 ἑπιρῥοχέντες
1032 963 1198 1015 ἔκρροτον,
1225 962 1283 1010 »(9νῆ

232 1025 356 1077 &rog—,³
384 1024 513 1074 «νότον.
551 1025 685 1073 Neque
713 1024 816 1061 aliter
840 1024 879 1060 in
905 1019 1110 1059 Sacrificiis.
1139 1018 1286 1057 Gratius

232 1081 497 1119 Volcanalium
516 1079 772 1128 descriptione.
789 1077 845 1122 y'ls.
864 1077 952 1126 438.
1101 1080 1104 1085 “

464 1131 521 1168 des
540 1129 638 1180 lapsis
657 1130 786 1166 ultima
806 1128 904 1166 rebus

283 1181 462 1227 Auxilia,
491 1192 534 1221 ey
550 1180 667 1218 meriti
686 1179 715 1224 fi
733 1179 834 1216 nulla
853 1178 896 1227 est
921 1177 1029 1216 noxia
1053 1175 1148 1214 tanti
1162 1203 1172 1219 ,

287 1239 350 1271 Tot
371 1233 533 1282 miserare
551 1232 692 1269 animas
705 1259 714 1275 ‚
744 1231 909 1278 liceatque
926 1229 1093 1276 attingere
1105 1229 1241 1274 fontes,

291 1287 416 1321 sancte
431 1313 441 1329 ,
472 1295 567 1328 tuos;
597 1294 649 1321 ter
671 1282 815 1332 quisque
835 1291 998 1320 vocantes
1011 1277 1155 1329 pinguia
1174 1275 1288 1314 libant

290 1335 412 1372 Thura
425 1337 513 1382 foco.

240 1385 296 1425 Ita
314 1386 434 1424 versus
454 1386 506 1424 issi
525 1384 712 1424 scribendi.
742 1383 876 1421 Noster
897 1380 990 1420 Fast.
1009 1393 1066 1420 iv.
1085 1377 1240 1427 sss.778.,

421 1436 503 1473 haec
521 1446 562 1473 tu
584 1433 763 1485 conversus
782 1434 830 1470 ad
847 1444 962 1470 ortum

293 1485 362 1524 Dic
381 1496 433 1524 ter
447 1515 458 1532 ‚
485 1499 528 1527 ω’
549 1488 588 1525 in
606 1487 693 1524 vivo
710 1484 826 1535 perlue
846 1497 919 1522 rore
945 1494 1085 1521 manus.

243 1537 458 1586 Quomodo
482 1540 577 1576 bene
607 1538 742 1587 optimi
775 1535 933 1574 codices.
963 1532 1131 1572 Valerius
1149 1530 1298 1570 Flaccus

244 1591 337 1628 libro
361 1601 388 1627 1.
420 1600 503 1638 193.

298 1641 367 1689 lpse
386 1649 439 1676 ter
456 1652 616 1690 aequoreo
645 1637 758 1676 libans
779 1635 946 1686 carchesia
956 1634 1057 1687 patri
1069 1661 1082 1680 ,

297 1691 350 1727 sia
373 1690 428 1727 ait
447 1690 638 1739 AEsonides.

241 1739 314 1791 fint
334 1752 416 1778 rata
436 1741 543 1777 verba
559 1769 569 1782 ‚
596 1751 636 1778 ut
658 1739 759 1788 supra
779 1740 854 1777 hoc
875 1738 989 1777 libro:

306 1796 357 1828 Tu
370 1793 446 1838 fore
466 1791 604 1839 dixisti.-
625 1790 699 1840 sint
721 1801 804 1828 rata
822 1790 916 1827 diua
938 1787 1060 1836 Jovis.

254 1841 385 1880 Senec.
403 1842 578 1892 Oedipo:

429 1904 510 1929 rata
531 1892 638 1929 verba
650 1892 746 1938 fudi.

251 1943 298 1982 de
318 1943 406 1981 ratis
427 1944 518 1980 vetis
538 1956 580 1981 ac
599 1942 711 1980 verbis
748 1942 832 1981 vide
865 1942 984 1980 Notas
1014 1940 1060 1979 ad
1092 1940 1204 1990 Epist.
1223 1952 1302 1979 xvr.

253 1994 310 2036 Jl's.
329 2007 390 2032 xv,
419 1994 552 2032 Noster
572 1994 631 2032 lib.
650 1993 851 2041 superiori,
879 1993 966 2040 696.

307 2044 511 2096 Efficiatque
528 2057 625 2082 ratas
645 2055 794 2095 utraque
813 2044 902 2081 diva
920 2053 1042 2094 preces.

255 2095 317 2135 lib.
340 2107 405 2133 111.
436 2108 493 2144 57.

258 2152 382 2234 MVox
402 2157 483 2183 rata
499 2145 566 2194 fit,
589 2145 768 2197 patrioque
788 2155 891 2183 vocat
911 2144 951 2182 de
962 2144 1101 2183 nomine
1122 2145 1283 2193 mensem.

289 2206 355 2234 -et.
379 2210 442 2235 111.
466 2209 548 2245 341·

314 2248 438 2285 Prima
449 2248 521 2294 fide
549 2248 706 2298 vocisque
731 2257 831 2285 ratae
851 2247 1050 2285 tentamina
1062 2245 1190 2296 fitmfit

313 2299 466 2335 Caerula
486 2298 624 2347 Liriope.

262 2361 357 2399 quae
379 2360 465 2386 vera
483 2349 664 2397 scriptura.
691 2349 739 2386 ita
762 2358 881 2386 ratum
902 2358 980 2398 opus
998 2349 1034 2387 in
1049 2347 1151 2386 Ibide
1171 2347 1284 2386 dixit:

317 2402 485 2449 {Qaeque
508 2411 628 2436 ratum
650 2399 776 2448 triplici
791 2399 910 2448 pollice
929 2399 1016 2435 netis
1035 2410 1127 2449 opus.

265 2452 412 2489 Hhms.
441 2451 612 2487 Nimium
641 2461 821 2498 quantum
851 2450 957 2498 saepe
978 2449 1122 2487 Illustris
1140 2447 1314 2487 Heinfius

265 2503 344 2540 suas
364 2501 509 2538 amabat
529 2501 706 2539 formulas
725 2500 895 2545 dicendi,
922 2512 1011 2548 quas
1033 2500 1170 2548 ubique
1189 2500 1315 2537 obtru-

269 2554 399 2596 debat,
427 2551 536 2588 etiam
557 2551 632 2588 fine
651 2551 864 2599 scriptorum
885 2551 1125 2588 auctoritate:
1154 2553 1192 2588 δε
1213 2562 1316 2598 prae-

272 2603 390 2638 sertim
420 2613 554 2638 vocem
583 2602 682 2639 illam
712 2612 812 2638 ratus
843 2601 979 2650 ubique
1010 2602 1086 2639 fere
1107 2601 1316 2639 substituere

276 2653 467 2689 contendit
491 2653 578 2690 aliis.
603 2652 676 2690 vid.
695 2652 741 2689 ad
760 2653 830 2700 Ep.
852 2664 930 2688 κνι.
945 2663 1029 2699 279.
1054 2652 1116 2689 hic
1127 2660 1224 2690 certe
1237 2651 1316 2688 vul-

274 2714 354 2747 ,qaia
390 2702 523 2739 &nsum
556 2703 676 2740 multo
695 2703 783 2740 facit
813 2702 1070 2739 rotundiorem
1102 2702 1140 2738 &
1171 2701 1316 2748 elegan—

274 2763 420 2789 tiorem.
449 2753 557 2789 dicite
587 2753 681 2790 bene
709 2764 777 2789 nos
795 2780 807 2796 ,
846 2752 939 2789 bene
960 2760 1019 2793 te,
1048 2749 1180 2787 diffuso
1209 2762 1316 2786 mero

276 2815 339 2849 joci·
361 2803 451 2839 sacra
473 2805 603 2846 verba,
632 2805 669 2841 id
690 2804 738 2840 est
759 2802 847 2840 dum
867 2803 926 2840 illa
944 2801 1054 2838 verba
1069 2800 1164 2838 sacra
1187 2802 1224 2837 &
1249 2799 1318 2837 sol-

278 2854 415 2890 lemnia
429 2881 438 2896 ,
468 2852 547 2889 bene
566 2867 623 2889 nas
644 2856 715 2891 &c.
736 2853 922 2891 dicuntur.
948 2853 996 2890 ita
1015 2864 1070 2891 1v.
1099 2852 1184 2889 660.

333 2904 492 2939 Aderam
506 2915 564 2951 per
584 2903 645 2948 sua
667 2903 775 2940 verba
796 2910 876 2941 Deo.

282 2953 343 2990 ubi
367 2955 487 3001 paullo
508 2955 656 3002 quidem
679 2955 779 2992 aliter
807 2956 956 3001 capitur.
982 2953 1043 2992 sed
1071 2952 1119 2991 sic
1139 2962 1196 3002 per
1211 2952 1325 3000 ascida

283 3005 344 3041 lib.
369 3015 434 3040 iix.
456 3016 537 3050 509.
562 3016 619 3051 per
635 3006 751 3052 jurgia
774 3018 808 3042 v.
830 3006 937 3043 Trul,
963 3017 1014 3042 xi.
1038 3017 1063 3042 1.
1092 3005 1130 3042 ὃς
1161 3005 1250 3049 alia,
1278 3004 1324 3043 de

287 3054 416 3098 ciuibus
436 3054 480 3090 ad
504 3054 584 3091 Val.
605 3055 774 3091 Flaccum
792 3056 853 3092 lib.
878 3068 906 3093 1.
931 3057 1014 3100 767.
1041 3056 1145 3093 latius
1164 3067 1328 3103 agemus.

286 3106 312 3142 'si
332 3104 420 3153 quid
439 3104 657 3141 mutandum
674 3132 683 3147 ,
697 3105 843 3142 mallem
859 3132 869 3148 ,
893 3116 951 3154 per
966 3106 1054 3153 sua,
1083 3106 1157 3148 vel,
1170 3106 1328 3154 perbona

289 3156 410 3192 verba.
434 3164 472 3192 ut
491 3154 554 3201 sua
567 3155 675 3191 verba
696 3154 784 3199 sint,
798 3167 892 3204 quae
913 3156 963 3193 isti
984 3156 1217 3193 sollemnitati
1239 3168 1329 3193 con-

289 3217 421 3254 gruunt
434 3233 443 3248 ‚
458 3214 497 3242 ut
512 3206 613 3250 supra
631 3205 684 3247 ΕΗΖ
702 3218 780 3254 542.
809 3207 914 3243 Adde
925 3215 1056 3256 preces,
1074 3206 1187 3254 pofitis
1206 3207 1330 3256 &sua

290 3257 397 3292 verba
411 3256 511 3302 focis.
542 3255 669 3293 Bunm.

342 3309 427 3355 639.
455 3313 534 3343 Nox
554 3306 613 3343 ubi
632 3306 850 3356 transierim]
888 3319 960 3345 vu.
983 3307 1160 3346 Calendas
1181 3309 1333 3347 Martias

287 3368 389 3397 erant
409 3358 495 3397 festa
520 3357 749 3398 Terminalia
771 3386 782 3404 ‚
821 3358 897 3397 dies
927 3359 975 3398 N.
996 3359 1035 3397 Ρ.
1057 3367 1098 3399 ut
1126 3369 1274 3399 notatur
1294 3361 1332 3398 in

1392 857 1465 900 640
1493 852 1623 890 Indicio
1659 852 1720 902 qui
1748 857 1843 889 Dens
1874 865 1967 889 arva
1991 851 2095 902 suo]
2152 851 2186 890 Is
2212 848 2234 888 ὲ
2261 847 2391 888 Numa

1339 903 1526 953 Pompilio
1554 903 1690 952 primo
1721 903 1838 941 cultus
1876 904 1914 940 &
1941 903 2135 941 institutus.
2203 902 2261 939 Ut
2287 901 2391 939 enim

1341 957 1510 997 contenti
1529 954 1661 992 reculis
1687 954 1841 1003 propriis
1860 965 1939 991 non
1959 954 2141 992 ambirent
2154 953 2286 992 alienas
2299 979 2312 997 ,
2338 952 2395 990 fe-

1341 1009 1413 1052 cit,
1441 1014 1481 1044 ut
1499 1005 1749 1055 unusquisque
1768 1005 1874 1043 suum
1894 1004 2052 1052 agellum
2071 1002 2396 1048 circumscriberet,

1343 1061 1381 1098 ὅτ
1400 1057 1531 1096 finibus
1549 1056 1685 1103 lapides
1707 1055 1884 1104 infigeret.
1933 1052 2053 1101 Ἱεροῦς
2068 1084 2078 1100 ,
2100 1056 2220 1107 inquit
2242 1054 2397 1103 Diony·

1340 1111 1409 1149 fius
1428 1108 1489 1147 lib.
1513 1119 1556 1146 11.
1585 1106 1758 1154 Ἀπέῖειξεν
1779 1104 1857 1154 idus
1876 1108 1950 1148 Διὸς
1969 1106 2027 1151 vtis
2045 1110 2168 1159 afflue,
2190 1108 2249 1157 agr}
2270 1102 2394 1149 Suo-iace

1340 1166 1453 1212 ἕτοιξεν
1473 1164 1582 1205 αὐτοῖς
1602 1167 1752 1203 ἐπιτελεῖν
1773 1159 1931 1204 ἅπαντας
1948 1163 2056 1215 ἡμέρᾳ
2077 1163 2193 1214 τακτῇ
2213 1162 2289 1201 καθ’
2311 1160 2394 1199 ’ἐκσι-

1341 1239 1394 1262 efer
1418 1219 1566 1258 ὤνιοιυτὸν
1585 1222 1634 1258 ἐπὶ
1654 1222 1705 1258 ‘tim
1723 1219 1819 1257 τόπον
1839 1215 2102 1271 σιωεςχομὶῦνς,
2130 1213 2247 1270 ἔορτᾶι)
2264 1215 2302 1255 ὠ
2320 1218 2398 1258 ταῖς

1343 1273 1428 1315 πάνυ
1458 1272 1581 1323 τιμίαν
1610 1275 1668 1322 ’OE'i
1695 1272 1762 1312 ’τίιᾶ
1787 1273 1818 1313 “t‘'
1849 1272 1946 1321 ὀφίων
1976 1277 2058 1313 θεῶν
2082 1269 2395 1320 καιτοισησοίμῖῷθ-

1344 1327 1490 1368 'sabaim
1514 1326 1885 1382 Ῥωμαῖοιτεςμινοὶλιοι
1895 1331 2052 1368 unago-iv.
2079 1329 2258 1366 NEAPOL.
2287 1326 2400 1364 Libet

1346 1383 1543 1422 adscribere
1565 1383 1673 1419 verba
1699 1383 1884 1421 Lacr-antii
1904 1383 2080 1422 Firmi-ani
2100 1395 2146 1421 ex
2163 1384 2257 1421 libro
2277 1383 2401 1432 primo

1347 1435 1393 1473 de
1414 1432 1511 1472 Falsa
1533 1432 1730 1482 Religione
1750 1444 1830 1482 cap.
1851 1445 1912 1471 20.
1930 1435 2018 1483 quia
2046 1433 2092 1471 ad
2119 1433 2402 1472 illustrationem

1351 1485 1428 1524 loci
1445 1483 1554 1532 hujus
1575 1495 1617 1520 ac
1643 1484 1858 1522 narrationis
1878 1495 1970 1522 mox
1988 1483 2238 1523 subsecuturae
2261 1485 2403 1523 faciunt

1356 1537 1395 1575 in
1407 1535 1550 1584 primis:
1567 1534 1667 1583 Qid
1679 1544 1693 1573 ,τ
1706 1535 1767 1586 qui
1789 1534 1939 1585 lapidem
1960 1533 2074 1572 colunt
2091 1535 2275 1581 informem
2295 1546 2406 1585 atque

1356 1588 1503 1631 rudem,
1531 1589 1583 1622 cui
1615 1598 1738 1624 nomen
1767 1586 1810 1634 est
1840 1585 2010 1623 Termino.
2048 1585 2115 1622 Hic
2134 1585 2200 1633 est,
2228 1599 2329 1636 quem
2342 1595 2404 1636 pro

1357 1638 1454 1685 Jove
1479 1641 1652 1673 Saturnus
1679 1636 1809 1674 dicitur
1835 1635 2017 1686 devoraffe.
2062 1648 2122 1673 nec
2150 1637 2324 1674 immerito
2352 1636 2409 1674 illi

1355 1690 1458 1726 honos
1491 1687 1672 1724 tribuitur.
1710 1693 1807 1725 Nam
1838 1701 1917 1725 cum
1948 1686 2162 1737 Tarquinius
2190 1685 2408 1737 Capitolium

1347 1741 1465 1788 facere
1482 1738 1586 1775 vellet
1601 1767 1608 1781 ,
1637 1751 1737 1788 eoque
1758 1739 1796 1775 in
1818 1737 1884 1775 loco
1904 1738 2099 1776 multorum
2115 1737 2257 1776 deorum
2278 1737 2411 1776 sacella

1356 1791 1478 1840 essent,
1506 1788 1676 1838 consuluit
1694 1802 1746 1826 eos
1770 1798 1828 1838 per
1851 1789 2023 1839 auguria,
2051 1799 2173 1826 utrum
2202 1788 2296 1835 Jovi
2315 1788 2410 1826 cede-

1357 1852 1446 1878 rent.
1479 1852 1522 1880 (φ’
1553 1839 1748 1877 cedentibus
1779 1841 1894 1877 ceieris
1919 1839 2012 1889 filus
2050 1840 2231 1877 Terminus
2268 1837 2412 1889 mansit.

1358 1893 1452 1929 Unde
1463 1890 1554 1927 illud
1567 1894 1667 1939 poeta
1686 1890 1836 1939 Capitoli
1847 1890 2023 1928 immobile
2039 1894 2166 1940 saxum
2178 1900 2292 1928 vocat.
2315 1891 2411 1936 Jam

1358 1957 1398 1980 ex
1420 1942 1480 1978 hoc
1498 1943 1561 1991 ipso
1581 1955 1689 1991 quam
1701 1955 1848 1990 magnus
1866 1942 2027 1992 Juppiter
2038 1943 2248 1980 invenitur?
2276 1942 2332 1978 cui
2341 1954 2412 1979 non

1359 1992 1445 2042 ceffit
1464 1993 1547 2042 lapis
1561 2021 1571 2038 ‚
1599 2006 1638 2029 ea
1666 1993 1804 2042 fhttaſje
1817 1990 1950 2040 fiducia
1963 2020 1973 2037 ‚
2001 1993 2094 2042 quod
2119 1993 2222 2030 illum
2243 1994 2284 2030 de
2294 2001 2413 2042 pater-

1361 2046 1415 2082 nis
1426 2044 1593 2091 faucibus
1619 2043 1798 2081 liberarat.
1842 2046 1945 2080 Fabio
1970 2044 2089 2093 itaque
2118 2043 2287 2093 Capitolio
2301 2044 2412 2094 supra

1361 2096 1476 2143 ipsum
1498 2094 1700 2131 Terminum
1718 2123 1727 2139 ‚
1739 2095 1902 2142 foramen
1923 2093 1965 2139 eli
1987 2095 2024 2131 in
2036 2097 2119 2131 reela
2139 2095 2321 2140 relietum,
2346 2104 2388 2131 ut
2403 2120 2416 2139 ‚

1363 2146 1449 2195 quia
1469 2158 1538 2183 non
1559 2147 1713 2195 cesserat,
1742 2145 1844 2182 libero
1866 2145 1950 2182 coelo
1971 2147 2150 2189 frueretur
2163 2173 2173 2190 ,
2201 2158 2267 2195 quo
2288 2158 2329 2182 ne
2349 2143 2414 2194 ipsi

1389 2197 1504 2234 uidem
1515 2196 1751 2245 fruebantur,
1777 2196 1839 2246 qui
1859 2196 2007 2245 lapidem
2018 2196 2099 2241 frui
2115 2204 2346 2245 putaverunt.
2366 2199 2414 2232 Et

1364 2211 1447 2284 Zuic
1477 2261 1551 2296 ergo
1575 2245 1708 2295 publice
1724 2246 1940 2296 supplicatur
1959 2274 1970 2291 ,
2006 2244 2106 2295 quafi
2132 2245 2257 2294 custodi
2279 2245 2415 2290 finium

1367 2303 1463 2342 Deo,
1493 2298 1554 2346 qui
1574 2310 1642 2333 non
1666 2307 1810 2334 tantum
1840 2296 1946 2344 lapis,
1969 2297 2028 2343 sed
2057 2296 2164 2333 etiam
2186 2296 2284 2346 stipes
2305 2297 2417 2334 inter-

1368 2349 1454 2385 dum
1474 2349 1529 2395 est.
1554 2348 1610 2385 Ex
1631 2359 1709 2397 quo
1728 2347 1815 2385 loco
1837 2347 2005 2385 discimus
2025 2347 2237 2397 Tarquinio
2258 2359 2416 2396 regnan-

1367 2407 1405 2437 te
1438 2410 1515 2436 rem
1553 2398 1688 2447 gestam
1717 2398 1762 2436 de
1792 2398 1979 2436 Termino
2009 2398 2097 2445 Jovi
2136 2410 2214 2435 non
2249 2400 2419 2436 cedente.

1368 2449 1517 2487 Deinde
1538 2450 1638 2487 hunc
1659 2448 1776 2498 ipsum
1800 2449 2032 2502 Terminum·
2048 2447 2150 2486 fuiffe
2163 2448 2289 2486 saxum
2312 2449 2417 2494 illud,

1368 2500 1471 2550 quod
1494 2501 1597 2537 Rhea
1620 2511 1797 2548 puerpera
1810 2500 1951 2537 dederit
1972 2499 2127 2537 Saturno
2148 2499 2419 2538 devorandum.

1371 2550 1534 2598 Copiose
1563 2562 1640 2588 rem
1670 2561 1826 2588 omnem
1857 2551 1987 2588 Livius
2007 2561 2159 2600 quoque
2180 2550 2272 2588 libro
2295 2551 2416 2598 primo

1372 2603 1411 2638 ὃς
1433 2602 1565 2650 quinto
1589 2601 1728 2649 primae
1747 2601 1906 2639 Decadis
1927 2602 1975 2638 est
1988 2601 2203 2648 persecutus.
2231 2600 2362 2637 Narrat
2381 2600 2420 2637 &

1373 2652 1518 2689 Servius
1540 2651 1722 2689 AEneidos
1743 2664 1872 2696 nono,
1901 2653 1939 2689 ὃς
1970 2652 2020 2688 Β.
2039 2651 2261 2698 Augustinus
2283 2649 2329 2688 de
2353 2649 2419 2687 Ci-

1374 2702 1487 2738 vitate
1505 2703 1577 2738 Dei
1596 2702 1656 2738 lib.
1676 2714 1731 2740 iv.
1760 2714 1838 2751 cap.
1860 2714 1919 2749 23.
1940 2702 2053 2748 &29-
2094 2702 2180 2737 Huc
2202 2700 2298 2737 refer
2316 2700 2421 2738 aeni-

1372 2761 1456 2798 gma
1491 2760 1594 2788 vetus
1618 2778 1628 2794 ,
1657 2752 1760 2801 quod
1791 2765 1836 2790 ex
1862 2753 2029 2789 Varrone
2048 2751 2188 2800 profert
2210 2751 2257 2788 A.
2279 2751 2421 2790 Gellius

1375 2801 1489 2839 Νοὲὶ.
1509 2804 1658 2839 Atticar.
1679 2803 1738 2840 lib.
1759 2815 1829 2840 xir.
1850 2815 1926 2851 cap.
1947 2804 1981 2838 6.

1427 2853 1535 2889 Semel
1549 2855 1707 2891 minusne
1718 2881 1729 2897 ‚
1750 2866 1799 2890 an
1819 2854 1869 2890 bis
1886 2852 2002 2889 minus
2016 2850 2079 2900 ,sit
2091 2865 2157 2888 non
2170 2852 2233 2900 sat
2243 2851 2316 2901 scio
2329 2879 2341 2897 ‚

1427 2908 1493 2940 An
1512 2913 1700 2953 utrumque
1717 2917 1832 2940 eorum
1848 2931 1857 2946 ,
1885 2913 1924 2939 ut
1936 2903 2111 2950 quondam
2132 2903 2261 2940 audivi
2281 2903 2386 2942 dicier

1429 2954 1522 2999 Jovi
1544 2953 1605 3003 ipsi
1620 2954 1686 3001 regi
1706 2954 1818 2990 noluit
1835 2954 2016 2991 concedere.

1379 3006 1551 3053 Quorum
1568 3006 1688 3052 primo
1701 3003 1804 3041 versu
1826 3004 1869 3041 τὸ
1884 3004 1932 3053 fit
1955 3005 2003 3042 est
2025 3004 2230 3042 tollendum
2244 3031 2255 3049 ,
2283 3013 2324 3043 ut
2338 3017 2424 3043 ver-

1381 3056 1432 3094 sui
1451 3055 1588 3092 senario
1607 3054 1714 3102 pedes
1734 3054 1784 3091 sui
1807 3058 1997 3099 contient,
2025 3055 2128 3093 versu
2145 3056 2253 3093 tertio
2270 3067 2423 3105 quoque

1383 3104 1593 3156 praestiterit
1607 3133 1616 3148 ,
1643 3105 1738 3150 Jovi
1756 3106 1819 3154 ipse
1841 3106 1920 3154 regi.
1950 3106 2092 3143 Hfirws-
2215 3139 2221 3144 .

1435 3157 1520 3202 641.
1546 3158 1724 3200 Termine,
1744 3159 1822 3202 Jive
1842 3157 1950 3205 lapis,
1968 3155 2046 3204 five
2063 3169 2094 3191 es
2122 3155 2260 3203 defhffus
2281 3156 2319 3193 in
2348 3170 2427 3206 agro

1385 3207 1510 3256 Stipes,
1537 3205 1581 3242 ab
1603 3207 1758 3256 antiquis
1776 3217 1816 3242 tu
1838 3219 1968 3257 quoque
1987 3220 2113 3242 numen
2138 3206 2284 3257 [Νίκῃ]
2314 3208 2430 3246 Hunc

1385 3259 1512 3297 locum
1535 3257 1731 3294 declaravit
1750 3258 1937 3301 Muretus,
1965 3258 2002 3294 ὅ(
2024 3257 2100 3306 post
2122 3269 2207 3295 eum
2222 3258 2378 3308 Scaliger
2392 3260 2430 3296 in

1388 3307 1596 3348 Tibullum.
1625 3308 1794 3344 CroFAN.

1439 3360 1522 3406 641.
1553 3359 1630 3397 Sive
1650 3357 1756 3408 lapis,
1776 3355 1854 3408 five
1870 3371 1901 3399 es
1914 3357 2052 3409 stipes.]
2086 3357 2141 3397 Ex
2168 3366 2324 3410 utroque
2339 3371 2435 3448 1503-

2357 3421 2376 3447 e
2416 3422 2436 3447 a
