2495 3675
501 182 586 238 -F
661 167 718 237 A
791 179 827 236 s
903 179 964 235 T
1035 174 1089 231 o
1161 131 1346 227 an
1420 168 1489 225 M
1598 170 1790 228 Lm.
1863 176 1932 234 11.

2139 197 2272 247 ‘93

243 317 277 355 α,
286 317 308 364 3
319 314 349 365 5
385 293 506 351 Una
529 295 644 351 dies
669 295 860 350 Fabios
885 293 950 347 ad
976 290 1172 345 bellum
1199 286 1409 340 miserat
1437 300 1652 340 omnes:

464 369 551 424 Ad
579 370 774 423 bellum
799 365 972 420 miffos
998 359 1233 433 perdidit
1257 377 1358 413 una
1383 357 1514 412 dies.

383 442 461 497 Ut
487 457 663 496 tamen
690 436 993 494 Herculeae
1017 430 1337 504 superessent
1361 431 1554 485 semina
1578 432 1779 502 gentiS,

463 513 735 569 Credibile
758 509 830 562 est
854 509 992 580 ipsos
1017 504 1330 560 consuluisse
1352 504 1513 559 Deos,

384 589 524 644 Nam
549 601 679 656 puer
717 581 987 651 impube3‚
1027 578 1080 632 &
1108 577 1282 631 adhuc
1308 593 1417 630 non
1443 578 1582 632 utilis
1606 577 1797 641 armiS,

242 684 345 734 240

456 658 601 712 Unus
628 655 697 709 de
724 654 882 707 Fabia
907 666 1068 724 gente
1092 649 1300 704 relictus
1325 661 1453 703 erat.

383 731 594 789 Scilicet
619 741 677 782 ut
707 725 874 798 posses
899 726 1027 779 olim
1053 737 1140 786 tu,
1180 721 1452 785 Maxime,
1489 724 1658 786 nasci3

450 801 558 855 Cui
586 819 667 855 res
693 797 995 853 cunf'tando
1019 795 1341 850 restituenda
1366 795 1523 849 foret.

512 873 803 928 Ontinuata
827 873 949 924 loco
975 870 1071 923 tria
1094 868 1288 931 sidera,
1324 867 1536 923 Corvus
1564 869 1618 922 &
1645 869 1878 940 AnguiS,

583 947 654 1000 Et
686 944 893 1000 medius
926 942 1118 997 Crater
1145 942 1282 994 inter
1308 954 1598 1013 utrumque
1617 941 1773 1011 jacet.

234 1042 337 1095 245
382 1023 559 1079 Idibus
585 1020 669 1072 illa
696 1020 882 1072 latent:
925 1016 1170 1069 oriuntur
1199 1012 1358 1067 noRe
1385 1014 1643 1085 sequenti.
1724 1052 1727 1053 ν

454 1094 610 1166 Quae
643 1091 731 1144 fibi
758 1108 853 1144 cur
877 1088 974 1142 tria
998 1087 1095 1141 smt
1122 1086 1424 1140 consociata
1457 1103 1659 1141 canam.

379 1168 544 1224 Forte
564 1164 685 1235 Jovi
713 1162 902 1216 festum
929 1160 1180 1214 Phoebus
1210 1159 1462 1219 sollemne
1486 1159 1725 1230 parabat:

456 1244 478 1309 <
493 1240 619 1294 Non
646 1236 802 1289 faciet
827 1235 1009 1304 longas
1035 1231 1208 1286 fabula
1228 1231 1407 1285 ‘nostra
1434 1237 1658 1298 moras.)

382 1313 405 1369 I
427 1330 572 1374 mea,
612 1309 778 1370 dixit,
817 1307 949 1369 aviS‚
987 1323 1054 1359 ne
1081 1304 1210 1376 quid
1237 1305 1322 1374 pia
1347 1304 1484 1356 sacra
1511 1316 1751 1360 moretur
1764 1323 1785 1361 εἰ

237 1406 343 1457 250

454 1384 527 1438 Et
553 1397 770 1436 tenuem
796 1379 926 1432 vivis
950 1377 1184 1431 fontibus
1208 1376 1357 1429 adfer
1382 1393 1589 1448 aquam.

382 1458 595 1513 Corvus
619 1454 914 1506 inauratum
937 1448 1161 1520 pedibus
1184 1461 1389 1502 cratera
1414 1448 1648 1504 recurvis

457 1527 659 1589 Tollit,
698 1524 753 1578 &
777 1522 978 1578 aerium
1004 1521 1242 1594 pervolat
1267 1522 1399 1577 altus
1426 1521 1554 1576 iter..

145 1759 231 1798 235.
257 1742 447 1796 Miserat]
492 1742 645 1783 Pertulit
674 1753 767 1781 unus
796 1739 954 1780 Heinfii.
987 1736 1134 1790 protulit

99 1800 231 1898 ξιΙῐξζό.
260 1848 415 1886 Perdidit
434 1860 505 1884 una
522 1844 628 1894 dies.]
660 1843 811 1882 Protulit
824 1855 915 1881 unus
928 1854 974 1879 ex
986 1842 1135 1890 scriptis,

94 1901 193 1939 unde
216 1898 383 1937 Heinsius
397 1900 604 1947 conjecerat
617 1924 626 1941 ‚
637 1895 803 1946 prodidit.-
816 1893 954 1942 abstulit
966 1893 1135 1931 Francos.

95 1951 237 1989 Moreti
257 1951 294 1987 &
312 1958 382 1987 tres
400 1950 472 1987 alii.

144 2013 230 2051 237.
258 2005 299 2036 Ut
319 2010 438 2037 tamen
465 1998 680 2047 Herculeam]
736 1997 846 2034 Hanc
875 1995 1134 2043 antiquitatem

95 2051 148 2090 isti
187 2051 346 2088 familiae
384 2049 539 2088 tribuere
571 2057 713 2087 veteres
737 2077 746 2093 ,
784 2047 889 2084 Silius
919 2045 1061 2083 Italicus
1097 2046 1136 2083 ὅ(

94 2101 247 2149 reliqui:
276 2113 321 2138 ex
344 2101 504 2138 Hercule
526 2100 659 2138 scilicet
689 2101 726 2137 &
756 2097 917 2135 Evandri
942 2093 1014 2133 filia
1039 2096 1133 2133 Vin-

95 2151 194 2190 duna
214 2154 374 2200 primurn
395 2152 544 2189 Fabium
567 2158 709 2188 natum.
756 2146 867 2186 Certe
890 2154 973 2184 ante
994 2147 1136 2184 Urbem

95 2202 284 2240 conditam
306 2204 447 2240 mentio
472 2202 579 2251 hujus
609 2201 749 2250 gentis:
778 2211 819 2238 ea
840 2197 888 2236 est
902 2225 914 2243 ,
930 2207 1043 2247 quam
1064 2198 1139 2235 Re-

96 2263 177 2291 mus
198 2253 324 2290 habuit
342 2253 489 2290 sociam.
518 2253 694 2290 Neapor..

96 2327 244 2403 ary-39..
266 2315 452 2372 ζνηριιὸςς.]
491 2317 642 2373 impubis
663 2317 809 2373 Junian.
827 2313 997 2353 Beruens.
1020 2313 1057 2351 &
1077 2312 1137 2351 sex

132 2377 166 2403 u.
192 2366 289 2403 utilis
308 2380 410 2403 anms
439 2379 615 2416 quinque.
637 2367 710 2405 vrd.
735 2366 842 2415 Epist.
860 2379 890 2403 r.
917 2377 1001 2412 105.

150 2439 233 2473 240.
258 2435 350 2465 Unus
367 2429 407 2464 de
425 2429 532 2464 Fabia
547 2430 685 2477 gente.]
734 2431 824 2466 Hoc
843 2429 907 2466 fibi
924 2427 1137 2475 persuadere

98 2487 178 2514 non
197 2479 316 2524 potuit
337 2477 534 2523 Dionysius
564 2477 897 2518 Halicarnaffenfis;
928 2478 1039 2522 idque
1060 2489 1136 2513 non

100 2539 178 2563 uno
199 2528 326 2574 probat
354 2535 573 2573 argumento
596 2539 606 2561 ·.
641 2525 701 2561 sed
730 2524 773 2561 ea
794 2525 944 2573 quidem
968 2525 1072 2570 super
1098 2536 1136 2560 re

97 2575 230 2613 differit
252 2604 263 2620 ‚
309 2575 380 2623 qua
409 2574 471 2611 vix
499 2573 593 2611 aliud
630 2575 758 2611 certius
788 2573 883 2620 apud
921 2572 1138 2610 Historicos.

97 2627 274 2663 ΝεΑΡοι..
305 2626 452 2662 Excutit
471 2624 564 2661 hanc
575 2624 619 2661 de
632 2624 747 2662 Fabiis
767 2624 963 2662 Historiam
979 2650 988 2666 ‚
1001 2623 1138 2670 &quid

96 2677 196 2719 veri,
223 2676 312 2724 quid
335 2674 409 2711 falfi
441 2675 477 2710 in
513 2686 553 2711 ea
574 2674 615 2711 sit
641 2675 784 2723 egregie
804 2673 965 2712 ostendit
990 2673 1046 2710 Cl.
1066 2672 1137 2710 Pe-

95 2726 254 2764 rizonius
275 2728 312 2763 in
335 2724 533 2762 Animadv.
552 2725 686 2762 Histor.
710 2737 786 2773 cap.
807 2737 839 2773 ς.

147 2799 230 2834 241.
257 2787 352 2823 Olim
371 2796 433 2827 tu.
463 2786 645 2829 Maxime,
673 2783 804 2834 nasci.]
858 2783 919 2821 De
947 2783 1022 2822 hoc
1049 2786 1130 2825 viro

2123 1599 2240 1655 Sta-

1193 1738 1382 1786 Neapolis.
1410 1750 1506 1777 unus
1524 1737 1748 1784 Vaticanus,
1776 1737 1895 1777 micat.
1921 1746 1959 1775 at
1971 1736 2104 1775 medius
2123 1737 2235 1776 etiam

1193 1789 1334 1828 malim.
1361 1790 1505 1828 Heius.
1644 1808 1647 1811 ·

1245 1865 1328 1902 245.
1357 1857 1463 1891 Ναίὶε
1475 1854 1672 1906 fitquenti.]
1702 1851 1983 1893 xvr.Kalendas.
2007 1851 2242 1889 Columellae

1192 1903 1332 1960 vesperi
1355 1907 1471 1944 oritur
1498 1908 1638 1944 Crater:
1668 1907 1705 1944 &
1735 1905 1834 1943 addit
1863 1904 1925 1943 sub
1961 1902 2061 1941 idem
2089 1911 2237 1952 tempus

1192 1963 1295 1993 venti
1315 1958 1576 1995 mutationem.
1605 1957 1783 1995 Neapor..

1243 2021 1327 2066 246.
1355 2022 1457 2068 Qae
1477 2021 1542 2058 tibi
1561 2035 1620 2059 cur
1642 2022 1712 2058 tria
1724 2019 1799 2071 fint
1822 2030 1898 2058 tam
1917 2018 2051 2068 fhciata
2072 2015 2238 2066 canam]

1194 2071 1396 2118 Confhciata
1430 2071 1537 2119 Voff.
1574 2073 1752 2110 Arondel.
1786 2074 1894 2120 prim.
1928 2068 2068 2107 Medic.
2097 2068 2238 2116 septem
2286 2095 2292 2098 -

1193 2121 1264 2176 alii.
1290 2122 1394 2160 bene.
1424 2122 1466 2159 In
1488 2132 1649 2161 mortem
1669 2122 1789 2160 Drusi.
1811 2122 1897 2171 380.

1213 2222 1219 2228 .
1246 2189 1415 2238 Qodque
1433 2191 1540 2228 etiam
1560 2204 1683 2241 magno
1703 2190 1890 2241 consociata
1903 2187 1996 2236 Jovi
2015 2201 2060 2227 es.

1195 2253 1328 2290 Horat.
1349 2252 1441 2291 libro
1465 2265 1512 2290 11.
1536 2254 1612 2292 Od.
1633 2267 1697 2292 111.

1243 2317 1411 2355 Umbram
1437 2318 1637 2368 hospitalem
1657 2319 1841 2370 conficiam
1861 2327 2000 2357 amant.

1192 2385 1373 2424 Phaedrus
1395 2384 1480 2424 Fab.
1498 2397 1635 2426 vam.

1243 2463 1431 2510 Novissime
1447 2464 1624 2501 interdicit
1637 2492 1648 2507 ‚
1676 2477 1718 2501 ne
1738 2476 1815 2499 cum
1836 2461 1986 2509 malefico

1244 2513 1349 2559 tasum
1370 2513 1475 2548 bonus
1494 2514 1652 2562 consociet
1671 2513 1776 2551 ullius
1795 2513 1855 2550 rei.

1193 2577 1360 2615 Avienus
1382 2577 1465 2615 Fab.
1487 2590 1573 2616 xtx.

1202 2631 1206 2637 ¹
1247 2644 1342 2689 §Quos
1360 2640 1494 2677 meritis
1512 2640 1630 2678 nullus
1650 2640 1849 2690 consbciaret
1867 2639 1981 2677 honos.

1193 2703 1320 2740 Utitur
1342 2704 1451 2740 etiam
1475 2714 1521 2741 eo
1543 2704 1656 2742 verbo
1675 2706 1883 2753 frequenter
1904 2702 2062 2742 Tullius.
2087 2712 2154 2749 pro
2169 2700 2236 2738 tibi

1192 2765 1345 2802 quoque
1364 2754 1476 2802 probe
1489 2753 1556 2803 fibi
1577 2764 1647 2792 tres
1667 2755 1810 2803 scripti,
1829 2766 1914 2792 cum
1934 2753 2234 2792 Zulichemiano.

1188 2804 1334 2842 Hems.
1363 2810 1438 2841 Cur
1463 2806 1532 2841 tria
1545 2806 1632 2854 sunt
1671 2806 1840 2843 Francof.
1862 2806 1900 2843 &
1920 2813 1990 2842 tres
2010 2805 2080 2841 alii.
2108 2816 2167 2839 cur
2179 2802 2232 2840 ita

93 2827 368 2886 incomparabili
389 2837 589 2884 loquuntur
609 2838 685 2874 fere
698 2837 846 2878 omnia,
873 2846 967 2883 quae
980 2835 1131 2894 exstssnf’
1179 2853 1254 2903 fint
1277 2866 1369 2892 unus
1390 2855 1544 2892 Heinfii.
1571 2856 1775 2892 continuata
1798 2857 1835 2894 ὅ(
1855 2856 1915 2893 hic
1936 2855 1994 2892 sex
2012 2854 2103 2891 libri.

94 2888 355 2926 Romanorum
393 2895 651 2925 monumenta.
703 2886 911 2924 Plutarchus
940 2886 977 2922 in
1008 2898 1132 2934 prirms

94 2949 180 3025 {tim
207 2938 279 2977 fide
310 2938 386 2987 ejus
415 2938 528 2976 vitam
560 2938 599 2976 ὅ(
635 2937 728 2988 gesta
761 2936 896 2986 publici
927 2935 1005 2974 usus
1033 2938 1133 2978 fecit.

138 3000 273 3027 aanor.

143 3063 228 3097 244.
255 3058 348 3088 Inter
376 3063 563 3104 utrumque
585 3050 718 3100 jacet‚]
772 3050 829 3087 Ex
862 3048 1132 3098 scedographia.

61 3115 64 3120 ·
93 3099 230 3140 Marsus
250 3102 373 3140 nescio
392 3102 413 3140 ὲ
442 3116 520 3153 quo
548 3103 698 3140 rancido
727 3101 857 3138 codice
887 3099 976 3148 legit
1000 3129 1011 3146 ,
1038 3102 1129 3137 inter

91 3158 276 3202 utrumque
303 3153 400 3190 latet.
471 3154 636 3191 Caveant
665 3152 823 3189 omnino
861 3162 987 3197 parum
1030 3152 1127 3189 cauti

87 3197 331 3240 adolescentes
357 3203 399 3240 ab
419 3205 511 3242 illius
531 3202 732 3251 interpretis
753 3200 901 3239 inscitia.
947 3202 1128 3239 Nfiapot.

91 3249 188 3286 Cum
215 3249 321 3289 latent
346 3265 436 3291 mox
457 3254 622 3303 sequatur
647 3281 657 3298 ,
684 3252 822 3290 accedo
856 3252 994 3289 Mazar.
1023 3252 1126 3290 Vols.

88 3297 232 3338 Arond.
263 3301 302 3339 &
329 3303 401 3343 aliis
426 3304 573 3351 multis,
602 3305 639 3344 in
659 3304 815 3354 quibus,
833 3303 940 3352 jacet.
967 3311 1006 3342 ut
1025 3303 1124 3342 rec‘te

1238 2930 1322 2965 247.
1351 2924 1448 2954 Forte
1464 2918 1556 2964 Jovi
1580 2918 1764 2968 Phoebus]
1811 2919 1943 2956 Cetera
1967 2918 2057 2956 haec
2076 2915 2233 2965 Φορτικὲι

1187 2969 1299 3007 disces
1319 2969 1444 3006 clarius
1465 2968 1485 3006 a
1508 2970 1751 3018 Mytliologis.
1771 2970 1951 3007 ΝεΑΡοι.

1237 3044 1322 3078 247.
1350 3031 1521 3081 Festum]
1551 3038 1694 3069 Sacrum
1728 3043 1820 3069 unus
1840 3030 1993 3069 Heinsii.
2029 3044 2097 3068 non
2114 3031 2234 3077 saciat

1187 3084 1328 3122 Moreti
1348 3095 1454 3121 unus.
1498 3083 1597 3121 Vide
1626 3084 1720 3120 hanc
1749 3082 1905 3120 fabulam
1930 3081 2025 3130 apud
2046 3082 2230 3119 Scholiast.

1186 3135 1365 3172 German.
1394 3146 1476 3184 pag.
1500 3146 1581 3182 ¹37-
1608 3134 1706 3171 Edit.
1738 3132 1966 3170 Commelin.
1995 3134 2032 3170 δε
2061 3144 2107 3168 eo
2136 3133 2230 3168 refe·

1185 3195 1268 3222 runt
1287 3186 1456 3234 adagium
1477 3184 1598 3231 Κόραξ
1618 3180 2229 3230 ὑδρεύσει.ν1ε1.8εὶιοῐῑ.,3ἀΖεῃοῐ).

1186 3236 1293 3274 Cent.
1317 3248 1370 3273 ιν.
1396 3237 1454 3284 ς6.
1482 3236 1611 3273 Buim.

1232 3312 1318 3350 249.
1345 3306 1366 3337 1
1383 3313 1486 3345 mea,
1515 3299 1633 3346 dixit,
1660 3298 1781 3349 avis.]
1810 3298 1939 3337 Statius
1960 3296 2019 3335 lib.
2040 3307 2086 3332 ιι.
2115 3291 2227 3327 Silva-

1359 3353 1404 3390 M
1436 3362 1455 3400 3
2131 3351 2233 3386 ium,
