<?xml version="1.0" encoding="UTF-8"?>
<!DOCTYPE html PUBLIC "-//W3C//DTD XHTML 1.0 Transitional//EN"
    "http://www.w3.org/TR/xhtml1/DTD/xhtml1-transitional.dtd">
<html xmlns="http://www.w3.org/1999/xhtml" xml:lang="en" lang="en">
 <head>
  <title>
</title>
<meta http-equiv="Content-Type" content="text/html;charset=utf-8" />
  <meta name='ocr-system' content='tesseract 3.04.00' />
  <meta name='ocr-capabilities' content='ocr_page ocr_carea ocr_par ocr_line ocrx_word'/>
</head>
<body>
  <div class='ocr_page' id='page_1' title='image "./publiiovidiinaso03ovid_0559.png"; bbox 0 0 2495 3675; ppageno 0'>
   <div class='ocr_carea' id='block_1_1' title="bbox 686 164 1589 231">
    <p class='ocr_par' dir='ltr' id='par_1_1' title="bbox 686 164 1589 231">
     <span class='ocr_line' id='line_1_1' title="bbox 686 164 1589 231; baseline -0.006 0"><span class='ocrx_word' id='word_1_1' title='bbox 686 164 1322 231; x_wconf 89' lang='lat' dir='ltr'>TRISTIUM</span> <span class='ocrx_word' id='word_1_2' title='bbox 1394 167 1589 226; x_wconf 83' lang='lat' dir='ltr'><strong>LIB.</strong></span> 
     </span>
    </p>
   </div>
   <div class='ocr_carea' id='block_1_2' title="bbox 1661 166 2215 248">
    <p class='ocr_par' dir='ltr' id='par_1_2' title="bbox 1661 166 2215 248">
     <span class='ocr_line' id='line_1_2' title="bbox 1661 166 2215 248; baseline 0.007 -5"><span class='ocrx_word' id='word_1_3' title='bbox 1661 166 1721 228; x_wconf 78' lang='grc' dir='ltr'>Π·</span> <span class='ocrx_word' id='word_1_4' title='bbox 2118 190 2215 248; x_wconf 77' lang='lat'>539</span> 
     </span>
    </p>
   </div>
   <div class='ocr_carea' id='block_1_3' title="bbox 351 260 1611 343">
    <p class='ocr_par' dir='ltr' id='par_1_3' title="bbox 351 260 1611 343">
     <span class='ocr_line' id='line_1_3' title="bbox 351 260 1611 343; baseline -0.01 -15"><span class='ocrx_word' id='word_1_5' title='bbox 351 273 408 328; x_wconf 92' lang='lat' dir='ltr'>In</span> <span class='ocrx_word' id='word_1_6' title='bbox 435 269 626 343; x_wconf 87' lang='lat' dir='ltr'>quibus</span> <span class='ocrx_word' id='word_1_7' title='bbox 653 268 872 325; x_wconf 81' lang='lat' dir='ltr'>adsidue</span> <span class='ocrx_word' id='word_1_8' title='bbox 901 268 1074 322; x_wconf 88' lang='lat' dir='ltr'>cultus</span> <span class='ocrx_word' id='word_1_9' title='bbox 1096 260 1346 337; x_wconf 86' lang='lat' dir='ltr'>procedit</span> <span class='ocrx_word' id='word_1_10' title='bbox 1371 260 1611 329; x_wconf 73' lang='lat' dir='ltr'>adulter-3</span> 
     </span>
    </p>
   </div>
   <div class='ocr_carea' id='block_1_4' title="bbox 212 364 313 417">
    <p class='ocr_par' dir='ltr' id='par_1_4' title="bbox 212 364 313 417">
     <span class='ocr_line' id='line_1_4' title="bbox 212 364 313 417; baseline 0 -16"><span class='ocrx_word' id='word_1_11' title='bbox 212 364 313 417; x_wconf 86' lang='lat'>500</span> 
     </span>
    </p>
   </div>
   <div class='ocr_carea' id='block_1_5' title="bbox 422 335 1569 418">
    <p class='ocr_par' dir='ltr' id='par_1_5' title="bbox 422 335 1569 418">
     <span class='ocr_line' id='line_1_5' title="bbox 422 335 1569 418; baseline -0.01 -17"><span class='ocrx_word' id='word_1_12' title='bbox 422 343 714 417; x_wconf 77' lang='lat' dir='ltr'>Verbaque</span> <span class='ocrx_word' id='word_1_13' title='bbox 739 342 830 397; x_wconf 83' lang='lat' dir='ltr'>dat</span> <span class='ocrx_word' id='word_1_14' title='bbox 855 341 1013 396; x_wconf 86' lang='lat' dir='ltr'>stulto</span> <span class='ocrx_word' id='word_1_15' title='bbox 1035 338 1221 393; x_wconf 88' lang='lat' dir='ltr'>callida</span> <span class='ocrx_word' id='word_1_16' title='bbox 1244 346 1409 418; x_wconf 78' lang='lat' dir='ltr'>nupta</span> <span class='ocrx_word' id='word_1_17' title='bbox 1437 335 1569 390; x_wconf 82' lang='lat' dir='ltr'>viro,</span> 
     </span>
    </p>
   </div>
   <div class='ocr_carea' id='block_1_6' title="bbox 202 417 1849 998">
    <p class='ocr_par' dir='ltr' id='par_1_6' title="bbox 348 417 1849 564">
     <span class='ocr_line' id='line_1_6' title="bbox 348 417 1849 486; baseline -0.007 -12"><span class='ocrx_word' id='word_1_18' title='bbox 348 417 556 474; x_wconf 84' lang='lat' dir='ltr'><strong>Nubilis</strong></span> <span class='ocrx_word' id='word_1_19' title='bbox 583 418 684 473; x_wconf 86' lang='lat' dir='ltr'>hos</span> <span class='ocrx_word' id='word_1_20' title='bbox 709 417 863 486; x_wconf 85' lang='lat' dir='ltr'>virgo</span> <span class='ocrx_word' id='word_1_21' title='bbox 880 453 894 478; x_wconf 88' lang='lat'>‚</span> <span class='ocrx_word' id='word_1_22' title='bbox 934 424 1313 483; x_wconf 82' lang='lat' dir='ltr'>matronaque,</span> <span class='ocrx_word' id='word_1_23' title='bbox 1353 425 1569 480; x_wconf 78' lang='lat' dir='ltr'>virque,</span> <span class='ocrx_word' id='word_1_24' title='bbox 1609 426 1849 482; x_wconf 69' lang='lat' dir='ltr'>puerque</span> 
     </span>
     <span class='ocr_line' id='line_1_7' title="bbox 423 482 1657 564; baseline -0.008 -18"><span class='ocrx_word' id='word_1_25' title='bbox 423 489 663 564; x_wconf 67' lang='lat' dir='ltr'>Spe&amp;at;</span> <span class='ocrx_word' id='word_1_26' title='bbox 703 488 758 541; x_wconf 71' lang='grc' dir='ltr'>δε</span> <span class='ocrx_word' id='word_1_27' title='bbox 782 488 812 541; x_wconf 80' lang='lat' dir='ltr'>e</span> <span class='ocrx_word' id='word_1_28' title='bbox 841 486 1034 556; x_wconf 63' lang='lat' dir='ltr'>magnit</span> <span class='ocrx_word' id='word_1_29' title='bbox 1059 497 1208 555; x_wconf 89' lang='lat' dir='ltr'>parte</span> <span class='ocrx_word' id='word_1_30' title='bbox 1233 484 1453 537; x_wconf 81' lang='lat' dir='ltr'>Senatus</span> <span class='ocrx_word' id='word_1_31' title='bbox 1479 482 1657 536; x_wconf 64' lang='lat' dir='ltr'>adest·</span> 
     </span>
    </p>

    <p class='ocr_par' dir='ltr' id='par_1_7' title="bbox 344 555 1560 701">
     <span class='ocr_line' id='line_1_8' title="bbox 344 555 1560 619; baseline -0.009 0"><span class='ocrx_word' id='word_1_32' title='bbox 344 565 463 619; x_wconf 89' lang='lat' dir='ltr'>Nec</span> <span class='ocrx_word' id='word_1_33' title='bbox 488 564 604 618; x_wconf 85' lang='lat' dir='ltr'>satis</span> <span class='ocrx_word' id='word_1_34' title='bbox 629 559 835 617; x_wconf 87' lang='lat' dir='ltr'>incestis</span> <span class='ocrx_word' id='word_1_35' title='bbox 861 557 1110 612; x_wconf 88' lang='lat' dir='ltr'>temerari</span> <span class='ocrx_word' id='word_1_36' title='bbox 1136 555 1356 611; x_wconf 86' lang='lat' dir='ltr'>vocibus</span> <span class='ocrx_word' id='word_1_37' title='bbox 1382 573 1560 609; x_wconf 81' lang='lat' dir='ltr'>aures:</span> 
     </span>
     <span class='ocr_line' id='line_1_9' title="bbox 416 628 1532 701; baseline -0.011 -9"><span class='ocrx_word' id='word_1_38' title='bbox 416 634 751 691; x_wconf 88' lang='lat' dir='ltr'>Adsuescunt</span> <span class='ocrx_word' id='word_1_39' title='bbox 777 631 921 686; x_wconf 85' lang='lat' dir='ltr'>oculi</span> <span class='ocrx_word' id='word_1_40' title='bbox 944 630 1108 684; x_wconf 89' lang='lat' dir='ltr'>multa</span> <span class='ocrx_word' id='word_1_41' title='bbox 1133 628 1385 701; x_wconf 84' lang='lat' dir='ltr'>pudenda</span> <span class='ocrx_word' id='word_1_42' title='bbox 1411 629 1532 696; x_wconf 78' lang='lat' dir='ltr'>pati.</span> 
     </span>
    </p>

    <p class='ocr_par' dir='ltr' id='par_1_8' title="bbox 202 700 1774 787">
     <span class='ocr_line' id='line_1_10' title="bbox 202 700 1774 787; baseline -0.007 -21"><span class='ocrx_word' id='word_1_43' title='bbox 202 730 297 787; x_wconf 83' lang='lat'>505</span> <span class='ocrx_word' id='word_1_44' title='bbox 339 710 590 782; x_wconf 88' lang='lat' dir='ltr'><strong>Cumque</strong></span> <span class='ocrx_word' id='word_1_45' title='bbox 613 705 799 761; x_wconf 87' lang='lat' dir='ltr'>fefellit</span> <span class='ocrx_word' id='word_1_46' title='bbox 827 720 1004 762; x_wconf 85' lang='lat' dir='ltr'>amans</span> <span class='ocrx_word' id='word_1_47' title='bbox 1031 702 1203 774; x_wconf 69' lang='lat' dir='ltr'>aliqua</span> <span class='ocrx_word' id='word_1_48' title='bbox 1224 700 1463 755; x_wconf 83' lang='lat' dir='ltr'>novitate</span> <span class='ocrx_word' id='word_1_49' title='bbox 1498 701 1774 766; x_wconf 77' lang='lat' dir='ltr'>maritum,</span> 
     </span>
    </p>

    <p class='ocr_par' dir='ltr' id='par_1_9' title="bbox 415 772 1634 849">
     <span class='ocr_line' id='line_1_11' title="bbox 415 772 1634 849; baseline -0.007 -13"><span class='ocrx_word' id='word_1_50' title='bbox 415 779 718 841; x_wconf 87' lang='lat' dir='ltr'>Plauditur;</span> <span class='ocrx_word' id='word_1_51' title='bbox 760 779 815 833; x_wconf 72' lang='grc' dir='ltr'>δε</span> <span class='ocrx_word' id='word_1_52' title='bbox 841 793 1038 849; x_wconf 87' lang='lat' dir='ltr'>magno</span> <span class='ocrx_word' id='word_1_53' title='bbox 1061 775 1229 847; x_wconf 83' lang='lat' dir='ltr'>palma</span> <span class='ocrx_word' id='word_1_54' title='bbox 1254 772 1438 827; x_wconf 83' lang='lat' dir='ltr'>favore</span> <span class='ocrx_word' id='word_1_55' title='bbox 1466 772 1634 827; x_wconf 85' lang='lat' dir='ltr'>datur.</span> 
     </span>
    </p>

    <p class='ocr_par' dir='ltr' id='par_1_10' title="bbox 346 846 1813 998">
     <span class='ocr_line' id='line_1_12' title="bbox 346 846 1813 928; baseline -0.005 -18"><span class='ocrx_word' id='word_1_56' title='bbox 346 856 584 928; x_wconf 84' lang='lat' dir='ltr'>Quoque</span> <span class='ocrx_word' id='word_1_57' title='bbox 610 852 783 906; x_wconf 80' lang='lat' dir='ltr'>minus</span> <span class='ocrx_word' id='word_1_58' title='bbox 808 850 1054 922; x_wconf 83' lang='lat' dir='ltr'>prodest,</span> <span class='ocrx_word' id='word_1_59' title='bbox 1089 847 1241 901; x_wconf 85' lang='lat' dir='ltr'>scena</span> <span class='ocrx_word' id='word_1_60' title='bbox 1268 846 1342 899; x_wconf 86' lang='lat' dir='ltr'>est</span> <span class='ocrx_word' id='word_1_61' title='bbox 1368 848 1567 899; x_wconf 74' lang='lat' dir='ltr'>luci-oia</span> <span class='ocrx_word' id='word_1_62' title='bbox 1598 851 1813 913; x_wconf 73' lang='lat' dir='ltr'>poetae:</span> 
     </span>
     <span class='ocr_line' id='line_1_13' title="bbox 414 918 1692 998; baseline -0.008 -16"><span class='ocrx_word' id='word_1_63' title='bbox 414 928 700 998; x_wconf 83' lang='lat' dir='ltr'>Tantaque</span> <span class='ocrx_word' id='word_1_64' title='bbox 725 941 837 980; x_wconf 92' lang='lat' dir='ltr'>non</span> <span class='ocrx_word' id='word_1_65' title='bbox 861 940 1028 997; x_wconf 88' lang='lat' dir='ltr'>parvo</span> <span class='ocrx_word' id='word_1_66' title='bbox 1051 919 1271 975; x_wconf 88' lang='lat' dir='ltr'>crimina</span> <span class='ocrx_word' id='word_1_67' title='bbox 1299 918 1521 974; x_wconf 76' lang='lat' dir='ltr'>Praetor</span> <span class='ocrx_word' id='word_1_68' title='bbox 1548 921 1692 973; x_wconf 86' lang='lat' dir='ltr'>emit.</span> 
     </span>
    </p>
   </div>
   <div class='ocr_carea' id='block_1_7' title="bbox 48 1186 1099 1547">
    <p class='ocr_par' dir='ltr' id='par_1_11' title="bbox 48 1186 1099 1447">
     <span class='ocr_line' id='line_1_14' title="bbox 103 1186 1096 1243; baseline -0.007 -11"><span class='ocrx_word' id='word_1_69' title='bbox 103 1194 191 1243; x_wconf 62' lang='lat'>&#39;4910</span> <span class='ocrx_word' id='word_1_70' title='bbox 218 1191 357 1241; x_wconf 68' lang='lat' dir='ltr'>Fumofia</span> <span class='ocrx_word' id='word_1_71' title='bbox 378 1188 579 1240; x_wconf 85' lang='lat' dir='ltr'>Decembri]</span> <span class='ocrx_word' id='word_1_72' title='bbox 609 1189 668 1228; x_wconf 90' lang='lat' dir='ltr'>Sic</span> <span class='ocrx_word' id='word_1_73' title='bbox 688 1186 866 1228; x_wconf 84' lang='lat' dir='ltr'>Martialis</span> <span class='ocrx_word' id='word_1_74' title='bbox 881 1187 944 1226; x_wconf 84' lang='lat' dir='ltr'>lib.</span> <span class='ocrx_word' id='word_1_75' title='bbox 961 1199 998 1227; x_wconf 89' lang='lat' dir='ltr'>v.</span> <span class='ocrx_word' id='word_1_76' title='bbox 1021 1187 1096 1225; x_wconf 92' lang='lat' dir='ltr'>huc</span> 
     </span>
     <span class='ocr_line' id='line_1_15' title="bbox 51 1240 1097 1295; baseline -0.011 -9"><span class='ocrx_word' id='word_1_77' title='bbox 51 1246 252 1295; x_wconf 71' lang='lat' dir='ltr'>respiciens.</span> <span class='ocrx_word' id='word_1_78' title='bbox 289 1243 352 1281; x_wconf 82' lang='lat' dir='ltr'>Sed</span> <span class='ocrx_word' id='word_1_79' title='bbox 383 1243 449 1291; x_wconf 86' lang='lat' dir='ltr'>lege</span> <span class='ocrx_word' id='word_1_80' title='bbox 483 1243 612 1290; x_wconf 73' lang='lat' dir='ltr'>fumoso</span> <span class='ocrx_word' id='word_1_81' title='bbox 630 1254 698 1278; x_wconf 84' lang='lat' dir='ltr'>non</span> <span class='ocrx_word' id='word_1_82' title='bbox 717 1240 932 1291; x_wconf 85' lang='lat' dir='ltr'>aspernanda</span> <span class='ocrx_word' id='word_1_83' title='bbox 954 1245 1097 1277; x_wconf 83' lang='lat' dir='ltr'>Decem-</span> 
     </span>
     <span class='ocr_line' id='line_1_16' title="bbox 53 1291 1097 1339; baseline -0.007 -5"><span class='ocrx_word' id='word_1_84' title='bbox 53 1296 107 1335; x_wconf 77' lang='lat' dir='ltr'>bri</span> <span class='ocrx_word' id='word_1_85' title='bbox 126 1296 310 1334; x_wconf 85' lang='lat' dir='ltr'>Carmina.</span> <span class='ocrx_word' id='word_1_86' title='bbox 337 1295 509 1332; x_wconf 56' lang='lat' dir='ltr'>exosam.</span> <span class='ocrx_word' id='word_1_87' title='bbox 556 1293 647 1331; x_wconf 93' lang='lat' dir='ltr'>Duo</span> <span class='ocrx_word' id='word_1_88' title='bbox 666 1320 677 1337; x_wconf 90' lang='lat'>‚</span> <span class='ocrx_word' id='word_1_89' title='bbox 706 1291 913 1329; x_wconf 79' lang='lat' dir='ltr'>Decembris.</span> <span class='ocrx_word' id='word_1_90' title='bbox 969 1292 1097 1339; x_wconf 83' lang='lat' dir='ltr'>Lege,</span> 
     </span>
     <span class='ocr_line' id='line_1_17' title="bbox 48 1340 1099 1397; baseline -0.004 -13"><span class='ocrx_word' id='word_1_91' title='bbox 48 1345 175 1397; x_wconf 77' lang='lat' dir='ltr'>fumofi</span> <span class='ocrx_word' id='word_1_92' title='bbox 194 1345 389 1384; x_wconf 82' lang='lat' dir='ltr'>Decembris</span> <span class='ocrx_word' id='word_1_93' title='bbox 409 1356 493 1382; x_wconf 88' lang='lat' dir='ltr'>cum</span> <span class='ocrx_word' id='word_1_94' title='bbox 514 1343 788 1382; x_wconf 85' lang='lat' dir='ltr'>BarberinianO.</span> <span class='ocrx_word' id='word_1_95' title='bbox 825 1351 866 1381; x_wconf 93' lang='lat' dir='ltr'>ut</span> <span class='ocrx_word' id='word_1_96' title='bbox 887 1342 1019 1381; x_wconf 87' lang='lat' dir='ltr'>monui</span> <span class='ocrx_word' id='word_1_97' title='bbox 1038 1340 1099 1380; x_wconf 85' lang='lat' dir='ltr'>lib.</span> 
     </span>
     <span class='ocr_line' id='line_1_18' title="bbox 52 1397 559 1447; baseline -0.006 -12"><span class='ocrx_word' id='word_1_98' title='bbox 52 1410 82 1439; x_wconf 66' lang='grc' dir='ltr'>ι.</span> <span class='ocrx_word' id='word_1_99' title='bbox 100 1397 203 1447; x_wconf 84' lang='lat' dir='ltr'>Eleg.</span> <span class='ocrx_word' id='word_1_100' title='bbox 225 1410 260 1435; x_wconf 89' lang='lat' dir='ltr'>x.</span> <span class='ocrx_word' id='word_1_101' title='bbox 282 1397 335 1439; x_wconf 65' lang='lat' dir='ltr'>sss.</span> <span class='ocrx_word' id='word_1_102' title='bbox 359 1409 393 1444; x_wconf 80' lang='lat'>3.</span> <span class='ocrx_word' id='word_1_103' title='bbox 414 1397 559 1433; x_wconf 60' lang='lat' dir='ltr'>Hiems.</span> 
     </span>
    </p>

    <p class='ocr_par' dir='ltr' id='par_1_12' title="bbox 52 1442 1098 1547">
     <span class='ocr_line' id='line_1_19' title="bbox 103 1442 1098 1498; baseline -0.006 -12"><span class='ocrx_word' id='word_1_104' title='bbox 103 1461 190 1498; x_wconf 75' lang='lat'>492.</span> <span class='ocrx_word' id='word_1_105' title='bbox 218 1451 319 1497; x_wconf 51' lang='lat' dir='ltr'>§Luae</span> <span class='ocrx_word' id='word_1_106' title='bbox 332 1448 412 1496; x_wconf 85' lang='lat' dir='ltr'>jam</span> <span class='ocrx_word' id='word_1_107' title='bbox 434 1461 502 1484; x_wconf 82' lang='lat' dir='ltr'>non</span> <span class='ocrx_word' id='word_1_108' title='bbox 518 1445 582 1483; x_wconf 85' lang='lat' dir='ltr'>ulli</span> <span class='ocrx_word' id='word_1_109' title='bbox 600 1443 802 1494; x_wconf 84' lang='lat' dir='ltr'>composuiffe</span> <span class='ocrx_word' id='word_1_110' title='bbox 823 1442 956 1494; x_wconf 81' lang='lat' dir='ltr'>nocet.]</span> <span class='ocrx_word' id='word_1_111' title='bbox 993 1443 1098 1481; x_wconf 87' lang='lat' dir='ltr'>Con-</span> 
     </span>
     <span class='ocr_line' id='line_1_20' title="bbox 52 1494 1097 1547; baseline -0.006 -9"><span class='ocrx_word' id='word_1_112' title='bbox 52 1500 205 1540; x_wconf 88' lang='lat' dir='ltr'>cinnum</span> <span class='ocrx_word' id='word_1_113' title='bbox 228 1500 348 1543; x_wconf 89' lang='lat' dir='ltr'>forte,</span> <span class='ocrx_word' id='word_1_114' title='bbox 385 1498 488 1547; x_wconf 90' lang='lat' dir='ltr'>quod</span> <span class='ocrx_word' id='word_1_115' title='bbox 509 1498 548 1535; x_wconf 92' lang='lat' dir='ltr'>in</span> <span class='ocrx_word' id='word_1_116' title='bbox 569 1497 736 1535; x_wconf 86' lang='lat' dir='ltr'>Palatinis</span> <span class='ocrx_word' id='word_1_117' title='bbox 759 1494 958 1543; x_wconf 87' lang='lat' dir='ltr'>legebatur.</span> <span class='ocrx_word' id='word_1_118' title='bbox 994 1497 1097 1542; x_wconf 49' lang='lat' dir='ltr'>Quae</span> 
     </span>
    </p>
   </div>
   <div class='ocr_carea' id='block_1_8' title="bbox 52 1547 1096 1598">
    <p class='ocr_par' dir='ltr' id='par_1_13' title="bbox 52 1547 1096 1598">
     <span class='ocr_line' id='line_1_21' title="bbox 52 1547 1096 1598; baseline -0.007 -9"><span class='ocrx_word' id='word_1_119' title='bbox 52 1551 184 1589; x_wconf 83' lang='lat' dir='ltr'>damno</span> <span class='ocrx_word' id='word_1_120' title='bbox 205 1549 295 1587; x_wconf 84' lang='lat' dir='ltr'>nulli</span> <span class='ocrx_word' id='word_1_121' title='bbox 311 1548 514 1598; x_wconf 79' lang='lat' dir='ltr'>composuisse</span> <span class='ocrx_word' id='word_1_122' title='bbox 525 1548 612 1595; x_wconf 82' lang='lat' dir='ltr'>fuit.</span> <span class='ocrx_word' id='word_1_123' title='bbox 641 1547 746 1585; x_wconf 64' lang='lat' dir='ltr'><strong>DAN.</strong></span> <span class='ocrx_word' id='word_1_124' title='bbox 771 1547 916 1584; x_wconf 66' lang='lat' dir='ltr'>Hunis.</span> <span class='ocrx_word' id='word_1_125' title='bbox 952 1550 1096 1582; x_wconf 86' lang='lat' dir='ltr'>Damno</span> 
     </span>
    </p>
   </div>
   <div class='ocr_carea' id='block_1_9' title="bbox 43 1596 1098 1649">
    <p class='ocr_par' dir='ltr' id='par_1_14' title="bbox 43 1596 1098 1649">
     <span class='ocr_line' id='line_1_22' title="bbox 43 1596 1098 1649; baseline -0.005 -10"><span class='ocrx_word' id='word_1_126' title='bbox 43 1601 123 1649; x_wconf 84' lang='lat' dir='ltr'>suit</span> <span class='ocrx_word' id='word_1_127' title='bbox 141 1612 186 1638; x_wconf 81' lang='lat' dir='ltr'>ex</span> <span class='ocrx_word' id='word_1_128' title='bbox 207 1600 432 1638; x_wconf 86' lang='lat' dir='ltr'>melioribus.</span> <span class='ocrx_word' id='word_1_129' title='bbox 459 1600 608 1639; x_wconf 67' lang='lat' dir='ltr'>Herus.</span> <span class='ocrx_word' id='word_1_130' title='bbox 635 1598 691 1637; x_wconf 87' lang='lat' dir='ltr'>Ita</span> <span class='ocrx_word' id='word_1_131' title='bbox 707 1598 746 1636; x_wconf 90' lang='lat'>&amp;</span> <span class='ocrx_word' id='word_1_132' title='bbox 766 1596 1098 1636; x_wconf 87' lang='lat' dir='ltr'>Bersmannusedi-</span> 
     </span>
    </p>
   </div>
   <div class='ocr_carea' id='block_1_10' title="bbox 51 1650 1102 2308">
    <p class='ocr_par' dir='ltr' id='par_1_15' title="bbox 54 1650 419 1691">
     <span class='ocr_line' id='line_1_23' title="bbox 54 1650 419 1691; baseline -0.011 0"><span class='ocrx_word' id='word_1_133' title='bbox 54 1652 108 1691; x_wconf 88' lang='lat' dir='ltr'>dit</span> <span class='ocrx_word' id='word_1_134' title='bbox 129 1663 174 1689; x_wconf 87' lang='lat' dir='ltr'>ex</span> <span class='ocrx_word' id='word_1_135' title='bbox 194 1650 258 1690; x_wconf 88' lang='lat' dir='ltr'>suo</span> <span class='ocrx_word' id='word_1_136' title='bbox 279 1650 419 1688; x_wconf 85' lang='lat' dir='ltr'>codice.</span> 
     </span>
    </p>

    <p class='ocr_par' dir='ltr' id='par_1_16' title="bbox 53 1696 1098 1804">
     <span class='ocr_line' id='line_1_24' title="bbox 106 1696 1098 1751; baseline -0.003 -11"><span class='ocrx_word' id='word_1_137' title='bbox 106 1713 192 1751; x_wconf 87' lang='lat'>493.</span> <span class='ocrx_word' id='word_1_138' title='bbox 222 1709 302 1739; x_wconf 81' lang='lat' dir='ltr'>Non</span> <span class='ocrx_word' id='word_1_139' title='bbox 323 1701 434 1746; x_wconf 83' lang='lat' dir='ltr'>tristia</span> <span class='ocrx_word' id='word_1_140' title='bbox 452 1699 614 1739; x_wconf 83' lang='lat' dir='ltr'>carmina</span> <span class='ocrx_word' id='word_1_141' title='bbox 632 1698 743 1748; x_wconf 52' lang='lat' dir='ltr'>feci]</span> <span class='ocrx_word' id='word_1_142' title='bbox 797 1699 879 1737; x_wconf 88' lang='lat' dir='ltr'>Plus</span> <span class='ocrx_word' id='word_1_143' title='bbox 899 1696 1098 1748; x_wconf 89' lang='lat' dir='ltr'>fignificat,</span> 
     </span>
     <span class='ocr_line' id='line_1_25' title="bbox 53 1750 880 1804; baseline -0.004 -13"><span class='ocrx_word' id='word_1_144' title='bbox 53 1764 166 1804; x_wconf 90' lang='lat' dir='ltr'>quam</span> <span class='ocrx_word' id='word_1_145' title='bbox 188 1752 214 1790; x_wconf 88' lang='lat' dir='ltr'>fi</span> <span class='ocrx_word' id='word_1_146' title='bbox 236 1751 375 1791; x_wconf 86' lang='lat' dir='ltr'>dixiffet</span> <span class='ocrx_word' id='word_1_147' title='bbox 394 1752 487 1788; x_wconf 85' lang='lat' dir='ltr'>laeta</span> <span class='ocrx_word' id='word_1_148' title='bbox 508 1750 682 1789; x_wconf 84' lang='lat' dir='ltr'>carmina.</span> <span class='ocrx_word' id='word_1_149' title='bbox 707 1751 880 1788; x_wconf 64' lang='lat' dir='ltr'>Cxoeau.</span> 
     </span>
    </p>

    <p class='ocr_par' dir='ltr' id='par_1_17' title="bbox 51 1799 1101 2005">
     <span class='ocr_line' id='line_1_26' title="bbox 107 1799 1099 1852; baseline -0.005 -10"><span class='ocrx_word' id='word_1_150' title='bbox 107 1815 196 1852; x_wconf 80' lang='lat'>495.</span> <span class='ocrx_word' id='word_1_151' title='bbox 226 1804 383 1852; x_wconf 83' lang='lat' dir='ltr'>Denique</span> <span class='ocrx_word' id='word_1_152' title='bbox 403 1814 471 1839; x_wconf 87' lang='lat' dir='ltr'>non</span> <span class='ocrx_word' id='word_1_153' title='bbox 492 1801 593 1839; x_wconf 85' lang='lat' dir='ltr'>video</span> <span class='ocrx_word' id='word_1_154' title='bbox 620 1802 661 1838; x_wconf 83' lang='lat' dir='ltr'>de</span> <span class='ocrx_word' id='word_1_155' title='bbox 689 1799 780 1850; x_wconf 85' lang='lat' dir='ltr'><em>tot.]</em></span> <span class='ocrx_word' id='word_1_156' title='bbox 835 1805 909 1838; x_wconf 86' lang='lat' dir='ltr'>Nec</span> <span class='ocrx_word' id='word_1_157' title='bbox 935 1800 1037 1838; x_wconf 82' lang='lat' dir='ltr'>video</span> <span class='ocrx_word' id='word_1_158' title='bbox 1057 1799 1099 1837; x_wconf 86' lang='lat' dir='ltr'>de</span> 
     </span>
     <span class='ocr_line' id='line_1_27' title="bbox 53 1850 1101 1900; baseline -0.005 -7"><span class='ocrx_word' id='word_1_159' title='bbox 53 1863 105 1893; x_wconf 75' lang='lat' dir='ltr'>tot</span> <span class='ocrx_word' id='word_1_160' title='bbox 128 1854 310 1893; x_wconf 81' lang='lat' dir='ltr'>meliores.</span> <span class='ocrx_word' id='word_1_161' title='bbox 354 1864 447 1892; x_wconf 90' lang='lat' dir='ltr'>unus</span> <span class='ocrx_word' id='word_1_162' title='bbox 474 1853 586 1891; x_wconf 87' lang='lat' dir='ltr'>etiam</span> <span class='ocrx_word' id='word_1_163' title='bbox 617 1850 884 1896; x_wconf 81' lang='lat' dir='ltr'>Bononiensis,</span> <span class='ocrx_word' id='word_1_164' title='bbox 907 1851 1101 1900; x_wconf 83' lang='lat' dir='ltr'>prodiderit</span> 
     </span>
     <span class='ocr_line' id='line_1_28' title="bbox 52 1902 1098 1955; baseline -0.003 -12"><span class='ocrx_word' id='word_1_165' title='bbox 52 1906 228 1955; x_wconf 86' lang='lat' dir='ltr'>proximo</span> <span class='ocrx_word' id='word_1_166' title='bbox 247 1904 360 1943; x_wconf 88' lang='lat' dir='ltr'>versu.</span> <span class='ocrx_word' id='word_1_167' title='bbox 387 1905 535 1943; x_wconf 69' lang='lat' dir='ltr'>Hnms.</span> <span class='ocrx_word' id='word_1_168' title='bbox 563 1902 734 1953; x_wconf 81' lang='lat' dir='ltr'>Dejecerit</span> <span class='ocrx_word' id='word_1_169' title='bbox 753 1902 920 1941; x_wconf 84' lang='lat' dir='ltr'>Bemens.</span> <span class='ocrx_word' id='word_1_170' title='bbox 941 1902 1071 1942; x_wconf 87' lang='lat' dir='ltr'>vitiose</span> <span class='ocrx_word' id='word_1_171' title='bbox 1085 1917 1098 1947; x_wconf 71' lang='grc' dir='ltr'><strong><em>ς</em></strong></span> 
     </span>
     <span class='ocr_line' id='line_1_29' title="bbox 51 1955 386 2005; baseline -0.009 -9"><span class='ocrx_word' id='word_1_172' title='bbox 51 1956 114 1997; x_wconf 88' lang='lat' dir='ltr'>sed</span> <span class='ocrx_word' id='word_1_173' title='bbox 134 1957 220 1994; x_wconf 91' lang='lat' dir='ltr'>latet</span> <span class='ocrx_word' id='word_1_174' title='bbox 238 1955 386 2005; x_wconf 87' lang='lat' dir='ltr'>aliquid.</span> 
     </span>
    </p>

    <p class='ocr_par' dir='ltr' id='par_1_18' title="bbox 53 2003 1102 2308">
     <span class='ocr_line' id='line_1_30' title="bbox 103 2003 1102 2057; baseline -0.002 -12"><span class='ocrx_word' id='word_1_175' title='bbox 103 2019 193 2056; x_wconf 83' lang='grc'>497.</span> <span class='ocrx_word' id='word_1_176' title='bbox 220 2005 425 2057; x_wconf 57' lang='lat' dir='ltr'>Jocantes]</span> <span class='ocrx_word' id='word_1_177' title='bbox 463 2011 652 2055; x_wconf 86' lang='lat' dir='ltr'>Loquentes</span> <span class='ocrx_word' id='word_1_178' title='bbox 671 2004 758 2045; x_wconf 91' lang='lat' dir='ltr'>duo.</span> <span class='ocrx_word' id='word_1_179' title='bbox 778 2003 855 2044; x_wconf 84' lang='lat' dir='ltr'>vid.</span> <span class='ocrx_word' id='word_1_180' title='bbox 871 2003 918 2043; x_wconf 89' lang='lat' dir='ltr'>ad</span> <span class='ocrx_word' id='word_1_181' title='bbox 938 2017 1002 2043; x_wconf 85' lang='lat' dir='ltr'>m.</span> <span class='ocrx_word' id='word_1_182' title='bbox 1021 2004 1102 2043; x_wconf 88' lang='lat' dir='ltr'>Art.</span> 
     </span>
     <span class='ocr_line' id='line_1_31' title="bbox 53 2070 142 2097; baseline -0.011 0"><span class='ocrx_word' id='word_1_183' title='bbox 53 2070 78 2097; x_wconf 93' lang='lat'><em>2</em></span> <span class='ocrx_word' id='word_1_184' title='bbox 135 2086 142 2096; x_wconf 95' lang='lat'><strong><em>.</em></strong></span> 
     </span>
     <span class='ocr_line' id='line_1_32' title="bbox 84 2067 1099 2157; baseline -0.004 -12"><span class='ocrx_word' id='word_1_185' title='bbox 84 2067 189 2157; x_wconf 64' lang='lat'>74598.</span> <span class='ocrx_word' id='word_1_186' title='bbox 214 2108 344 2154; x_wconf 71' lang='lat' dir='ltr'>Junffi</span> <span class='ocrx_word' id='word_1_187' title='bbox 362 2106 493 2145; x_wconf 80' lang='lat' dir='ltr'>crimen</span> <span class='ocrx_word' id='word_1_188' title='bbox 511 2107 640 2145; x_wconf 81' lang='lat' dir='ltr'>amoris</span> <span class='ocrx_word' id='word_1_189' title='bbox 660 2104 832 2155; x_wconf 83' lang='lat' dir='ltr'>habent.]</span> <span class='ocrx_word' id='word_1_190' title='bbox 878 2105 986 2142; x_wconf 82' lang='lat' dir='ltr'>Vetiti</span> <span class='ocrx_word' id='word_1_191' title='bbox 1003 2117 1099 2142; x_wconf 88' lang='lat' dir='ltr'>amo-</span> 
     </span>
     <span class='ocr_line' id='line_1_33' title="bbox 55 2155 1102 2205; baseline -0.006 -7"><span class='ocrx_word' id='word_1_192' title='bbox 55 2158 102 2199; x_wconf 79' lang='lat' dir='ltr'>ris</span> <span class='ocrx_word' id='word_1_193' title='bbox 123 2159 229 2197; x_wconf 83' lang='lat' dir='ltr'>multi</span> <span class='ocrx_word' id='word_1_194' title='bbox 252 2168 431 2196; x_wconf 88' lang='lat' dir='ltr'>veterum.</span> <span class='ocrx_word' id='word_1_195' title='bbox 458 2159 533 2196; x_wconf 89' lang='lat' dir='ltr'>hoc</span> <span class='ocrx_word' id='word_1_196' title='bbox 553 2158 602 2196; x_wconf 90' lang='lat' dir='ltr'>est</span> <span class='ocrx_word' id='word_1_197' title='bbox 623 2157 806 2196; x_wconf 87' lang='lat' dir='ltr'>adulterii.</span> <span class='ocrx_word' id='word_1_198' title='bbox 835 2155 885 2194; x_wconf 92' lang='lat' dir='ltr'>s1c</span> <span class='ocrx_word' id='word_1_199' title='bbox 903 2157 1008 2193; x_wconf 79' lang='lat' dir='ltr'>veriti</span> <span class='ocrx_word' id='word_1_200' title='bbox 1026 2163 1102 2205; x_wconf 72' lang='lat' dir='ltr'>Hy-</span> 
     </span>
     <span class='ocr_line' id='line_1_34' title="bbox 55 2207 1102 2258; baseline -0.004 -10"><span class='ocrx_word' id='word_1_201' title='bbox 55 2210 208 2254; x_wconf 78' lang='lat' dir='ltr'>menaei,</span> <span class='ocrx_word' id='word_1_202' title='bbox 235 2209 273 2246; x_wconf 71' lang='grc' dir='ltr'>ἃ</span> <span class='ocrx_word' id='word_1_203' title='bbox 303 2209 445 2246; x_wconf 80' lang='lat' dir='ltr'>similia.</span> <span class='ocrx_word' id='word_1_204' title='bbox 473 2208 590 2258; x_wconf 89' lang='lat' dir='ltr'>potest</span> <span class='ocrx_word' id='word_1_205' title='bbox 618 2217 744 2246; x_wconf 89' lang='lat' dir='ltr'>tamen</span> <span class='ocrx_word' id='word_1_206' title='bbox 771 2208 809 2245; x_wconf 89' lang='lat'>&amp;</span> <span class='ocrx_word' id='word_1_207' title='bbox 829 2207 983 2245; x_wconf 87' lang='lat' dir='ltr'>alterum</span> <span class='ocrx_word' id='word_1_208' title='bbox 1004 2207 1102 2245; x_wconf 87' lang='lat' dir='ltr'>ferri.</span> 
     </span>
     <span class='ocr_line' id='line_1_35' title="bbox 55 2260 476 2308; baseline -0.01 -8"><span class='ocrx_word' id='word_1_209' title='bbox 55 2268 98 2300; x_wconf 87' lang='lat' dir='ltr'>ut</span> <span class='ocrx_word' id='word_1_210' title='bbox 117 2260 226 2299; x_wconf 88' lang='lat' dir='ltr'>Trist.</span> <span class='ocrx_word' id='word_1_211' title='bbox 249 2271 301 2298; x_wconf 88' lang='lat' dir='ltr'>1v.</span> <span class='ocrx_word' id='word_1_212' title='bbox 323 2260 427 2308; x_wconf 88' lang='lat' dir='ltr'>Eleg.</span> <span class='ocrx_word' id='word_1_213' title='bbox 447 2272 476 2297; x_wconf 87' lang='lat' dir='ltr'>r.</span> 
     </span>
    </p>
   </div>
   <div class='ocr_carea' id='block_1_11' title="bbox 107 2323 916 2373">
    <p class='ocr_par' dir='ltr' id='par_1_19' title="bbox 107 2323 916 2373">
     <span class='ocr_line' id='line_1_36' title="bbox 107 2323 916 2373; baseline -0.004 -8"><span class='ocrx_word' id='word_1_214' title='bbox 107 2332 198 2365; x_wconf 85' lang='lat' dir='ltr'>Cum</span> <span class='ocrx_word' id='word_1_215' title='bbox 217 2338 348 2363; x_wconf 82' lang='lat' dir='ltr'>mecum</span> <span class='ocrx_word' id='word_1_216' title='bbox 367 2325 482 2373; x_wconf 63' lang='lat' dir='ltr'>janai</span> <span class='ocrx_word' id='word_1_217' title='bbox 503 2324 660 2363; x_wconf 80' lang='lat' dir='ltr'>criminis</span> <span class='ocrx_word' id='word_1_218' title='bbox 678 2326 758 2362; x_wconf 67' lang='lat' dir='ltr'>aera</span> <span class='ocrx_word' id='word_1_219' title='bbox 777 2336 836 2362; x_wconf 90' lang='lat' dir='ltr'>rea</span> <span class='ocrx_word' id='word_1_220' title='bbox 860 2323 916 2371; x_wconf 76' lang='lat' dir='ltr'>est.</span> 
     </span>
    </p>
   </div>
   <div class='ocr_carea' id='block_1_12' title="bbox 55 2379 1101 2536">
    <p class='ocr_par' dir='ltr' id='par_1_20' title="bbox 55 2379 1101 2536">
     <span class='ocr_line' id='line_1_37' title="bbox 56 2379 1099 2434; baseline -0.002 -7"><span class='ocrx_word' id='word_1_221' title='bbox 56 2387 279 2428; x_wconf 70' lang='lat' dir='ltr'>dostiffimus</span> <span class='ocrx_word' id='word_1_222' title='bbox 301 2385 544 2434; x_wconf 82' lang='lat' dir='ltr'>Tanaquillus</span> <span class='ocrx_word' id='word_1_223' title='bbox 560 2379 679 2422; x_wconf 74' lang='lat' dir='ltr'>Faber‘</span> <span class='ocrx_word' id='word_1_224' title='bbox 694 2384 881 2434; x_wconf 82' lang='lat' dir='ltr'>Epist.111.</span> <span class='ocrx_word' id='word_1_225' title='bbox 901 2385 962 2424; x_wconf 92' lang='lat' dir='ltr'>lib.</span> <span class='ocrx_word' id='word_1_226' title='bbox 981 2398 1008 2423; x_wconf 95' lang='lat'>1.</span> <span class='ocrx_word' id='word_1_227' title='bbox 1023 2385 1099 2434; x_wconf 70' lang='grc' dir='ltr'>ᾔέῖἱ</span> 
     </span>
     <span class='ocr_line' id='line_1_38' title="bbox 55 2436 1098 2485; baseline 0 -9"><span class='ocrx_word' id='word_1_228' title='bbox 55 2438 183 2476; x_wconf 85' lang='lat' dir='ltr'>amoris</span> <span class='ocrx_word' id='word_1_229' title='bbox 204 2437 434 2485; x_wconf 85' lang='lat' dir='ltr'>conjiciebat.</span> <span class='ocrx_word' id='word_1_230' title='bbox 461 2436 507 2473; x_wconf 88' lang='lat' dir='ltr'>de</span> <span class='ocrx_word' id='word_1_231' title='bbox 531 2436 660 2472; x_wconf 85' lang='lat' dir='ltr'>Mimis</span> <span class='ocrx_word' id='word_1_232' title='bbox 679 2436 827 2482; x_wconf 78' lang='lat' dir='ltr'>copiose</span> <span class='ocrx_word' id='word_1_233' title='bbox 849 2437 1037 2475; x_wconf 82' lang='lat' dir='ltr'>Salmasius</span> <span class='ocrx_word' id='word_1_234' title='bbox 1053 2438 1098 2476; x_wconf 90' lang='lat' dir='ltr'>ad</span> 
     </span>
     <span class='ocr_line' id='line_1_39' title="bbox 57 2485 1101 2536; baseline -0.001 -9"><span class='ocrx_word' id='word_1_235' title='bbox 57 2489 224 2527; x_wconf 91' lang='lat' dir='ltr'>Solinum</span> <span class='ocrx_word' id='word_1_236' title='bbox 243 2498 322 2536; x_wconf 86' lang='lat' dir='ltr'>pag.</span> <span class='ocrx_word' id='word_1_237' title='bbox 348 2497 427 2534; x_wconf 89' lang='lat'>109.</span> <span class='ocrx_word' id='word_1_238' title='bbox 456 2485 603 2522; x_wconf 70' lang='lat' dir='ltr'>Heius.</span> <span class='ocrx_word' id='word_1_239' title='bbox 649 2485 736 2522; x_wconf 64' lang='lat' dir='ltr'>Pieli</span> <span class='ocrx_word' id='word_1_240' title='bbox 757 2486 871 2524; x_wconf 87' lang='lat' dir='ltr'>edidit</span> <span class='ocrx_word' id='word_1_241' title='bbox 900 2487 1041 2536; x_wconf 89' lang='lat' dir='ltr'>Gryph.</span> <span class='ocrx_word' id='word_1_242' title='bbox 1062 2490 1101 2527; x_wconf 72' lang='grc' dir='ltr'>δε</span> 
     </span>
    </p>
   </div>
   <div class='ocr_carea' id='block_1_13' title="bbox 0 2535 1100 2592">
    <p class='ocr_par' dir='ltr' id='par_1_21' title="bbox 0 2535 1100 2592">
     <span class='ocr_line' id='line_1_40' title="bbox 0 2535 1100 2592; baseline 0.001 -16"><span class='ocrx_word' id='word_1_243' title='bbox 0 2575 1 2592; x_wconf 23' lang='grc' dir='ltr'><strong>ἶ</strong></span> <span class='ocrx_word' id='word_1_244' title='bbox 58 2539 140 2582; x_wconf 83' lang='lat' dir='ltr'>alii,</span> <span class='ocrx_word' id='word_1_245' title='bbox 161 2538 281 2585; x_wconf 86' lang='lat' dir='ltr'>estque</span> <span class='ocrx_word' id='word_1_246' title='bbox 300 2539 336 2574; x_wconf 88' lang='lat' dir='ltr'>in</span> <span class='ocrx_word' id='word_1_247' title='bbox 349 2536 460 2574; x_wconf 85' lang='lat' dir='ltr'>tribus</span> <span class='ocrx_word' id='word_1_248' title='bbox 477 2535 624 2582; x_wconf 87' lang='lat' dir='ltr'>scriptis.</span> <span class='ocrx_word' id='word_1_249' title='bbox 645 2535 726 2579; x_wconf 88' lang='lat' dir='ltr'>alii,</span> <span class='ocrx_word' id='word_1_250' title='bbox 755 2536 1014 2583; x_wconf 53' lang='lat' dir='ltr'>vinfftiffliffl,</span> <span class='ocrx_word' id='word_1_251' title='bbox 1043 2539 1100 2577; x_wconf 84' lang='lat' dir='ltr'>vi-</span> 
     </span>
    </p>
   </div>
   <div class='ocr_carea' id='block_1_14' title="bbox 57 2585 847 2701">
    <p class='ocr_par' dir='ltr' id='par_1_22' title="bbox 57 2585 847 2701">
     <span class='ocr_line' id='line_1_41' title="bbox 57 2585 847 2636; baseline -0.004 -8"><span class='ocrx_word' id='word_1_252' title='bbox 57 2593 165 2628; x_wconf 69' lang='lat' dir='ltr'>flum.</span> <span class='ocrx_word' id='word_1_253' title='bbox 185 2587 262 2636; x_wconf 62' lang='lat' dir='ltr'>fieti</span> <span class='ocrx_word' id='word_1_254' title='bbox 283 2587 436 2625; x_wconf 59' lang='lat' dir='ltr'>rectum.</span> <span class='ocrx_word' id='word_1_255' title='bbox 467 2585 623 2623; x_wconf 84' lang='lat' dir='ltr'>Remed.</span> <span class='ocrx_word' id='word_1_256' title='bbox 650 2586 740 2624; x_wconf 84' lang='lat' dir='ltr'>Am.</span> <span class='ocrx_word' id='word_1_257' title='bbox 763 2598 847 2636; x_wconf 85' lang='lat'>755.</span> 
     </span>
     <span class='ocr_line' id='line_1_42' title="bbox 110 2648 824 2701; baseline -0.001 -11"><span class='ocrx_word' id='word_1_258' title='bbox 110 2652 188 2690; x_wconf 85' lang='lat' dir='ltr'>Illic</span> <span class='ocrx_word' id='word_1_259' title='bbox 205 2649 343 2701; x_wconf 77' lang='lat' dir='ltr'>adsidue</span> <span class='ocrx_word' id='word_1_260' title='bbox 357 2650 434 2699; x_wconf 60' lang='lat' dir='ltr'>ficli</span> <span class='ocrx_word' id='word_1_261' title='bbox 445 2648 631 2698; x_wconf 87' lang='lat' dir='ltr'>saltantur</span> <span class='ocrx_word' id='word_1_262' title='bbox 653 2662 824 2690; x_wconf 78' lang='lat' dir='ltr'>amantes.</span> 
     </span>
    </p>
   </div>
   <div class='ocr_carea' id='block_1_15' title="bbox 58 2713 1110 3275">
    <p class='ocr_par' dir='ltr' id='par_1_23' title="bbox 58 2713 1102 2909">
     <span class='ocr_line' id='line_1_43' title="bbox 58 2713 1102 2765; baseline 0.005 -13"><span class='ocrx_word' id='word_1_263' title='bbox 58 2713 122 2752; x_wconf 85' lang='lat' dir='ltr'>ubi</span> <span class='ocrx_word' id='word_1_264' title='bbox 145 2715 201 2752; x_wconf 86' lang='lat' dir='ltr'>alii</span> <span class='ocrx_word' id='word_1_265' title='bbox 222 2714 388 2757; x_wconf 83' lang='lat' dir='ltr'>codices,</span> <span class='ocrx_word' id='word_1_266' title='bbox 417 2726 558 2751; x_wconf 84' lang='lat' dir='ltr'>amores.</span> <span class='ocrx_word' id='word_1_267' title='bbox 582 2715 721 2752; x_wconf 80' lang='lat' dir='ltr'>Minue.</span> <span class='ocrx_word' id='word_1_268' title='bbox 744 2715 819 2753; x_wconf 85' lang='lat' dir='ltr'>Fel.</span> <span class='ocrx_word' id='word_1_269' title='bbox 839 2728 916 2765; x_wconf 88' lang='lat' dir='ltr'>cap.</span> <span class='ocrx_word' id='word_1_270' title='bbox 934 2729 1102 2757; x_wconf 81' lang='lat' dir='ltr'>xxxvm.</span> 
     </span>
     <span class='ocr_line' id='line_1_44' title="bbox 63 2764 1102 2815; baseline 0.005 -13"><span class='ocrx_word' id='word_1_271' title='bbox 63 2769 168 2802; x_wconf 81' lang='lat' dir='ltr'>Nunc</span> <span class='ocrx_word' id='word_1_272' title='bbox 178 2766 269 2802; x_wconf 83' lang='lat' dir='ltr'>enim</span> <span class='ocrx_word' id='word_1_273' title='bbox 283 2765 409 2801; x_wconf 83' lang='lat' dir='ltr'>mimus</span> <span class='ocrx_word' id='word_1_274' title='bbox 429 2764 486 2800; x_wconf 83' lang='lat' dir='ltr'>vel</span> <span class='ocrx_word' id='word_1_275' title='bbox 503 2765 637 2813; x_wconf 79' lang='lat' dir='ltr'>exponit</span> <span class='ocrx_word' id='word_1_276' title='bbox 657 2766 831 2803; x_wconf 83' lang='lat' dir='ltr'>adulteria</span> <span class='ocrx_word' id='word_1_277' title='bbox 853 2769 910 2805; x_wconf 85' lang='lat' dir='ltr'>vel</span> <span class='ocrx_word' id='word_1_278' title='bbox 921 2770 1102 2815; x_wconf 79' lang='lat' dir='ltr'>monstrat,</span> 
     </span>
     <span class='ocr_line' id='line_1_45' title="bbox 65 2815 1102 2870; baseline 0.007 -19"><span class='ocrx_word' id='word_1_279' title='bbox 65 2827 154 2851; x_wconf 84' lang='lat' dir='ltr'>nunc</span> <span class='ocrx_word' id='word_1_280' title='bbox 173 2828 304 2852; x_wconf 75' lang='lat' dir='ltr'>enervn</span> <span class='ocrx_word' id='word_1_281' title='bbox 335 2815 449 2862; x_wconf 76' lang='lat' dir='ltr'>htstrio</span> <span class='ocrx_word' id='word_1_282' title='bbox 480 2828 634 2852; x_wconf 87' lang='lat' dir='ltr'>amorem</span> <span class='ocrx_word' id='word_1_283' title='bbox 655 2845 666 2863; x_wconf 91' lang='lat'>‚</span> <span class='ocrx_word' id='word_1_284' title='bbox 702 2817 786 2854; x_wconf 85' lang='lat' dir='ltr'>dum</span> <span class='ocrx_word' id='word_1_285' title='bbox 810 2817 936 2868; x_wconf 82' lang='lat' dir='ltr'>fingit,</span> <span class='ocrx_word' id='word_1_286' title='bbox 964 2820 1102 2870; x_wconf 77' lang='lat' dir='ltr'>infligit.</span> 
     </span>
     <span class='ocr_line' id='line_1_46' title="bbox 63 2864 1033 2909; baseline 0.002 -7"><span class='ocrx_word' id='word_1_287' title='bbox 63 2864 124 2903; x_wconf 89' lang='lat' dir='ltr'>ubi</span> <span class='ocrx_word' id='word_1_288' title='bbox 144 2866 215 2904; x_wconf 85' lang='lat' dir='ltr'>vid.</span> <span class='ocrx_word' id='word_1_289' title='bbox 232 2865 400 2903; x_wconf 83' lang='lat' dir='ltr'>Elmenh.</span> <span class='ocrx_word' id='word_1_290' title='bbox 432 2865 560 2903; x_wconf 60' lang='lat' dir='ltr'>ssuam.</span> <span class='ocrx_word' id='word_1_291' title='bbox 1031 2906 1033 2909; x_wconf 70' lang='grc'><em>,</em></span> 
     </span>
    </p>

    <p class='ocr_par' dir='ltr' id='par_1_24' title="bbox 67 2916 1107 3118">
     <span class='ocr_line' id='line_1_47' title="bbox 116 2916 1107 2969; baseline 0.007 -18"><span class='ocrx_word' id='word_1_292' title='bbox 116 2928 199 2964; x_wconf 73' lang='grc'>499.</span> <span class='ocrx_word' id='word_1_293' title='bbox 226 2916 351 2954; x_wconf 81' lang='lat' dir='ltr'>Cultus</span> <span class='ocrx_word' id='word_1_294' title='bbox 370 2916 706 2969; x_wconf 73' lang='lat' dir='ltr'>procedzcadulter.]</span> <span class='ocrx_word' id='word_1_295' title='bbox 736 2918 863 2968; x_wconf 84' lang='lat' dir='ltr'>Lege,</span> <span class='ocrx_word' id='word_1_296' title='bbox 892 2921 1107 2964; x_wconf 80' lang='lat' dir='ltr'>cautus;vel</span> 
     </span>
     <span class='ocr_line' id='line_1_48' title="bbox 67 2966 1106 3018; baseline 0.005 -15"><span class='ocrx_word' id='word_1_297' title='bbox 67 2967 196 3003; x_wconf 81' lang='lat' dir='ltr'>multus</span> <span class='ocrx_word' id='word_1_298' title='bbox 218 2966 368 3004; x_wconf 79' lang='lat' dir='ltr'>adulter.</span> <span class='ocrx_word' id='word_1_299' title='bbox 390 2968 555 3017; x_wconf 58' lang='lat' dir='ltr'>sequenti</span> <span class='ocrx_word' id='word_1_300' title='bbox 577 2970 687 3006; x_wconf 86' lang='lat' dir='ltr'>etiam</span> <span class='ocrx_word' id='word_1_301' title='bbox 715 2971 817 3007; x_wconf 84' lang='lat' dir='ltr'>versu</span> <span class='ocrx_word' id='word_1_302' title='bbox 840 2983 905 3018; x_wconf 87' lang='lat' dir='ltr'>pro</span> <span class='ocrx_word' id='word_1_303' title='bbox 923 2971 1029 3017; x_wconf 81' lang='lat' dir='ltr'>stulto</span> <span class='ocrx_word' id='word_1_304' title='bbox 1050 2972 1106 3008; x_wconf 84' lang='lat' dir='ltr'>vi-</span> 
     </span>
     <span class='ocr_line' id='line_1_49' title="bbox 67 3017 1107 3066; baseline 0.007 -14"><span class='ocrx_word' id='word_1_305' title='bbox 67 3028 102 3053; x_wconf 86' lang='lat' dir='ltr'>ro</span> <span class='ocrx_word' id='word_1_306' title='bbox 115 3017 235 3055; x_wconf 76' lang='lat' dir='ltr'>malim</span> <span class='ocrx_word' id='word_1_307' title='bbox 252 3046 262 3062; x_wconf 88' lang='lat'>‚</span> <span class='ocrx_word' id='word_1_308' title='bbox 289 3017 369 3062; x_wconf 76' lang='lat' dir='ltr'>lufo.</span> <span class='ocrx_word' id='word_1_309' title='bbox 383 3021 619 3066; x_wconf 55' lang='lat' dir='ltr'>quotitamen</span> <span class='ocrx_word' id='word_1_310' title='bbox 634 3020 765 3057; x_wconf 76' lang='lat' dir='ltr'>timide</span> <span class='ocrx_word' id='word_1_311' title='bbox 779 3020 935 3061; x_wconf 86' lang='lat' dir='ltr'>affirmo.</span> <span class='ocrx_word' id='word_1_312' title='bbox 962 3023 1107 3060; x_wconf 58' lang='lat' dir='ltr'>Hiems.</span> 
     </span>
     <span class='ocr_line' id='line_1_50' title="bbox 70 3067 742 3118; baseline 0.007 -15"><span class='ocrx_word' id='word_1_313' title='bbox 70 3067 179 3104; x_wconf 78' lang='lat' dir='ltr'>stulto</span> <span class='ocrx_word' id='word_1_314' title='bbox 195 3069 347 3118; x_wconf 79' lang='lat' dir='ltr'>qualibet</span> <span class='ocrx_word' id='word_1_315' title='bbox 365 3080 441 3105; x_wconf 80' lang='lat' dir='ltr'>arte</span> <span class='ocrx_word' id='word_1_316' title='bbox 460 3071 537 3106; x_wconf 80' lang='lat' dir='ltr'>viro</span> <span class='ocrx_word' id='word_1_317' title='bbox 557 3071 631 3107; x_wconf 83' lang='lat' dir='ltr'>duo</span> <span class='ocrx_word' id='word_1_318' title='bbox 651 3070 742 3108; x_wconf 80' lang='lat' dir='ltr'>libri.</span> 
     </span>
    </p>

    <p class='ocr_par' dir='ltr' id='par_1_25' title="bbox 70 3120 1110 3275">
     <span class='ocr_line' id='line_1_51' title="bbox 121 3120 1109 3173; baseline 0.007 -18"><span class='ocrx_word' id='word_1_319' title='bbox 121 3130 204 3165; x_wconf 82' lang='lat'><em>50¹.</em></span> <span class='ocrx_word' id='word_1_320' title='bbox 227 3120 364 3156; x_wconf 77' lang='lat' dir='ltr'>Nubilis</span> <span class='ocrx_word' id='word_1_321' title='bbox 385 3120 466 3157; x_wconf 78' lang='lat' dir='ltr'>haec</span> <span class='ocrx_word' id='word_1_322' title='bbox 488 3121 623 3171; x_wconf 54' lang='lat' dir='ltr'>virga]</span> <span class='ocrx_word' id='word_1_323' title='bbox 677 3129 744 3159; x_wconf 85' lang='lat' dir='ltr'>Hos</span> <span class='ocrx_word' id='word_1_324' title='bbox 764 3134 808 3160; x_wconf 88' lang='lat' dir='ltr'>ex</span> <span class='ocrx_word' id='word_1_325' title='bbox 830 3123 941 3161; x_wconf 85' lang='lat' dir='ltr'>tribus</span> <span class='ocrx_word' id='word_1_326' title='bbox 962 3124 1109 3173; x_wconf 78' lang='lat' dir='ltr'>scriptis.</span> 
     </span>
     <span class='ocr_line' id='line_1_52' title="bbox 70 3164 1110 3224; baseline 0.008 -20"><span class='ocrx_word' id='word_1_327' title='bbox 70 3164 144 3224; x_wconf 69' lang='lat' dir='ltr'>hoe</span> <span class='ocrx_word' id='word_1_328' title='bbox 165 3168 212 3206; x_wconf 89' lang='lat' dir='ltr'>est</span> <span class='ocrx_word' id='word_1_329' title='bbox 230 3171 375 3208; x_wconf 81' lang='lat' dir='ltr'>mimos.</span> <span class='ocrx_word' id='word_1_330' title='bbox 405 3174 439 3209; x_wconf 83' lang='lat'>&amp;</span> <span class='ocrx_word' id='word_1_331' title='bbox 475 3184 564 3210; x_wconf 87' lang='lat' dir='ltr'>mox</span> <span class='ocrx_word' id='word_1_332' title='bbox 590 3201 600 3217; x_wconf 94' lang='lat'><strong>,</strong></span> <span class='ocrx_word' id='word_1_333' title='bbox 638 3174 654 3208; x_wconf 62' lang='lat' dir='ltr'>xe</span> <span class='ocrx_word' id='word_1_334' title='bbox 685 3186 813 3222; x_wconf 79' lang='lat' dir='ltr'>magna</span> <span class='ocrx_word' id='word_1_335' title='bbox 837 3184 953 3222; x_wconf 85' lang='lat' dir='ltr'>parte,</span> <span class='ocrx_word' id='word_1_336' title='bbox 983 3187 1048 3222; x_wconf 83' lang='lat' dir='ltr'>pro</span> <span class='ocrx_word' id='word_1_337' title='bbox 1069 3189 1110 3211; x_wconf 81' lang='lat' dir='ltr'>ex</span> 
     </span>
     <span class='ocr_line' id='line_1_53' title="bbox 70 3217 1107 3275; baseline 0.009 -21"><span class='ocrx_word' id='word_1_338' title='bbox 70 3217 236 3256; x_wconf 81' lang='lat' dir='ltr'>totidem.</span> <span class='ocrx_word' id='word_1_339' title='bbox 249 3220 390 3259; x_wconf 66' lang='lat' dir='ltr'>iiffls.</span> <span class='ocrx_word' id='word_1_340' title='bbox 421 3229 487 3260; x_wconf 82' lang='lat' dir='ltr'>Hos</span> <span class='ocrx_word' id='word_1_341' title='bbox 506 3227 616 3262; x_wconf 74' lang='lat' dir='ltr'>etiarn</span> <span class='ocrx_word' id='word_1_342' title='bbox 631 3223 801 3261; x_wconf 66' lang='lat' dir='ltr'>Bernhic</span> <span class='ocrx_word' id='word_1_343' title='bbox 815 3226 953 3275; x_wconf 86' lang='lat' dir='ltr'>Micyll.</span> <span class='ocrx_word' id='word_1_344' title='bbox 968 3227 1107 3275; x_wconf 68' lang='lat' dir='ltr'>Grypli</span> 
     </span>
    </p>
   </div>
   <div class='ocr_carea' id='block_1_16' title="bbox 2117 1046 2195 1102">
    <p class='ocr_par' dir='ltr' id='par_1_26' title="bbox 2117 1046 2195 1102">
     <span class='ocr_line' id='line_1_54' title="bbox 2117 1046 2195 1102; baseline 0.013 -1"><span class='ocrx_word' id='word_1_345' title='bbox 2117 1046 2195 1102; x_wconf 89' lang='lat' dir='ltr'>In-</span> 
     </span>
    </p>
   </div>
   <div class='ocr_carea' id='block_1_17' title="bbox 1152 1177 2198 1331">
    <p class='ocr_par' dir='ltr' id='par_1_27' title="bbox 1152 1177 2198 1331">
     <span class='ocr_line' id='line_1_55' title="bbox 1203 1177 2198 1232; baseline 0.001 -12"><span class='ocrx_word' id='word_1_346' title='bbox 1203 1191 1288 1230; x_wconf 81' lang='lat'>504.</span> <span class='ocrx_word' id='word_1_347' title='bbox 1314 1177 1533 1228; x_wconf 71' lang='lat' dir='ltr'>Adsuefi’unt</span> <span class='ocrx_word' id='word_1_348' title='bbox 1554 1181 1679 1232; x_wconf 56' lang='grc' dir='ltr'>καὶὴ]</span> <span class='ocrx_word' id='word_1_349' title='bbox 1721 1181 1838 1219; x_wconf 83' lang='lat' dir='ltr'>Oculis</span> <span class='ocrx_word' id='word_1_350' title='bbox 1855 1189 2008 1232; x_wconf 87' lang='lat' dir='ltr'>uterque</span> <span class='ocrx_word' id='word_1_351' title='bbox 2029 1182 2135 1221; x_wconf 86' lang='lat' dir='ltr'>Polit.</span> <span class='ocrx_word' id='word_1_352' title='bbox 2159 1184 2198 1222; x_wconf 70' lang='grc' dir='ltr'>δε</span> 
     </span>
     <span class='ocr_line' id='line_1_56' title="bbox 1152 1231 2198 1286; baseline 0 -13"><span class='ocrx_word' id='word_1_353' title='bbox 1152 1241 1312 1286; x_wconf 87' lang='lat' dir='ltr'>quatuor</span> <span class='ocrx_word' id='word_1_354' title='bbox 1329 1231 1400 1270; x_wconf 89' lang='lat' dir='ltr'>alii.</span> <span class='ocrx_word' id='word_1_355' title='bbox 1420 1232 1592 1272; x_wconf 82' lang='lat' dir='ltr'>Heinsius</span> <span class='ocrx_word' id='word_1_356' title='bbox 1613 1233 1784 1280; x_wconf 86' lang='lat' dir='ltr'>volebat,</span> <span class='ocrx_word' id='word_1_357' title='bbox 1813 1233 1931 1274; x_wconf 81' lang='lat' dir='ltr'>oculos.</span> <span class='ocrx_word' id='word_1_358' title='bbox 1948 1233 2031 1272; x_wconf 87' lang='lat' dir='ltr'>infr.</span> <span class='ocrx_word' id='word_1_359' title='bbox 2052 1234 2112 1272; x_wconf 88' lang='lat' dir='ltr'>lib.</span> <span class='ocrx_word' id='word_1_360' title='bbox 2133 1246 2198 1273; x_wconf 72' lang='grc' dir='ltr'>ιιι.</span> 
     </span>
     <span class='ocr_line' id='line_1_57' title="bbox 1154 1295 1278 1331; baseline -0.032 -5"><span class='ocrx_word' id='word_1_361' title='bbox 1154 1300 1219 1326; x_wconf 87' lang='lat'>111.</span> <span class='ocrx_word' id='word_1_362' title='bbox 1244 1295 1278 1331; x_wconf 89' lang='lat'>7.</span> 
     </span>
    </p>
   </div>
   <div class='ocr_carea' id='block_1_18' title="bbox 1207 1353 1741 1404">
    <p class='ocr_par' dir='ltr' id='par_1_28' title="bbox 1207 1353 1741 1404">
     <span class='ocr_line' id='line_1_58' title="bbox 1207 1353 1741 1404; baseline 0.007 -15"><span class='ocrx_word' id='word_1_363' title='bbox 1207 1358 1280 1390; x_wconf 82' lang='lat' dir='ltr'>Nec</span> <span class='ocrx_word' id='word_1_364' title='bbox 1298 1353 1398 1403; x_wconf 80' lang='lat' dir='ltr'>aquis</span> <span class='ocrx_word' id='word_1_365' title='bbox 1416 1353 1642 1404; x_wconf 76' lang='lat' dir='ltr'>adsuevimus</span> <span class='ocrx_word' id='word_1_366' title='bbox 1661 1354 1741 1401; x_wconf 81' lang='lat' dir='ltr'>islis.</span> 
     </span>
    </p>
   </div>
   <div class='ocr_carea' id='block_1_19' title="bbox 1153 1418 2206 2024">
    <p class='ocr_par' dir='ltr' id='par_1_29' title="bbox 1155 1418 2159 1470">
     <span class='ocr_line' id='line_1_59' title="bbox 1155 1418 2159 1470; baseline 0.002 -13"><span class='ocrx_word' id='word_1_367' title='bbox 1155 1418 1216 1458; x_wconf 90' lang='lat' dir='ltr'>ubi</span> <span class='ocrx_word' id='word_1_368' title='bbox 1235 1419 1273 1458; x_wconf 67' lang='grc' dir='ltr'>ὃ(</span> <span class='ocrx_word' id='word_1_369' title='bbox 1294 1432 1404 1469; x_wconf 83' lang='lat' dir='ltr'>aquas</span> <span class='ocrx_word' id='word_1_370' title='bbox 1426 1420 1498 1458; x_wconf 86' lang='lat' dir='ltr'>alii.</span> <span class='ocrx_word' id='word_1_371' title='bbox 1524 1420 1609 1459; x_wconf 83' lang='lat' dir='ltr'>vide</span> <span class='ocrx_word' id='word_1_372' title='bbox 1629 1431 1723 1470; x_wconf 89' lang='lat' dir='ltr'>quae</span> <span class='ocrx_word' id='word_1_373' title='bbox 1744 1420 1793 1460; x_wconf 87' lang='lat' dir='ltr'>ibi</span> <span class='ocrx_word' id='word_1_374' title='bbox 1814 1428 1999 1459; x_wconf 81' lang='lat' dir='ltr'>notamus.</span> <span class='ocrx_word' id='word_1_375' title='bbox 2025 1419 2159 1459; x_wconf 61' lang='lat' dir='ltr'>Boura.⁴</span> 
     </span>
    </p>

    <p class='ocr_par' dir='ltr' id='par_1_30' title="bbox 1153 1471 2206 2024">
     <span class='ocr_line' id='line_1_60' title="bbox 1206 1471 2201 1521; baseline 0 -12"><span class='ocrx_word' id='word_1_376' title='bbox 1206 1482 1295 1519; x_wconf 79' lang='lat'>507.</span> <span class='ocrx_word' id='word_1_377' title='bbox 1323 1472 1492 1520; x_wconf 67' lang='lat' dir='ltr'>Qodque</span> <span class='ocrx_word' id='word_1_378' title='bbox 1515 1472 1632 1509; x_wconf 83' lang='lat' dir='ltr'>minus</span> <span class='ocrx_word' id='word_1_379' title='bbox 1645 1471 1774 1521; x_wconf 79' lang='lat' dir='ltr'>prodest</span> <span class='ocrx_word' id='word_1_380' title='bbox 1795 1482 1896 1521; x_wconf 78' lang='lat' dir='ltr'>poena</span> <span class='ocrx_word' id='word_1_381' title='bbox 1913 1473 1954 1519; x_wconf 87' lang='lat' dir='ltr'>est</span> <span class='ocrx_word' id='word_1_382' title='bbox 1977 1472 2105 1520; x_wconf 83' lang='lat' dir='ltr'>lucrosa</span> <span class='ocrx_word' id='word_1_383' title='bbox 2123 1473 2201 1520; x_wconf 56' lang='lat' dir='ltr'>poe*-</span> 
     </span>
     <span class='ocr_line' id='line_1_61' title="bbox 1153 1521 2200 1572; baseline 0.002 -13"><span class='ocrx_word' id='word_1_384' title='bbox 1153 1521 1246 1571; x_wconf 83' lang='lat' dir='ltr'>tae.]</span> <span class='ocrx_word' id='word_1_385' title='bbox 1284 1521 1327 1560; x_wconf 89' lang='lat' dir='ltr'>In</span> <span class='ocrx_word' id='word_1_386' title='bbox 1349 1522 1557 1567; x_wconf 84' lang='lat' dir='ltr'>nonnullis,</span> <span class='ocrx_word' id='word_1_387' title='bbox 1586 1525 1733 1572; x_wconf 53' lang='lat' dir='ltr'>§Quoque</span> <span class='ocrx_word' id='word_1_388' title='bbox 1753 1525 1868 1560; x_wconf 84' lang='lat' dir='ltr'>minus</span> <span class='ocrx_word' id='word_1_389' title='bbox 1886 1521 2028 1572; x_wconf 79' lang='lat' dir='ltr'>prodest.</span> <span class='ocrx_word' id='word_1_390' title='bbox 2063 1524 2200 1561; x_wconf 77' lang='lat' dir='ltr'>NAUG.</span> 
     </span>
     <span class='ocr_line' id='line_1_62' title="bbox 1154 1573 2201 1623; baseline -0.002 -12"><span class='ocrx_word' id='word_1_391' title='bbox 1154 1573 1264 1611; x_wconf 86' lang='lat' dir='ltr'>Forte</span> <span class='ocrx_word' id='word_1_392' title='bbox 1278 1600 1288 1616; x_wconf 92' lang='lat'><strong>,</strong></span> <span class='ocrx_word' id='word_1_393' title='bbox 1319 1575 1465 1623; x_wconf 74' lang='lat' dir='ltr'>Qoque</span> <span class='ocrx_word' id='word_1_394' title='bbox 1483 1573 1600 1611; x_wconf 83' lang='lat' dir='ltr'>minus</span> <span class='ocrx_word' id='word_1_395' title='bbox 1617 1573 1767 1623; x_wconf 79' lang='lat' dir='ltr'>prodest,</span> <span class='ocrx_word' id='word_1_396' title='bbox 1793 1583 1894 1623; x_wconf 81' lang='lat' dir='ltr'>paene</span> <span class='ocrx_word' id='word_1_397' title='bbox 1912 1574 1954 1619; x_wconf 80' lang='lat' dir='ltr'>est</span> <span class='ocrx_word' id='word_1_398' title='bbox 1973 1573 2102 1620; x_wconf 83' lang='lat' dir='ltr'>lucrosa</span> <span class='ocrx_word' id='word_1_399' title='bbox 2120 1576 2201 1622; x_wconf 78' lang='lat' dir='ltr'>poe&#39;-</span> 
     </span>
     <span class='ocr_line' id='line_1_63' title="bbox 1154 1624 2201 1674; baseline 0 -13"><span class='ocrx_word' id='word_1_400' title='bbox 1154 1634 1222 1661; x_wconf 80' lang='lat' dir='ltr'>tae.</span> <span class='ocrx_word' id='word_1_401' title='bbox 1249 1624 1305 1661; x_wconf 89' lang='lat' dir='ltr'>Ut</span> <span class='ocrx_word' id='word_1_402' title='bbox 1322 1624 1396 1661; x_wconf 90' lang='lat' dir='ltr'>hoc</span> <span class='ocrx_word' id='word_1_403' title='bbox 1417 1624 1537 1669; x_wconf 86' lang='lat' dir='ltr'>dicat,</span> <span class='ocrx_word' id='word_1_404' title='bbox 1564 1624 1784 1662; x_wconf 85' lang='lat' dir='ltr'>Foeminam</span> <span class='ocrx_word' id='word_1_405' title='bbox 1800 1636 1877 1674; x_wconf 87' lang='lat' dir='ltr'>quo</span> <span class='ocrx_word' id='word_1_406' title='bbox 1899 1624 2013 1672; x_wconf 75' lang='lat' dir='ltr'>magis</span> <span class='ocrx_word' id='word_1_407' title='bbox 2025 1624 2201 1661; x_wconf 80' lang='lat' dir='ltr'>maritum</span> 
     </span>
     <span class='ocr_line' id='line_1_64' title="bbox 1153 1672 2202 1723; baseline -0.001 -11"><span class='ocrx_word' id='word_1_408' title='bbox 1153 1675 1190 1712; x_wconf 90' lang='lat' dir='ltr'>in</span> <span class='ocrx_word' id='word_1_409' title='bbox 1212 1674 1332 1712; x_wconf 83' lang='lat' dir='ltr'>fabula</span> <span class='ocrx_word' id='word_1_410' title='bbox 1351 1674 1442 1712; x_wconf 86' lang='lat' dir='ltr'>fallit</span> <span class='ocrx_word' id='word_1_411' title='bbox 1457 1703 1468 1720; x_wconf 90' lang='lat'><strong>,</strong></span> <span class='ocrx_word' id='word_1_412' title='bbox 1496 1687 1544 1714; x_wconf 91' lang='lat' dir='ltr'>eo</span> <span class='ocrx_word' id='word_1_413' title='bbox 1563 1687 1680 1723; x_wconf 83' lang='lat' dir='ltr'>paene</span> <span class='ocrx_word' id='word_1_414' title='bbox 1693 1676 1805 1723; x_wconf 83' lang='lat' dir='ltr'>magis</span> <span class='ocrx_word' id='word_1_415' title='bbox 1824 1675 2000 1712; x_wconf 82' lang='lat' dir='ltr'>lucrosam</span> <span class='ocrx_word' id='word_1_416' title='bbox 2021 1672 2092 1711; x_wconf 82' lang='lat' dir='ltr'>effe</span> <span class='ocrx_word' id='word_1_417' title='bbox 2103 1674 2202 1712; x_wconf 79' lang='lat' dir='ltr'>Poe-</span> 
     </span>
     <span class='ocr_line' id='line_1_65' title="bbox 1153 1724 2203 1774; baseline -0.001 -11"><span class='ocrx_word' id='word_1_418' title='bbox 1153 1733 1224 1763; x_wconf 90' lang='lat' dir='ltr'>tae.</span> <span class='ocrx_word' id='word_1_419' title='bbox 1253 1725 1372 1772; x_wconf 89' lang='lat' dir='ltr'>Quod</span> <span class='ocrx_word' id='word_1_420' title='bbox 1393 1726 1577 1774; x_wconf 86' lang='lat' dir='ltr'>ejusmodi</span> <span class='ocrx_word' id='word_1_421' title='bbox 1598 1727 1708 1763; x_wconf 85' lang='lat' dir='ltr'>Mimi</span> <span class='ocrx_word' id='word_1_422' title='bbox 1722 1753 1733 1770; x_wconf 91' lang='lat'><strong>,</strong></span> <span class='ocrx_word' id='word_1_423' title='bbox 1753 1727 1789 1762; x_wconf 90' lang='lat' dir='ltr'>in</span> <span class='ocrx_word' id='word_1_424' title='bbox 1813 1726 1942 1773; x_wconf 86' lang='lat' dir='ltr'>quibus</span> <span class='ocrx_word' id='word_1_425' title='bbox 1960 1724 2103 1772; x_wconf 87' lang='lat' dir='ltr'>publice</span> <span class='ocrx_word' id='word_1_426' title='bbox 2122 1725 2203 1762; x_wconf 84' lang='lat' dir='ltr'>exi-</span> 
     </span>
     <span class='ocr_line' id='line_1_66' title="bbox 1153 1774 2203 1825; baseline -0.003 -11"><span class='ocrx_word' id='word_1_427' title='bbox 1153 1775 1244 1814; x_wconf 88' lang='lat' dir='ltr'>tiosa</span> <span class='ocrx_word' id='word_1_428' title='bbox 1269 1775 1508 1814; x_wconf 87' lang='lat' dir='ltr'>scriberentur</span> <span class='ocrx_word' id='word_1_429' title='bbox 1531 1804 1542 1822; x_wconf 90' lang='lat'>,</span> <span class='ocrx_word' id='word_1_430' title='bbox 1577 1787 1714 1825; x_wconf 82' lang='lat' dir='ltr'>magno</span> <span class='ocrx_word' id='word_1_431' title='bbox 1745 1774 1766 1813; x_wconf 70' lang='lat' dir='ltr'>a</span> <span class='ocrx_word' id='word_1_432' title='bbox 1796 1776 1912 1824; x_wconf 82' lang='lat' dir='ltr'>Po’e&#39;ta</span> <span class='ocrx_word' id='word_1_433' title='bbox 1931 1774 2203 1819; x_wconf 86' lang='lat' dir='ltr'>venderentur,</span> 
     </span>
     <span class='ocr_line' id='line_1_67' title="bbox 1155 1824 2203 1876; baseline -0.003 -11"><span class='ocrx_word' id='word_1_434' title='bbox 1155 1838 1294 1876; x_wconf 85' lang='lat' dir='ltr'>magno</span> <span class='ocrx_word' id='word_1_435' title='bbox 1314 1824 1335 1863; x_wconf 75' lang='lat' dir='ltr'>a</span> <span class='ocrx_word' id='word_1_436' title='bbox 1359 1826 1530 1865; x_wconf 84' lang='lat' dir='ltr'>Praetore</span> <span class='ocrx_word' id='word_1_437' title='bbox 1553 1855 1564 1872; x_wconf 95' lang='lat'><strong>,</strong></span> <span class='ocrx_word' id='word_1_438' title='bbox 1599 1836 1639 1865; x_wconf 87' lang='lat' dir='ltr'>ut</span> <span class='ocrx_word' id='word_1_439' title='bbox 1666 1827 1758 1876; x_wconf 82' lang='lat' dir='ltr'>grati</span> <span class='ocrx_word' id='word_1_440' title='bbox 1779 1826 1919 1875; x_wconf 88' lang='lat' dir='ltr'>populo</span> <span class='ocrx_word' id='word_1_441' title='bbox 1941 1853 1952 1870; x_wconf 94' lang='lat'><strong>,</strong></span> <span class='ocrx_word' id='word_1_442' title='bbox 1980 1833 2203 1862; x_wconf 84' lang='lat' dir='ltr'>emerentur.</span> 
     </span>
     <span class='ocr_line' id='line_1_68' title="bbox 1153 1875 2206 1927; baseline -0.004 -12"><span class='ocrx_word' id='word_1_443' title='bbox 1153 1877 1260 1916; x_wconf 76' lang='lat' dir='ltr'>DAN.</span> <span class='ocrx_word' id='word_1_444' title='bbox 1287 1877 1434 1916; x_wconf 67' lang='lat' dir='ltr'>Herus.</span> <span class='ocrx_word' id='word_1_445' title='bbox 1476 1880 1800 1927; x_wconf 70' lang='lat' dir='ltr'>Qoquequatuor.</span> <span class='ocrx_word' id='word_1_446' title='bbox 1823 1878 1922 1920; x_wconf 86' lang='lat' dir='ltr'>duo,</span> <span class='ocrx_word' id='word_1_447' title='bbox 1950 1888 2112 1927; x_wconf 80' lang='lat' dir='ltr'>quaeque.</span> <span class='ocrx_word' id='word_1_448' title='bbox 2129 1875 2206 1924; x_wconf 86' lang='lat' dir='ltr'>ple-</span> 
     </span>
     <span class='ocr_line' id='line_1_69' title="bbox 1156 1927 2204 1978; baseline -0.003 -11"><span class='ocrx_word' id='word_1_449' title='bbox 1156 1942 1198 1967; x_wconf 82' lang='lat' dir='ltr'>no</span> <span class='ocrx_word' id='word_1_450' title='bbox 1219 1927 1328 1967; x_wconf 88' lang='lat' dir='ltr'>etiam</span> <span class='ocrx_word' id='word_1_451' title='bbox 1354 1940 1420 1978; x_wconf 90' lang='lat' dir='ltr'>pro</span> <span class='ocrx_word' id='word_1_452' title='bbox 1449 1938 1555 1977; x_wconf 84' lang='lat' dir='ltr'>poena</span> <span class='ocrx_word' id='word_1_453' title='bbox 1586 1930 1762 1976; x_wconf 83' lang='lat' dir='ltr'>Junianus</span> <span class='ocrx_word' id='word_1_454' title='bbox 1782 1955 1794 1974; x_wconf 88' lang='lat'>‚</span> <span class='ocrx_word' id='word_1_455' title='bbox 1829 1928 1867 1966; x_wconf 86' lang='lat'>&amp;</span> <span class='ocrx_word' id='word_1_456' title='bbox 1887 1938 1954 1976; x_wconf 84' lang='lat' dir='ltr'>pro</span> <span class='ocrx_word' id='word_1_457' title='bbox 1975 1927 2092 1965; x_wconf 79' lang='lat' dir='ltr'>minus</span> <span class='ocrx_word' id='word_1_458' title='bbox 2110 1937 2204 1965; x_wconf 88' lang='lat' dir='ltr'>unus</span> 
     </span>
     <span class='ocr_line' id='line_1_70' title="bbox 1155 1979 1684 2024; baseline -0.002 -6"><span class='ocrx_word' id='word_1_459' title='bbox 1155 1979 1351 2019; x_wconf 87' lang='lat' dir='ltr'>Mediceus</span> <span class='ocrx_word' id='word_1_460' title='bbox 1367 2007 1378 2024; x_wconf 94' lang='lat'><strong><em>,</em></strong></span> <span class='ocrx_word' id='word_1_461' title='bbox 1404 1980 1534 2017; x_wconf 80' lang='lat' dir='ltr'>mimis.</span> <span class='ocrx_word' id='word_1_462' title='bbox 1551 1980 1684 2018; x_wconf 83' lang='lat' dir='ltr'>scribe:</span> 
     </span>
    </p>
   </div>
   <div class='ocr_carea' id='block_1_20' title="bbox 1155 2043 2181 2224">
    <p class='ocr_par' dir='ltr' id='par_1_31' title="bbox 1155 2043 2181 2224">
     <span class='ocr_line' id='line_1_71' title="bbox 1206 2043 2094 2096; baseline -0.005 -12"><span class='ocrx_word' id='word_1_463' title='bbox 1206 2048 1309 2095; x_wconf 69' lang='lat' dir='ltr'>Qae</span> <span class='ocrx_word' id='word_1_464' title='bbox 1330 2045 1451 2084; x_wconf 85' lang='lat' dir='ltr'>mimis</span> <span class='ocrx_word' id='word_1_465' title='bbox 1461 2045 1591 2096; x_wconf 85' lang='lat' dir='ltr'>prodest</span> <span class='ocrx_word' id='word_1_466' title='bbox 1603 2073 1615 2092; x_wconf 92' lang='lat'><strong>,</strong></span> <span class='ocrx_word' id='word_1_467' title='bbox 1633 2045 1739 2095; x_wconf 85' lang='lat' dir='ltr'>scena</span> <span class='ocrx_word' id='word_1_468' title='bbox 1757 2044 1800 2093; x_wconf 81' lang='lat' dir='ltr'>est</span> <span class='ocrx_word' id='word_1_469' title='bbox 1818 2043 1949 2094; x_wconf 71' lang='lat' dir='ltr'>lucrosa</span> <span class='ocrx_word' id='word_1_470' title='bbox 1962 2045 2094 2093; x_wconf 82' lang='lat' dir='ltr'>po&#39;e&#39;tae.</span> 
     </span>
     <span class='ocr_line' id='line_1_72' title="bbox 1155 2111 1782 2156; baseline -0.008 -6"><span class='ocrx_word' id='word_1_471' title='bbox 1155 2111 1216 2150; x_wconf 85' lang='lat' dir='ltr'>vel</span> <span class='ocrx_word' id='word_1_472' title='bbox 1230 2138 1241 2156; x_wconf 94' lang='lat'>‚</span> <span class='ocrx_word' id='word_1_473' title='bbox 1779 2141 1782 2145; x_wconf 91' lang='lat'>.</span> 
     </span>
     <span class='ocr_line' id='line_1_73' title="bbox 1208 2170 2181 2224; baseline -0.004 -12"><span class='ocrx_word' id='word_1_474' title='bbox 1208 2179 1282 2212; x_wconf 86' lang='lat' dir='ltr'>Nec</span> <span class='ocrx_word' id='word_1_475' title='bbox 1302 2174 1474 2216; x_wconf 65' lang='lat' dir='ltr'>minus&amp;</span> <span class='ocrx_word' id='word_1_476' title='bbox 1489 2174 1619 2224; x_wconf 83' lang='lat' dir='ltr'>prodest</span> <span class='ocrx_word' id='word_1_477' title='bbox 1636 2176 1734 2222; x_wconf 80' lang='lat' dir='ltr'>scena</span> <span class='ocrx_word' id='word_1_478' title='bbox 1746 2201 1756 2218; x_wconf 95' lang='lat'><strong>‚</strong></span> <span class='ocrx_word' id='word_1_479' title='bbox 1783 2183 1826 2213; x_wconf 63' lang='grc' dir='ltr'>(φ</span> <span class='ocrx_word' id='word_1_480' title='bbox 1843 2171 1974 2221; x_wconf 83' lang='lat' dir='ltr'>lucrosa</span> <span class='ocrx_word' id='word_1_481' title='bbox 1988 2173 2106 2222; x_wconf 80' lang='lat' dir='ltr'>po‘e&#39;tae</span> <span class='ocrx_word' id='word_1_482' title='bbox 2125 2170 2181 2217; x_wconf 74' lang='lat' dir='ltr'>est.</span> 
     </span>
    </p>
   </div>
   <div class='ocr_carea' id='block_1_21' title="bbox 1154 2237 2204 2339">
    <p class='ocr_par' dir='ltr' id='par_1_32' title="bbox 1154 2237 2204 2339">
     <span class='ocr_line' id='line_1_74' title="bbox 1159 2237 2204 2289; baseline 0.003 -17"><span class='ocrx_word' id='word_1_483' title='bbox 1159 2241 1232 2275; x_wconf 84' lang='lat' dir='ltr'>Nec</span> <span class='ocrx_word' id='word_1_484' title='bbox 1249 2237 1366 2275; x_wconf 84' lang='lat' dir='ltr'>minus</span> <span class='ocrx_word' id='word_1_485' title='bbox 1385 2238 1609 2287; x_wconf 84' lang='lat' dir='ltr'>subintellige</span> <span class='ocrx_word' id='word_1_486' title='bbox 1623 2267 1634 2284; x_wconf 84' lang='lat'>‚</span> <span class='ocrx_word' id='word_1_487' title='bbox 1662 2251 1774 2288; x_wconf 88' lang='lat' dir='ltr'>quam</span> <span class='ocrx_word' id='word_1_488' title='bbox 1792 2238 1872 2289; x_wconf 83' lang='lat' dir='ltr'>ipsis</span> <span class='ocrx_word' id='word_1_489' title='bbox 1894 2239 2030 2276; x_wconf 88' lang='lat' dir='ltr'>mimis.</span> <span class='ocrx_word' id='word_1_490' title='bbox 2078 2237 2204 2276; x_wconf 84' lang='lat' dir='ltr'>Tana-</span> 
     </span>
     <span class='ocr_line' id='line_1_75' title="bbox 1154 2287 1719 2339; baseline 0.009 -15"><span class='ocrx_word' id='word_1_491' title='bbox 1154 2287 1285 2335; x_wconf 84' lang='lat' dir='ltr'>quillus</span> <span class='ocrx_word' id='word_1_492' title='bbox 1305 2289 1418 2327; x_wconf 86' lang='lat' dir='ltr'>Faber</span> <span class='ocrx_word' id='word_1_493' title='bbox 1434 2290 1498 2327; x_wconf 85' lang='lat' dir='ltr'>lib.</span> <span class='ocrx_word' id='word_1_494' title='bbox 1520 2302 1549 2328; x_wconf 92' lang='lat'>1.</span> <span class='ocrx_word' id='word_1_495' title='bbox 1569 2291 1638 2339; x_wconf 84' lang='lat' dir='ltr'>Ep.</span> <span class='ocrx_word' id='word_1_496' title='bbox 1661 2303 1719 2339; x_wconf 82' lang='lat'>37.</span> 
     </span>
    </p>
   </div>
   <div class='ocr_carea' id='block_1_22' title="bbox 1205 2350 2170 2402">
    <p class='ocr_par' dir='ltr' id='par_1_33' title="bbox 1205 2350 2170 2402">
     <span class='ocr_line' id='line_1_76' title="bbox 1205 2350 2170 2402; baseline 0.003 -13"><span class='ocrx_word' id='word_1_497' title='bbox 1205 2353 1374 2402; x_wconf 68' lang='lat' dir='ltr'>Qaeque</span> <span class='ocrx_word' id='word_1_498' title='bbox 1392 2351 1483 2390; x_wconf 82' lang='lat' dir='ltr'>mihi</span> <span class='ocrx_word' id='word_1_499' title='bbox 1497 2361 1619 2401; x_wconf 82' lang='lat' dir='ltr'>poenae</span> <span class='ocrx_word' id='word_1_500' title='bbox 1636 2351 1678 2398; x_wconf 75' lang='lat' dir='ltr'>est</span> <span class='ocrx_word' id='word_1_501' title='bbox 1692 2380 1702 2397; x_wconf 93' lang='lat'><strong><em>,</em></strong></span> <span class='ocrx_word' id='word_1_502' title='bbox 1709 2353 1813 2398; x_wconf 83' lang='lat' dir='ltr'>fraus</span> <span class='ocrx_word' id='word_1_503' title='bbox 1833 2353 1876 2400; x_wconf 86' lang='lat' dir='ltr'>est</span> <span class='ocrx_word' id='word_1_504' title='bbox 1899 2350 2028 2401; x_wconf 74' lang='lat' dir='ltr'>lucrofiz</span> <span class='ocrx_word' id='word_1_505' title='bbox 2043 2355 2170 2401; x_wconf 65' lang='lat' dir='ltr'>poetae.</span> 
     </span>
    </p>
   </div>
   <div class='ocr_carea' id='block_1_23' title="bbox 1156 2413 2209 3275">
    <p class='ocr_par' dir='ltr' id='par_1_34' title="bbox 1156 2413 2209 3275">
     <span class='ocr_line' id='line_1_77' title="bbox 1156 2413 2205 2465; baseline 0 -12"><span class='ocrx_word' id='word_1_506' title='bbox 1156 2422 1251 2461; x_wconf 84' lang='lat' dir='ltr'>quae</span> <span class='ocrx_word' id='word_1_507' title='bbox 1268 2416 1414 2465; x_wconf 87' lang='lat' dir='ltr'>longius</span> <span class='ocrx_word' id='word_1_508' title='bbox 1431 2413 1597 2454; x_wconf 60' lang='lat' dir='ltr'>abeunti</span> <span class='ocrx_word' id='word_1_509' title='bbox 1616 2417 1732 2454; x_wconf 84' lang='lat' dir='ltr'>veteri</span> <span class='ocrx_word' id='word_1_510' title='bbox 1749 2417 1930 2465; x_wconf 84' lang='lat' dir='ltr'>scriptura.</span> <span class='ocrx_word' id='word_1_511' title='bbox 1948 2416 2093 2453; x_wconf 66' lang='lat' dir='ltr'>Herus.</span> <span class='ocrx_word' id='word_1_512' title='bbox 2119 2414 2205 2453; x_wconf 91' lang='lat' dir='ltr'>Bar-</span> 
     </span>
     <span class='ocr_line' id='line_1_78' title="bbox 1156 2466 2203 2515; baseline 0.001 -12"><span class='ocrx_word' id='word_1_513' title='bbox 1156 2467 1252 2504; x_wconf 86' lang='lat' dir='ltr'>thius</span> <span class='ocrx_word' id='word_1_514' title='bbox 1275 2478 1335 2504; x_wconf 85' lang='lat' dir='ltr'>xr..</span> <span class='ocrx_word' id='word_1_515' title='bbox 1371 2466 1470 2504; x_wconf 87' lang='lat' dir='ltr'>Adv.</span> <span class='ocrx_word' id='word_1_516' title='bbox 1493 2480 1525 2515; x_wconf 80' lang='grc' dir='ltr'>ς.</span> <span class='ocrx_word' id='word_1_517' title='bbox 1555 2478 1599 2503; x_wconf 88' lang='lat' dir='ltr'>ex</span> <span class='ocrx_word' id='word_1_518' title='bbox 1623 2467 1819 2505; x_wconf 79' lang='lat' dir='ltr'>Scholiaste</span> <span class='ocrx_word' id='word_1_519' title='bbox 1846 2474 1949 2504; x_wconf 90' lang='lat' dir='ltr'>notat</span> <span class='ocrx_word' id='word_1_520' title='bbox 1969 2475 2113 2514; x_wconf 84' lang='lat' dir='ltr'>poenam</span> <span class='ocrx_word' id='word_1_521' title='bbox 2141 2467 2203 2503; x_wconf 89' lang='lat' dir='ltr'>hic</span> 
     </span>
     <span class='ocr_line' id='line_1_79' title="bbox 1159 2515 2203 2565; baseline 0.001 -12"><span class='ocrx_word' id='word_1_522' title='bbox 1159 2515 1230 2554; x_wconf 84' lang='lat' dir='ltr'>effe</span> <span class='ocrx_word' id='word_1_523' title='bbox 1258 2517 1423 2553; x_wconf 59' lang='lat' dir='ltr'>delictum</span> <span class='ocrx_word' id='word_1_524' title='bbox 1444 2516 1565 2564; x_wconf 71' lang='lat' dir='ltr'>poena</span> <span class='ocrx_word' id='word_1_525' title='bbox 1583 2517 1735 2565; x_wconf 80' lang='lat' dir='ltr'>dignum</span> <span class='ocrx_word' id='word_1_526' title='bbox 1761 2545 1771 2561; x_wconf 96' lang='lat'>,</span> <span class='ocrx_word' id='word_1_527' title='bbox 1809 2526 1850 2554; x_wconf 90' lang='lat' dir='ltr'>ut</span> <span class='ocrx_word' id='word_1_528' title='bbox 1874 2518 1922 2554; x_wconf 83' lang='lat' dir='ltr'>ita</span> <span class='ocrx_word' id='word_1_529' title='bbox 1937 2517 2114 2565; x_wconf 70' lang='lat' dir='ltr'>piaculum</span> <span class='ocrx_word' id='word_1_530' title='bbox 2134 2528 2203 2565; x_wconf 86' lang='lat' dir='ltr'>pro</span> 
     </span>
     <span class='ocr_line' id='line_1_80' title="bbox 1157 2566 2205 2617; baseline 0 -13"><span class='ocrx_word' id='word_1_531' title='bbox 1157 2567 1291 2605; x_wconf 89' lang='lat' dir='ltr'>scelere</span> <span class='ocrx_word' id='word_1_532' title='bbox 1303 2567 1413 2605; x_wconf 83' lang='lat' dir='ltr'>docet</span> <span class='ocrx_word' id='word_1_533' title='bbox 1424 2569 1523 2616; x_wconf 86' lang='lat' dir='ltr'>poni.</span> <span class='ocrx_word' id='word_1_534' title='bbox 1544 2566 1603 2604; x_wconf 88' lang='lat' dir='ltr'>sed</span> <span class='ocrx_word' id='word_1_535' title='bbox 1614 2569 1719 2617; x_wconf 85' lang='lat' dir='ltr'>hujus</span> <span class='ocrx_word' id='word_1_536' title='bbox 1735 2567 2002 2616; x_wconf 81' lang='lat' dir='ltr'>significationis</span> <span class='ocrx_word' id='word_1_537' title='bbox 2016 2568 2205 2615; x_wconf 89' lang='lat' dir='ltr'>probatio-</span> 
     </span>
     <span class='ocr_line' id='line_1_81' title="bbox 1158 2618 2206 2667; baseline 0.001 -12"><span class='ocrx_word' id='word_1_538' title='bbox 1158 2630 1245 2655; x_wconf 87' lang='lat' dir='ltr'>nem</span> <span class='ocrx_word' id='word_1_539' title='bbox 1270 2619 1430 2667; x_wconf 78' lang='lat' dir='ltr'>requiro.</span> <span class='ocrx_word' id='word_1_540' title='bbox 1464 2619 1650 2666; x_wconf 83' lang='lat' dir='ltr'>Johannes</span> <span class='ocrx_word' id='word_1_541' title='bbox 1681 2618 1867 2661; x_wconf 86' lang='lat' dir='ltr'>Clericus,</span> <span class='ocrx_word' id='word_1_542' title='bbox 1895 2618 1988 2655; x_wconf 75' lang='lat' dir='ltr'>Part,</span> <span class='ocrx_word' id='word_1_543' title='bbox 2022 2630 2087 2655; x_wconf 85' lang='lat'>111.</span> <span class='ocrx_word' id='word_1_544' title='bbox 2122 2619 2206 2657; x_wconf 81' lang='lat' dir='ltr'>Art.</span> 
     </span>
     <span class='ocr_line' id='line_1_82' title="bbox 1161 2668 2205 2718; baseline 0.001 -13"><span class='ocrx_word' id='word_1_545' title='bbox 1161 2668 1287 2707; x_wconf 86' lang='lat' dir='ltr'>Critic.</span> <span class='ocrx_word' id='word_1_546' title='bbox 1302 2670 1392 2707; x_wconf 70' lang='lat' dir='ltr'>Setst.</span> <span class='ocrx_word' id='word_1_547' title='bbox 1408 2682 1434 2706; x_wconf 88' lang='lat'>1.</span> <span class='ocrx_word' id='word_1_548' title='bbox 1463 2681 1527 2716; x_wconf 81' lang='lat' dir='ltr'>cap</span> <span class='ocrx_word' id='word_1_549' title='bbox 1564 2671 1617 2705; x_wconf 72' lang='lat'>16.</span> <span class='ocrx_word' id='word_1_550' title='bbox 1638 2668 1782 2718; x_wconf 76' lang='lat' dir='ltr'>insignis</span> <span class='ocrx_word' id='word_1_551' title='bbox 1803 2669 1954 2705; x_wconf 87' lang='lat' dir='ltr'>illetoto</span> <span class='ocrx_word' id='word_1_552' title='bbox 1969 2668 2056 2706; x_wconf 87' lang='lat' dir='ltr'>orbe</span> <span class='ocrx_word' id='word_1_553' title='bbox 2070 2669 2205 2706; x_wconf 74' lang='lat' dir='ltr'>Poeta-</span> 
     </span>
     <span class='ocr_line' id='line_1_83' title="bbox 1158 2719 2207 2768; baseline -0.001 -11"><span class='ocrx_word' id='word_1_554' title='bbox 1158 2731 1238 2757; x_wconf 86' lang='lat' dir='ltr'>rum</span> <span class='ocrx_word' id='word_1_555' title='bbox 1265 2721 1438 2768; x_wconf 85' lang='lat' dir='ltr'>interpres</span> <span class='ocrx_word' id='word_1_556' title='bbox 1468 2720 1695 2757; x_wconf 79' lang='lat' dir='ltr'>Graecorum</span> <span class='ocrx_word' id='word_1_557' title='bbox 1730 2722 1765 2756; x_wconf 47' lang='grc' dir='ltr'>ὃς</span> <span class='ocrx_word' id='word_1_558' title='bbox 1800 2719 2046 2765; x_wconf 74' lang='lat' dir='ltr'>Latinorum,</span> <span class='ocrx_word' id='word_1_559' title='bbox 2072 2730 2116 2756; x_wconf 84' lang='lat' dir='ltr'>ex</span> <span class='ocrx_word' id='word_1_560' title='bbox 2135 2720 2207 2756; x_wconf 89' lang='lat' dir='ltr'>ho-</span> 
     </span>
     <span class='ocr_line' id='line_1_84' title="bbox 1159 2769 2209 2820; baseline -0.001 -12"><span class='ocrx_word' id='word_1_561' title='bbox 1159 2770 1283 2808; x_wconf 86' lang='lat' dir='ltr'>dierna</span> <span class='ocrx_word' id='word_1_562' title='bbox 1302 2771 1424 2818; x_wconf 81' lang='lat' dir='ltr'>lingua</span> <span class='ocrx_word' id='word_1_563' title='bbox 1446 2771 1583 2808; x_wconf 81' lang='lat' dir='ltr'>Gallica</span> <span class='ocrx_word' id='word_1_564' title='bbox 1602 2781 1746 2820; x_wconf 77' lang='lat' dir='ltr'>poenam</span> <span class='ocrx_word' id='word_1_565' title='bbox 1770 2770 2023 2818; x_wconf 69' lang='lat' dir='ltr'>interpretatur</span> <span class='ocrx_word' id='word_1_566' title='bbox 2043 2769 2209 2816; x_wconf 88' lang='lat' dir='ltr'>laborem,</span> 
     </span>
     <span class='ocr_line' id='line_1_85' title="bbox 1162 2819 2209 2866; baseline 0 -8"><span class='ocrx_word' id='word_1_567' title='bbox 1162 2830 1201 2858; x_wconf 89' lang='lat' dir='ltr'>ut</span> <span class='ocrx_word' id='word_1_568' title='bbox 1218 2821 1420 2866; x_wconf 57' lang='lat' dir='ltr'>sensusiit,</span> <span class='ocrx_word' id='word_1_569' title='bbox 1449 2821 1609 2858; x_wconf 86' lang='lat' dir='ltr'>laborem</span> <span class='ocrx_word' id='word_1_570' title='bbox 1640 2823 1758 2858; x_wconf 82' lang='lat' dir='ltr'>minus</span> <span class='ocrx_word' id='word_1_571' title='bbox 1786 2820 1914 2858; x_wconf 86' lang='lat' dir='ltr'>utilem</span> <span class='ocrx_word' id='word_1_572' title='bbox 1939 2848 1949 2865; x_wconf 88' lang='lat'><em>,</em></span> <span class='ocrx_word' id='word_1_573' title='bbox 1989 2819 2057 2858; x_wconf 78' lang='lat' dir='ltr'>effe</span> <span class='ocrx_word' id='word_1_574' title='bbox 2085 2821 2209 2858; x_wconf 79' lang='lat' dir='ltr'>lucro-</span> 
     </span>
     <span class='ocr_line' id='line_1_86' title="bbox 1164 2871 2205 2915; baseline 0.001 -8"><span class='ocrx_word' id='word_1_575' title='bbox 1164 2871 1336 2908; x_wconf 80' lang='lat' dir='ltr'>sissimurn</span> <span class='ocrx_word' id='word_1_576' title='bbox 1369 2875 1505 2909; x_wconf 72' lang='lat' dir='ltr'>Po&#39;e&#39;tae</span> <span class='ocrx_word' id='word_1_577' title='bbox 1530 2899 1540 2915; x_wconf 93' lang='lat'><em>‚</em></span> <span class='ocrx_word' id='word_1_578' title='bbox 1589 2871 1623 2908; x_wconf 90' lang='lat' dir='ltr'>id</span> <span class='ocrx_word' id='word_1_579' title='bbox 1654 2872 1701 2909; x_wconf 86' lang='lat' dir='ltr'>est</span> <span class='ocrx_word' id='word_1_580' title='bbox 1746 2873 1908 2909; x_wconf 78' lang='lat' dir='ltr'>carmina</span> <span class='ocrx_word' id='word_1_581' title='bbox 1946 2872 2065 2909; x_wconf 85' lang='lat' dir='ltr'>minus</span> <span class='ocrx_word' id='word_1_582' title='bbox 2107 2872 2205 2909; x_wconf 83' lang='lat' dir='ltr'>utilia</span> 
     </span>
     <span class='ocr_line' id='line_1_87' title="bbox 1165 2921 2206 2971; baseline 0.002 -13"><span class='ocrx_word' id='word_1_583' title='bbox 1165 2922 1370 2959; x_wconf 77' lang='lat' dir='ltr'>maximum</span> <span class='ocrx_word' id='word_1_584' title='bbox 1392 2922 1530 2959; x_wconf 75' lang='lat' dir='ltr'>adferre</span> <span class='ocrx_word' id='word_1_585' title='bbox 1549 2921 1690 2959; x_wconf 79' lang='lat' dir='ltr'>lucrum</span> <span class='ocrx_word' id='word_1_586' title='bbox 1712 2923 1775 2965; x_wconf 78' lang='lat' dir='ltr'>iiS,</span> <span class='ocrx_word' id='word_1_587' title='bbox 1804 2923 1866 2971; x_wconf 88' lang='lat' dir='ltr'>qui</span> <span class='ocrx_word' id='word_1_588' title='bbox 1887 2922 2041 2960; x_wconf 72' lang='lat' dir='ltr'>scribunt</span> <span class='ocrx_word' id='word_1_589' title='bbox 2070 2923 2206 2960; x_wconf 83' lang='lat' dir='ltr'>mimos</span> 
     </span>
     <span class='ocr_line' id='line_1_88' title="bbox 1166 2971 2208 3022; baseline 0.001 -13"><span class='ocrx_word' id='word_1_590' title='bbox 1166 2973 1202 3009; x_wconf 64' lang='grc' dir='ltr'>ἃ</span> <span class='ocrx_word' id='word_1_591' title='bbox 1236 2971 1402 3009; x_wconf 85' lang='lat' dir='ltr'>obscaeni</span> <span class='ocrx_word' id='word_1_592' title='bbox 1429 2974 1634 3021; x_wconf 81' lang='lat' dir='ltr'>argumenti</span> <span class='ocrx_word' id='word_1_593' title='bbox 1658 2976 1844 3020; x_wconf 73' lang='lat' dir='ltr'>poemata,</span> <span class='ocrx_word' id='word_1_594' title='bbox 1881 2973 2208 3022; x_wconf 79' lang='lat' dir='ltr'>ineptiliime.quis</span> 
     </span>
     <span class='ocr_line' id='line_1_89' title="bbox 1166 3023 2209 3072; baseline 0.001 -13"><span class='ocrx_word' id='word_1_595' title='bbox 1166 3023 1265 3059; x_wconf 75' lang='lat' dir='ltr'>enim</span> <span class='ocrx_word' id='word_1_596' title='bbox 1293 3035 1468 3071; x_wconf 74' lang='lat' dir='ltr'>umquam</span> <span class='ocrx_word' id='word_1_597' title='bbox 1491 3023 1628 3060; x_wconf 75' lang='lat' dir='ltr'>audivit</span> <span class='ocrx_word' id='word_1_598' title='bbox 1650 3023 1813 3061; x_wconf 76' lang='lat' dir='ltr'>laborem</span> <span class='ocrx_word' id='word_1_599' title='bbox 1830 3051 1839 3066; x_wconf 93' lang='lat'><strong>,</strong></span> <span class='ocrx_word' id='word_1_600' title='bbox 1861 3035 1972 3072; x_wconf 81' lang='lat' dir='ltr'>quem</span> <span class='ocrx_word' id='word_1_601' title='bbox 2000 3024 2209 3061; x_wconf 73' lang='lat' dir='ltr'>Poetascri·</span> 
     </span>
     <span class='ocr_line' id='line_1_90' title="bbox 1164 3073 2209 3123; baseline 0 -13"><span class='ocrx_word' id='word_1_602' title='bbox 1164 3073 1287 3110; x_wconf 86' lang='lat' dir='ltr'>bendo</span> <span class='ocrx_word' id='word_1_603' title='bbox 1309 3074 1509 3122; x_wconf 80' lang='lat' dir='ltr'>impendit,</span> <span class='ocrx_word' id='word_1_604' title='bbox 1534 3074 1571 3110; x_wconf 61' lang='grc' dir='ltr'>ἃ</span> <span class='ocrx_word' id='word_1_605' title='bbox 1592 3086 1784 3121; x_wconf 71' lang='lat' dir='ltr'>praecrpue</span> <span class='ocrx_word' id='word_1_606' title='bbox 1805 3087 1888 3111; x_wconf 78' lang='lat' dir='ltr'>cuin</span> <span class='ocrx_word' id='word_1_607' title='bbox 1913 3075 2033 3123; x_wconf 81' lang='lat' dir='ltr'>jocosas</span> <span class='ocrx_word' id='word_1_608' title='bbox 2055 3082 2209 3122; x_wconf 65' lang='lat' dir='ltr'>&amp;saepe</span> 
     </span>
     <span class='ocr_line' id='line_1_91' title="bbox 1165 3124 2205 3173; baseline 0.001 -14"><span class='ocrx_word' id='word_1_609' title='bbox 1165 3124 1357 3160; x_wconf 75' lang='lat' dir='ltr'>amatorias</span> <span class='ocrx_word' id='word_1_610' title='bbox 1386 3124 1605 3171; x_wconf 78' lang='lat' dir='ltr'>Historiclas.</span> <span class='ocrx_word' id='word_1_611' title='bbox 1638 3134 1675 3162; x_wconf 86' lang='lat' dir='ltr'>ut</span> <span class='ocrx_word' id='word_1_612' title='bbox 1710 3126 1894 3173; x_wconf 82' lang='lat' dir='ltr'>loquitur,</span> <span class='ocrx_word' id='word_1_613' title='bbox 1926 3126 2205 3173; x_wconf 50' lang='lat' dir='ltr'>complerimus,</span> 
     </span>
     <span class='ocr_line' id='line_1_92' title="bbox 1167 3172 2209 3224; baseline -0.003 -12"><span class='ocrx_word' id='word_1_614' title='bbox 1167 3172 1236 3212; x_wconf 78' lang='lat' dir='ltr'>effe</span> <span class='ocrx_word' id='word_1_615' title='bbox 1253 3184 1425 3218; x_wconf 71' lang='lat' dir='ltr'>poenam?</span> <span class='ocrx_word' id='word_1_616' title='bbox 1449 3186 1591 3223; x_wconf 72' lang='lat' dir='ltr'>poenam</span> <span class='ocrx_word' id='word_1_617' title='bbox 1623 3177 1667 3212; x_wconf 84' lang='lat' dir='ltr'>de</span> <span class='ocrx_word' id='word_1_618' title='bbox 1695 3176 1817 3212; x_wconf 76' lang='lat' dir='ltr'>labore</span> <span class='ocrx_word' id='word_1_619' title='bbox 1850 3176 1939 3213; x_wconf 83' lang='lat' dir='ltr'>sumi</span> <span class='ocrx_word' id='word_1_620' title='bbox 1965 3175 2087 3224; x_wconf 70' lang='lat' dir='ltr'>poli&#39;e,</span> <span class='ocrx_word' id='word_1_621' title='bbox 2115 3185 2209 3222; x_wconf 81' lang='lat' dir='ltr'>quae</span> 
     </span>
     <span class='ocr_line' id='line_1_93' title="bbox 1167 3225 2208 3275; baseline -0.003 -14"><span class='ocrx_word' id='word_1_622' title='bbox 1167 3225 1270 3262; x_wconf 78' lang='lat' dir='ltr'>instar</span> <span class='ocrx_word' id='word_1_623' title='bbox 1292 3225 1454 3274; x_wconf 68' lang='lat' dir='ltr'>supplicii</span> <span class='ocrx_word' id='word_1_624' title='bbox 1473 3226 1544 3269; x_wconf 67' lang='lat' dir='ltr'>cst,</span> <span class='ocrx_word' id='word_1_625' title='bbox 1575 3227 1611 3262; x_wconf 67' lang='grc' dir='ltr'>διε</span> <span class='ocrx_word' id='word_1_626' title='bbox 1644 3238 1737 3274; x_wconf 77' lang='lat' dir='ltr'>quae</span> <span class='ocrx_word' id='word_1_627' title='bbox 1769 3227 1948 3275; x_wconf 72' lang='lat' dir='ltr'>voluptati</span> <span class='ocrx_word' id='word_1_628' title='bbox 1983 3227 2208 3272; x_wconf 59' lang='lat' dir='ltr'>opponitur,</span> 
     </span>
    </p>
   </div>
   <div class='ocr_carea' id='block_1_24' title="bbox 73 3266 2207 3326">
    <p class='ocr_par' dir='ltr' id='par_1_35' title="bbox 73 3266 2207 3326">
     <span class='ocr_line' id='line_1_94' title="bbox 73 3266 2207 3326; baseline 0.003 -23"><span class='ocrx_word' id='word_1_629' title='bbox 73 3266 112 3304; x_wconf 67' lang='grc' dir='ltr'>ὃ(</span> <span class='ocrx_word' id='word_1_630' title='bbox 143 3270 230 3308; x_wconf 85' lang='lat' dir='ltr'>aliae</span> <span class='ocrx_word' id='word_1_631' title='bbox 265 3271 360 3311; x_wconf 80' lang='lat' dir='ltr'>Edit.</span> <span class='ocrx_word' id='word_1_632' title='bbox 389 3274 427 3311; x_wconf 87' lang='lat'>&amp;</span> <span class='ocrx_word' id='word_1_633' title='bbox 460 3275 532 3313; x_wconf 86' lang='lat' dir='ltr'>Ms.</span> <span class='ocrx_word' id='word_1_634' title='bbox 563 3274 699 3314; x_wconf 85' lang='lat' dir='ltr'>Bersm.</span> <span class='ocrx_word' id='word_1_635' title='bbox 727 3274 819 3314; x_wconf 74' lang='lat' dir='ltr'>hunc</span> <span class='ocrx_word' id='word_1_636' title='bbox 836 3277 1031 3326; x_wconf 66' lang='lat' dir='ltr'>primhd.</span> <span class='ocrx_word' id='word_1_637' title='bbox 1053 3278 1112 3314; x_wconf 80' lang='lat' dir='ltr'>hoc</span> <span class='ocrx_word' id='word_1_638' title='bbox 1170 3277 1206 3313; x_wconf 65' lang='grc' dir='ltr'>ἃ</span> <span class='ocrx_word' id='word_1_639' title='bbox 1229 3276 1274 3313; x_wconf 90' lang='lat' dir='ltr'>de</span> <span class='ocrx_word' id='word_1_640' title='bbox 1295 3278 1400 3313; x_wconf 84' lang='lat' dir='ltr'>omni</span> <span class='ocrx_word' id='word_1_641' title='bbox 1433 3288 1539 3316; x_wconf 76' lang='lat' dir='ltr'>cura.</span> <span class='ocrx_word' id='word_1_642' title='bbox 1566 3277 1829 3320; x_wconf 63' lang='lat' dir='ltr'>sollicitudine,</span> <span class='ocrx_word' id='word_1_643' title='bbox 1857 3289 1950 3324; x_wconf 75' lang='lat' dir='ltr'>quae</span> <span class='ocrx_word' id='word_1_644' title='bbox 1972 3284 2139 3323; x_wconf 78' lang='lat' dir='ltr'>torquet,</span> <span class='ocrx_word' id='word_1_645' title='bbox 2169 3275 2207 3309; x_wconf 75' lang='grc' dir='ltr'>ὅζ</span> 
     </span>
    </p>
   </div>
   <div class='ocr_carea' id='block_1_25' title="bbox 71 3316 200 3360">
    <p class='ocr_par' dir='ltr' id='par_1_36' title="bbox 71 3316 200 3360">
     <span class='ocr_line' id='line_1_95' title="bbox 71 3316 200 3360; baseline 0.031 -4"><span class='ocrx_word' id='word_1_646' title='bbox 71 3316 200 3360; x_wconf 83' lang='lat' dir='ltr'>Servii.</span> 
     </span>
    </p>
   </div>
   <div class='ocr_carea' id='block_1_26' title="bbox 1172 3323 2226 3422">
    <p class='ocr_par' dir='ltr' id='par_1_37' title="bbox 1172 3323 2226 3422">
     <span class='ocr_line' id='line_1_96' title="bbox 1172 3323 2209 3376; baseline -0.007 -11"><span class='ocrx_word' id='word_1_647' title='bbox 1172 3328 1335 3374; x_wconf 84' lang='lat' dir='ltr'>cruciat,</span> <span class='ocrx_word' id='word_1_648' title='bbox 1359 3337 1496 3367; x_wconf 82' lang='lat' dir='ltr'>norunt</span> <span class='ocrx_word' id='word_1_649' title='bbox 1527 3328 1640 3367; x_wconf 85' lang='lat' dir='ltr'>ctiam</span> <span class='ocrx_word' id='word_1_650' title='bbox 1667 3328 1780 3376; x_wconf 82' lang='lat' dir='ltr'>pueri.</span> <span class='ocrx_word' id='word_1_651' title='bbox 1803 3329 1840 3365; x_wconf 83' lang='lat'>&amp;</span> <span class='ocrx_word' id='word_1_652' title='bbox 1867 3329 1915 3365; x_wconf 82' lang='lat' dir='ltr'>ita</span> <span class='ocrx_word' id='word_1_653' title='bbox 1942 3326 2033 3364; x_wconf 73' lang='lat' dir='ltr'>sumi</span> <span class='ocrx_word' id='word_1_654' title='bbox 2065 3326 2100 3361; x_wconf 76' lang='lat' dir='ltr'>in</span> <span class='ocrx_word' id='word_1_655' title='bbox 2123 3323 2209 3368; x_wconf 73' lang='lat' dir='ltr'>Epi-</span> 
     </span>
     <span class='ocr_line' id='line_1_97' title="bbox 2104 3383 2226 3422; baseline 0 -13"><span class='ocrx_word' id='word_1_656' title='bbox 2104 3383 2226 3422; x_wconf 44' lang='lat' dir='ltr'>grume</span> 
     </span>
    </p>
   </div>
  </div>
 </body>
</html>
