2495 3675
494 157 1041 215 FAST'O

1112 152 1451 212 RUM
1558 157 1752 214 L113.

1823 161 1903 218 111.
2147 163 2245 217 161

398 255 613 329 'Pertica
640 273 905 346 suspensos
929 271 1171 344 portabat
1193 270 1352 338 longa
1377 267 1662 340 maniplos:

469 346 631 400 Unde
657 345 951 416 maniplaris
979 343 1196 395 nomina
1220 343 1369 394 miles
1396 340 1570 394 habet.

395 416 546 489 Ergo
570 419 730 472 animi
755 414 1010 470 indociles
1051 413 1106 465 &
1135 412 1308 466 adhuc
1338 413 1542 466 ratione
1565 427 1836 478 carentes,

253 506 357 543 -120

467 490 738 544 Menlibus
762 500 985 556 egerunt
1011 483 1162 539 lustra
1189 485 1394 538 minora
1420 485 1643 543 decem„

392 563 580 616 Annus
602 559 743 618 erat3
785 557 1057 610 decimum
1082 575 1204 610 cum
1234 556 1389 609 Luna
1415 559 1706 627 repleverat
1730 559 1930 614 orbem.

465 634 576 689 Hic
599 647 850 683 numerus
876 645 1071 698 magno
1098 643 1224 683 tunc
1253 629 1307 682 in
1338 628 1542 682 honore
1566 629 1682 684 fuit.

389 705 490 760 Seu
514 702 636 775 quia
661 714 742 755 tot
769 701 953 772 digiti,
991 719 1084 771 per
1108 718 1242 774 quos
1274 718 1552 755 numerare
1576 700 1831 758 solemus:

461 776 565 828 Seu
590 774 712 845 quia
736 775 812 827 bis
837 775 1003 844 quino
1029 773 1220 828 femina
1248 773 1426 827 mense
1464 772 1612 842 parit.

247 867 341 918 125
375 847 479 902 Seu
503 846 651 918 quod
679 846 916 916 adusque
941 846 1132 899 decem
1160 863 1384 900 numero
1411 848 1680 900 crescente
1707 846 1948 911 venitur3

456 918 785 990 Principium
814 917 985 990 spatiis
1010 918 1230 974 sumitur
1257 918 1383 973 inde
1408 919 1575 973 novis.

100 1183 274 1223 cilonem.
300 1180 360 1220 sed
379 1186 465 1219 Deos
482 1182 544 1219 hic
565 1192 643 1219 non
664 1180 708 1219 de
728 1180 900 1219 omnibus
923 1181 1135 1228 Deis‚quos

101 1233 170 1273 effe
191 1233 390 1278 constabat,
419 1233 548 1280 capio,
574 1232 633 1270 sed
653 1232 698 1270 de
721 1232 889 1270 fideribus
904 1260 912 1274 ‚
939 1232 1136 1279 quaelicet

2103 1045 2229 1102 Inde

1190 1180 1240 1218 sui
1264 1179 1459 1229 castigarat.
1493 1187 1534 1218 ut
1561 1180 1671 1218 mirer
1699 1179 1736 1217 in
1769 1181 1946 1219 contraria
1972 1180 2073 1220 ivisse
2106 1183 2232 1220 Ciofa-

1191 1244 1280 1268 num
1333 1232 1442 1269 Forte
1463 1240 1588 1270 tamen
1610 1231 1729 1267 verior
1751 1231 1917 1280 scriptura
1932 1261 1942 1276 ,
1974 1233 2037 1268 Illa
2061 1233 2196 1282 quidem
2216 1236 2234 1270 ξ

102 1297 178 1325 non
196 1284 495 1327 observabantur,
523 1292 562 1320 ut
584 1282 727 1332 postea,
755 1292 880 1320 tamen
902 1282 1082 1319 constabat
1096 1281 1136 1317 il-
1182 1284 1294 1328 foeno.
1323 1294 1432 1330 quam
1455 1283 1543 1319 alter
1564 1282 1742 1318 Puteanus
1762 1281 1968 1319 confirmat.
1992 1284 2135 1319 Heius.
2165 1283 2233 1319 illa

101 1335 133 1373 la
151 1333 260 1372 fidera
283 1332 352 1371 effe
365 1334 492 1378 Deos;
513 1334 616 1383 quod
627 1342 760 1371 notum
775 1334 833 1370 hic
852 1332 1029 1370 adstruere
1047 1332 1136 1368 nihil

101 1386 240 1424 attinet.
267 1384 399 1422 Bunm.

155 1446 235 1484 113.
262 1435 365 1484 Signa
387 1432 587 1483 tenebant.]
622 1432 815 1471 Movebant
843 1433 1021 1470 Mazarin.
1041 1430 1139 1468 Vos-

98 1485 184 1525 fian.
213 1487 251 1524 &
278 1486 441 1534 quinque
468 1484 538 1522 alii.
571 1494 649 1522 tum
678 1485 779 1521 versu
810 1484 981 1531 proximo
1003 1510 1014 1526 ,
1052 1495 1139 1532 quae

101 1549 269 1585 magnum
284 1535 421 1584 prodere
445 1534 572 1571 crimen
589 1544 663 1570 erat
676 1561 686 1577 ,
698 1545 773 1571 non
793 1533 928 1582 perdere
939 1561 949 1577 ‚
964 1532 1050 1570 alter
1065 1532 1136 1570 Bo-

98 1585 294 1625 nonienfis.
330 1585 378 1623 fic
398 1584 496 1633 figna
527 1598 661 1621 movere
689 1585 724 1621 δε
753 1585 890 1631 prodere
915 1583 1016 1633 figna
1040 1583 1136 1631 apud

100 1637 308 1675 Lucanum.
338 1637 479 1673 Hiems.
507 1635 700 1683 Postquam
729 1634 785 1671 Cl.
804 1634 918 1672 Bentl.
939 1635 984 1671 ad
1005 1634 1136 1673 Horat.

101 1700 130 1725 1.
153 1686 258 1735 Epist.
282 1697 360 1723 XVI.
387 1687 446 1732 67.
472 1685 630 1722 haeserat
651 1686 744 1722 inter
765 1685 903 1733 prodere
923 1686 959 1722 ὅ(
977 1685 1135 1734 perdere,

102 1736 411 1787 praeferttandem
428 1764 439 1780 ,
454 1736 612 1785 prodere,
633 1735 717 1783 quia
740 1746 816 1772 non
838 1736 985 1784 perdunt
1003 1737 1136 1774 milites

99 1788 198 1837 figna
212 1815 222 1832 ,
234 1798 326 1837 quae
337 1786 415 1824 sunt
427 1786 567 1835 publica
583 1786 662 1829 „sed
677 1785 826 1834 produnt
838 1815 848 1830 ,
861 1798 944 1823 cum
959 1786 1137 1824 deserunt.

99 1851 205 1876 arma
218 1849 305 1875 vero
318 1838 446 1875 τιτθείας
460 1837 595 1886 perdere
607 1836 777 1874 dicuntur
788 1864 798 1880 ‚
821 1846 861 1874 ut
881 1837 1025 1885 egregie
1035 1845 1137 1874 vete-

99 1900 180 1928 rum
201 1889 290 1927 locis
310 1888 463 1926 illustrat.
483 1896 644 1925 ceterum
675 1886 842 1935 ambigua
862 1888 922 1925 hic
944 1889 981 1924 ἃ
1003 1888 1138 1935 duplex

101 1941 204 1977 vocis
216 1938 315 1988 signa
335 1938 546 1988 significatio
558 1937 601 1975 ad
616 1937 767 1986 ineptias
785 1938 1027 1976 luxuriantem
1041 1939 1139 1976 Poe-

100 1997 176 2027 tam
198 1989 349 2028 deduxit
370 2004 381 2033 ;
419 2001 539 2038 neque
560 1989 660 2026 enirn
684 1989 811 2026 omnia
829 1989 867 2027 in
892 1988 1039 2027 Nasone
1057 1989 1137 2028 lau-

97 2039 215 2078 danda
235 2038 305 2077 esse
326 2049 427 2088 puto.
455 2039 585 2077 Buum.
871 2045 881 2050 ‘

154 2102 168 2128 1
180 2102 233 2136 14.
260 2091 402 2127 Perdere
419 2091 547 2128 crimen
564 2088 670 2139 erat]
701 2091 763 2128 Ob
781 2091 855 2128 hoc
870 2090 966 2139 legi,
995 2092 1136 2129 co'e'rci-

98 2147 156 2179 tos
177 2141 309 2178 milites
329 2152 422 2188 pane
450 2140 681 2186 hordeaceo,
709 2142 980 2185 decimatione,
1009 2141 1137 2179 discin-

99 2190 222 2228 &ione
245 2218 255 2235 ,
290 2192 451 2228 exercitu
481 2190 673 2239 speciante.
719 2193 834 2241 Legi,
863 2193 1019 2230 amictos
1038 2193 1134 2230 veste

99 2241 266 2280 muliebri
290 2269 300 2286 ‚
338 2240 458 2289 poena
489 2250 610 2279 morte
638 2244 798 2290 graviori
827 2242 912 2281 rata.
949 2243 1068 2291 Legi,
1095 2244 1134 2281 in

99 2291 205 2330 castra
227 2292 365 2329 hostilia
394 2291 576 2341 projeeios
599 2320 610 2336 ,
647 2294 684 2330 in
714 2293 982 2342 impedimenta
1005 2293 1134 2331 castro-

97 2353 179 2380 rum
200 2341 272 2380 una
304 2354 388 2381 curn
421 2344 572 2390 captivis
595 2370 605 2386 ,
641 2344 748 2392 virgis
774 2344 971 2393 aliquando
990 2344 1134 2389 caesos,

96 2391 210 2429 securi
229 2393 338 2429 etiam
368 2391 548 2440 perculsos
569 2406 579 2430 z
613 2393 639 2431 fi
659 2406 745 2432 vere
764 2394 875 2432 scelus
904 2395 942 2432 &
972 2396 1065 2432 ratio
1086 2396 1134 2434 ita

100 2441 275 2491 posceret.
304 2442 427 2478 Nem.

156 2501 235 2539 115.
254 2490 320 2527 illa
330 2491 466 2538 quidem
479 2492 611 2540 foena]
628 2492 684 2530 Sic
697 2494 732 2529 in
743 2494 838 2530 libris
850 2493 976 2536 Statii,
988 2495 1133 2538 Maffei,

97 2541 223 2579 Ursini
242 2541 280 2578 &
300 2541 514 2589 quibusdam
530 2542 800 2590 Vatic.sequ0r.
829 2543 999 2580 CioFAN.
1026 2545 1136 2581 Scali-

96 2603 161 2642 ger
172 2592 215 2628 ab
233 2599 360 2628 autore
378 2590 546 2638 scriptum
569 2592 812 2636 existimabat,
826 2592 1005 2641 Jllaquede
1015 2595 1107 2636 foeno
1120 2609 1132 2631 .-

148 2647 231 2680 Non
249 2642 303 2677 illi
322 2641 403 2677 coelo
421 2641 575 2678 labentia
584 2641 683 2690 figna
704 2643 866 2679 tenebant
878 2671 889 2687 ‚

197 2692 261 2728 Sed
270 2693 362 2740 sua.-
392 2705 479 2740 quae
499 2706 665 2740 magnum
682 2693 819 2741 perdere
836 2694 966 2730 crimen
979 2695 1070 2732 erat.

148 2742 216 2780 Illa
236 2742 374 2791 quidem
391 2742 499 2788 foeno.
520 2743 580 2789 sed
601 2753 675 2779 erat
691 2741 883 2780 reverentia
897 2743 1019 2793 foeno,

201 2795 386 2841 §Quantam
407 2805 474 2829 non
494 2794 631 2842 aquilas
653 2794 759 2831 cernis
776 2793 897 2831 habere
915 2804 1007 2832 tuas.

98 2859 204 2897 Dm.
238 2859 381 2896 Herus.
442 2859 650 2897 Plutarchus
682 2859 727 2896 de
759 2861 908 2897 Romuli
939 2860 1128 2898 centuriis:

98 2911 238 2952 Ἐκαίς-ης
254 2909 273 2960 9²
293 2909 365 2961 σι’νῆξ
384 2911 543 2959 ἐφηγεῖτο
556 2941 564 2956 ,
596 2912 704 2964 nde-rs
720 2915 751 2963 ις
771 2910 844 2953 ὅλης
865 2909 1042 2957 dynami&
1062 2927 1132 2949 κον.

100 2962 366 3016 τᾷιωὲικεψᾚην
377 2966 496 3015 ιίνέχων
507 2996 517 3015 ‚
528 2963 689 3016 μοι’νιπλοι
701 2970 813 3004 ταῦτ-αι
826 2970 958 3005 Λατῖνοι
976 2970 1129 3005 ›exsto-tv.

99 3017 268 3056 Donatus
292 3031 327 3055 in
351 3020 569 3056 Eunuchum
601 3021 795 3058 Terentii:
825 3020 894 3057 sibi
919 3024 1051 3069 sertum
1075 3019 1132 3057 vel

102 3080 257 3104 coronam
277 3081 318 3105 ex
349 3069 522 3117 manipulo
543 3070 665 3106 herbae
691 3070 748 3106 vel
769 3069 965 3117 hujusmodi
984 3070 1132 3116 conficie-

103 3116 210 3162 bant,
237 3119 326 3167 quod
341 3129 398 3168 pro
409 3118 503 3168 signo
518 3120 755 3170 sequebantur.
783 3121 958 3159 NEAPOL.
998 3121 1133 3170 Illaque

105 3166 251 3212 defheno
269 3169 475 3216 legendum.
496 3171 605 3220 idque
628 3183 671 3208 ex
695 3170 910 3209 auctoritate
932 3172 1038 3209 unius
1057 3172 1134 3208 Va-

103 3216 213 3253 ticani
241 3218 277 3255 &
305 3221 430 3266 prioris
461 3221 710 3259 Bononiensis.
748 3233 869 3271 neque
899 3222 1001 3260 aliter
1020 3221 1134 3259 editio

101 3265 550 3358 Gryphianrao'mquffimdo
582 3273 620 3311 δε
651 3272 807 3323 Scaliger
835 3274 875 3312 in
909 3284 972 3311 ora
1001 3271 1135 3312 codicis

1190 1332 1330 1379 quidem
1360 1334 1505 1379 fhenum
1537 1342 1628 1368 unus
1653 1331 1806 1369 Heiiisii.
1839 1332 1971 1371 deinde
1994 1361 2004 1377 ,
2042 1333 2236 1370 reverentia

1184 1383 1283 1428 foeni
1301 1381 1404 1419 Voff.
1425 1382 1566 1420 Arund.
1588 1383 1623 1418 ὅ(
1647 1381 1781 1428 septem
1805 1382 1876 1420 alii.

1250 1444 1330 1481 υς.
1357 1433 1420 1469 Sed
1438 1443 1512 1470 erat
1531 1432 1873 1482 reverentiafoeno.]
1903 1434 2073 1481 Quanta,
2101 1434 2235 1483 inquit,

1192 1482 1262 1519 tuis
1293 1483 1430 1531 aquilis.
1471 1483 1666 1520 Suetonius
1698 1484 1732 1519 in
1774 1483 1960 1532 Caligula:
2000 1484 2234 1529 Artabanus,

1193 1534 1413 1582 transgreffus
1443 1534 1656 1582 Euphratem
1680 1560 1690 1576 ,
1731 1534 1868 1581 aquilas
1900 1534 2054 1583 &signa
2076 1542 2233 1572 Romana

1193 1585 1448 1633 Caesarumque
1472 1585 1636 1632 imagines
1663 1583 1839 1621 adoravit.
1892 1585 1952 1623 De
1970 1587 2037 1624 luc
2058 1587 2234 1635 religione

1194 1634 1354 1671 castrensi
1375 1636 1472 1683 plura
1494 1644 1596 1672 vetus
1616 1634 1772 1671 historia.
1800 1635 1924 1672 ΝεΑΡ.

1251 1687 1328 1722 116.
1357 1684 1582 1733 Quantam]
1636 1686 1823 1731 Quantum
1863 1686 2001 1723 Petavii
2023 1713 2033 1729 ‚

1193 1734 1360 1773 Francos.
1383 1738 1419 1773 ὅ(
1441 1735 1569 1773 decem
1591 1734 1661 1771 alii.
1684 1734 1817 1772 scilicet
1833 1737 2055 1773 reverentiae.

1245 1786 1324 1823 118.
1353 1786 1448 1822 Unde
1469 1784 1713 1835 maniplaris.]
1752 1786 1788 1822 A
1809 1787 1997 1834 manipulo
2019 1786 2136 1825 dietus
2158 1788 2228 1823 ini-

1190 1836 1240 1874 les
1273 1837 1515 1885 manipularis.
1579 1836 1696 1872 Vetus
1725 1847 1865 1873 nomen
1904 1838 1942 1874 &
1973 1847 2057 1875 ante
2091 1838 2230 1875 Urbem

1191 1886 1392 1925 conditam.
1429 1886 1664 1924 Colletftanea
1687 1887 1835 1935 originis
1860 1888 2073 1926 Romanae:
2105 1894 2231 1924 Romu-

1193 1937 1246 1974 lus
1267 1938 1384 1975 coacld
1399 1937 1570 1987 pastorum
1600 1950 1731 1980 manu,
1758 1937 1863 1986 eoique
1885 1940 1922 1974 in
1951 1950 2103 1976 centenos
2122 1939 2235 1975 homi-

1193 2002 1250 2025 nes
1268 1988 1476 2036 distributa,
1502 1987 1645 2034 perticas
1675 1988 1861 2037 manipulis
1891 1988 1992 2024 varie
2017 1990 2156 2027 vim‘ias
2175 1989 2233 2025 de-

1192 2039 1246 2075 dit
1263 2055 1273 2075 .·
1301 2040 1391 2076 unde
1410 2039 1629 2086 constitutum
1651 2065 1660 2080 ‚
1697 2048 1734 2074 ut
1756 2039 1866 2087 ,post’ea
1888 2039 2038 2085 milites,
2065 2040 2126 2089 qui
2144 2042 2235 2085 ejus-

1192 2092 1270 2126 dem
1283 2088 1373 2138 figni
1394 2091 1492 2139 effent
1506 2117 1516 2133 ,
1543 2089 1783 2135 Manipulares
1806 2100 2022 2127 vocarentur.
2070 2091 2233 2137 Vegetio

1193 2140 1304 2177 iidern
1326 2140 1405 2177 sunt
1427 2138 1698 2177 Contubernales
1718 2154 1729 2174 .·
1764 2151 1849 2176 nam
1873 2140 2100 2188 manipulum
2122 2149 2234 2178 vocat

1195 2190 1500 2232 contubernium,
1530 2190 1574 2226 ab
1598 2204 1631 2225 eo
1652 2189 1742 2237 quod
1763 2218 1773 2233 ‚
1801 2190 1944 2238 inquit,
1965 2191 2098 2239 junc‘lis
2118 2191 2234 2227 mani-

1194 2240 1254 2277 bus
1273 2241 1402 2290 pariter
1420 2240 1648 2278 dimicabant.
1668 2240 1765 2277 unde
1789 2243 1825 2277 ὅ(
1849 2241 2231 2289 Commanipulietiam

1191 2291 1290 2328 dicti.
1318 2291 1554 2340 Vetuslapis:
1577 2303 1884 2328 COMMANIPVL‘VS
1913 2304 1962 2329 Π
1991 2304 2117 2329 rienes
2143 2304 2231 2328 eivs

1191 2353 1506 2379 CONTVBERNALI
1532 2354 1605 2378 «svo
1633 2353 1857 2380 castissimo.
1911 2343 2035 2379 Nmp.

1248 2416 1328 2443 120.
1357 2405 1476 2453 Lustra
1499 2405 1674 2454 minora.]
1714 2407 1811 2443 Nam
1836 2419 1879 2444 ex
1901 2406 2020 2454 quinis
2038 2406 2140 2442 annis
2164 2404 2227 2441 dc-

1190 2454 1412 2492 cimestribus
1438 2456 1585 2492 lustrum
1606 2456 1786 2493 mensibus
1809 2468 1840 2492 r..
1870 2456 2061 2492 constabat.
2083 2456 2204 2491 ΝΕΑΡ.

1243 2528 1323 2553 121.
1351 2523 1443 2553 Cum
1467 2516 1551 2552 luna
1570 2529 1733 2566 receperat
1752 2517 1902 2566 orbem]
1932 2517 2075 2556 Videris
2088 2517 2228 2555 hocsu-

1188 2576 1250 2613 pra
1270 2565 1411 2615 negasse
1425 2579 1432 2604 :
1446 2567 1561 2604 scribis
1583 2578 1722 2606 veteres
1741 2568 1818 2605 illos
1836 2569 1957 2605 omnis
1969 2567 2228 2605 Astronomiae

1187 2616 1350 2659 alien0s;
1373 2629 1472 2654 nunc
1483 2617 1569 2654 facis
1581 2619 1718 2656 menses
1739 2619 1888 2655 Romuli
1910 2619 2064 2655 lunares.
2101 2620 2229 2667 Quor-

1185 2665 1261 2703 sum
1281 2667 1370 2704 haec
1383 2667 1539 2712 ἀλσγὶκέ
1572 2669 1746 2707 NEAPOL.
1787 2669 1927 2706 Multae
1954 2669 2154 2709 editiones,
2177 2682 2230 2706 re·

1187 2725 1313 2765 ceperat
1329 2719 1437 2766 3quia
1458 2718 1650 2757 credebant
1672 2722 1825 2767 primam
1854 2719 2021 2767 syllabam
2050 2720 2085 2757 in
2109 2719 2231 2769 replere

1187 2765 1257 2804 esse
1287 2768 1452 2816 longam.
1480 2769 1553 2806 vid.
1583 2771 1628 2808 ad
1655 2771 1716 2808 lib.
1749 2783 1818 2808 vn.
1849 2770 1943 2807 Met.
1973 2769 2055 2807 628.
2093 2770 2152 2808 sed
2182 2781 2227 2807 ex

1188 2817 1295 2855 Laeti
1322 2819 1413 2857 libro
1445 2819 1482 2856 &
1515 2832 1592 2857 uno
1629 2822 1805 2859 Mediceo
1839 2819 2009 2858 Heinsius
2044 2821 2226 2869 reposuit,

1188 2868 1388 2916 repleverat.
1417 2878 1457 2908 ut
1477 2871 1515 2907 δε
1538 2870 1706 2910 Francos.
1727 2873 1834 2910 habet
1854 2883 1921 2920 pro
1943 2871 2037 2909 varia
2054 2871 2229 2910 lectione.

1188 2918 1263 2956 vid.
1284 2919 1343 2956 lib.
1368 2932 1413 2957 11.
1440 2931 1520 2966 ¹75·
1548 2920 1677 2959 Euam.

1239 2981 1318 3007 122.
1348 2970 1413 3006 Hic
1430 2984 1593 3009 numerus
1611 2985 1731 3021 magno
1742 2972 1871 3010 tuncin
1892 2972 2014 3009 honore
2026 2971 2132 3022 suin]
2163 2971 2225 3008 Hic

1186 3018 1304 3065 nostris
1328 3021 1520 3060 Vossianus
1548 3024 1587 3060 δί
1626 3024 1904 3062 Mazarinianus.
1958 3024 2103 3061 Hnms.
2156 3023 2226 3059 Sed

1187 3081 1253 3107 nos
1274 3070 1485 3110 reduximus
1507 3082 1669 3111 veterem
1692 3074 1890 3113 lectionem
1907 3102 1916 3117 ‚
1955 3083 1992 3112 ut
2024 3074 2225 3115 credimus.

1186 3120 1439 3160 necessariam:
1469 3135 1554 3161 nam
1583 3125 1685 3163 aliter
1712 3125 1767 3162 hic
1786 3125 1873 3161 orbis
1894 3125 2075 3162 videretur
2098 3123 2228 3162 intelli-

1188 3171 1339 3219 gendus.
1369 3179 1408 3209 In
1429 3186 1544 3211 amore
1563 3176 1672 3212 etiarn
1694 3177 1808 3223 prima
1831 3177 1973 3213 Veneta
1995 3175 2131 3213 Editio.

1244 3233 1327 3271 123.
1356 3229 1420 3260 Per
1438 3225 1555 3274 quos.]
1584 3232 1648 3263 Per
1660 3236 1740 3275 quot
1762 3227 1951 3264 Media-cus
1971 3227 2007 3263 &
2026 3226 2124 3262 alius.

1249 3284 1334 3324 123.
1362 3280 1428 3361 Ιὲἕν
1448 3289 1527 3325 quos
1546 3289 1728 3315 numerare
1743 3276 1927 3327 solemur]
1974 3276 2073 3314 Hinc
2093 3274 2228 3327 Seneca

2192 3333 2229 3360 m

2083 1686 2233 1724 Thuan.
