2495 3675
262 204 364 257 334

728 182 787 237 P.
861 176 1271 237 ovinii
1345 140 1882 236 NASONIS

574 283 849 356 Quaerere
875 278 1131 342 conabar,
1171 293 1332 358 quare
1360 274 1562 356 lascivia
1589 274 1756 355 major

648 354 755 410 His
778 355 919 409 foret
946 353 999 406 in
1026 351 1230 414 Ludis,
1269 349 1589 416 liberiorque
1607 365 1788 417 jocus:

573 428 678 483 Sed
705 427 834 482 mihi
857 423 1143 485 succurrit,
1179 439 1379 476 numen
1407 438 1517 475 non
1543 419 1644 474 esse
1669 420 1939 488 severum;

646 501 898 572 Aptaque
923 494 1126 550 deliciis
1151 512 1371 549 munera
1397 493 1537 547 ferre
1563 492 1750 548 Deam.

433 597 454 641 3
469 593 528 643 35
567 572 847 643 Tempora
873 567 1106 623 sutilibus
1135 568 1423 637 cinguntur
1448 578 1561 619 tota
1585 568 1833 632 coronis;

648 645 719 700 Et
744 645 868 696 latet
899 638 1089 710 injeffli
1112 639 1384 710 splendida
1410 638 1586 692 mensa
1609 639 1740 694 rosa.

570 717 764 773 Ebrius
790 712 1031 768 incinfiis
1060 711 1262 782 philyra
1294 711 1520 764 conviva
1544 712 1742 781 capillis

652 789 840 850 Saltat,
880 785 935 841 δε
959 784 1270 855 imprudens
1295 783 1460 836 utitur
1488 797 1600 836 arte
1627 786 1778 841 meri.

576 861 769 917 Ebrius
796 859 864 913 ad
894 858 1087 912 durum
1118 855 1378 910 formosae
1402 855 1568 909 limen
1594 856 1793 912 amicae

442 955 544 1006 340

655 935 866 988 Cantat.
904 930 1102 986 habent
1127 927 1314 985 unfftae
1342 927 1520 983 mollia
1543 928 1677 983 serta
1706 946 1909 987 comae.

2284 1065 2436 1121 Nulla

292 1202 369 1242 tera
385 1201 455 1239 hae
474 1198 610 1242 notae}
638 1210 674 1236 c.
698 1211 748 1237 sE
762 1211 787 1236 a
801 1207 945 1236 vxtxv
959 1210 975 1234 s
1008 1208 1046 1234 c.
1067 1209 1100 1233 r.
1132 1207 1151 1232 1=
1165 1205 1257 1232 Lon
1273 1206 1338 1233 Ar..
1386 1195 1548 1240 secutus,
1571 1193 1721 1243 priscum
1742 1209 1869 1234 morem
1891 1197 2044 1245 jocorum
2074 1199 2111 1237 in
2132 1200 2276 1247 scenam
2300 1206 2440 1240 revoca-¹

294 1269 314 1292 P
331 1268 354 1292 a
371 1264 500 1290 lmvs.
533 1251 656 1288 va.
685 1248 908 1287 Conveniunt
927 1257 1045 1297 patres
1067 1259 1119 1295 pr.
1142 1243 1313 1283 Ambros.

350 1329 433 1366 329.
461 1313 668 1353 Annuimus
688 1313 801 1350 votis.-
829 1311 958 1361 Consul
977 1324 1055 1349 cum
1077 1310 1222 1359 Consule
1245 1310 1341 1347 ludos

297 1366 466 1413 Postumio
497 1372 630 1402 Laenas
658 1364 840 1413 perstiluere
869 1362 1008 1411 mihi.]
1073 1362 1189 1418 Anno
1218 1361 1267 1398 V.
1295 1361 1340 1398 C.

298 1430 438 1455 Dtxxx.
466 1426 504 1454 ut
533 1415 629 1454 reete
653 1416 819 1464 supputat
848 1413 1043 1463 Sigonius,
1070 1425 1135 1461 qui
1165 1413 1264 1449 hunc
1282 1411 1340 1450 lo·

298 1480 386 1506 cum
408 1467 566 1505 adducit.
603 1466 691 1514 Ejus
721 1465 828 1502 verba
858 1465 939 1502 sunt
961 1478 969 1501 :
1016 1464 1057 1501 ln
1080 1465 1178 1501 hunc
1201 1474 1341 1520 annum

298 1519 411 1556 creati
440 1517 603 1555 consules
638 1517 683 1554 L.
705 1515 910 1553 Postumius
932 1515 1086 1552 Albinus
1109 1541 1119 1558 ‚
1157 1514 1213 1551 M.
1233 1515 1343 1561 Popt-

296 1569 363 1607 lius
386 1569 540 1606 Laenas.
567 1566 709 1604 Auctor
740 1567 892 1610 Livius,
921 1565 1175 1606 Caffiodorus,
1202 1565 1344 1602 tabulae

299 1620 544 1666 Capitolinae.
573 1618 642 1654 His
667 1615 764 1654 Coss.
782 1616 939 1654 Floraria
962 1615 1122 1654 instituta
1143 1613 1213 1653 effe
1234 1615 1345 1654 docet

300 1669 461 1708 Ovidius
477 1669 567 1706 Fast.
583 1680 618 1705 v.
645 1667 698 1704 his
719 1666 897 1705 versibus:

350 1735 558 1774 Annuimus
577 1732 691 1769 votis.-
722 1731 836 1779 consul
857 1745 934 1768 cum
954 1731 1084 1780 consule
1101 1731 1196 1769 ludos

406 1785 575 1832 Postumio
595 1789 728 1820 Laenas
744 1782 925 1831 persoluere
945 1783 1045 1820 mihi.

300 1851 508 1890 Postumius
525 1860 624 1886 anno
656 1859 824 1885 DLxxnI.
853 1847 1016 1896 Popilius
1039 1859 1213 1885 mxxvrx.
1241 1858 1344 1904 prae-

299 1912 420 1941 turam
443 1898 634 1949 gesserunt.
662 1899 830 1946 Uterque
848 1907 971 1936 autem
995 1900 1033 1936 in
1058 1898 1259 1937 Consulatu
1278 1899 1344 1936 Li-

301 1965 407 2002 gures
426 1952 568 1989 sortitus
591 1950 649 1990 est.
695 1949 856 1996 Popilius
877 1949 1116 1987 Statellatibus
1135 1949 1264 1987 deditis
1291 1961 1344 1987 ar·

301 2016 365 2042 ma
385 2003 524 2040 ademit
547 2029 556 2046 ,
592 2000 684 2049 ipsos
711 2000 884 2048 bonaque
906 2012 1035 2037 eorum
1067 2000 1245 2038 vendidit.
1274 2001 1346 2038 Po-

301 2055 452 2092 stumius
480 2064 526 2090 ue
556 2051 782 2100 provinciam
804 2049 954 2100 quidem
976 2050 1077 2089 suam
1100 2051 1203 2088 vidit.
1232 2051 1348 2089 C1or.

303 2105 347 2142 In
371 2103 640 2150 manuscripto.
668 2100 796 2150 Consul
823 2114 901 2138 cum
929 2101 1072 2149 Consule
1099 2102 1202 2138 laetos
1232 2102 1348 2148 Postu-

304 2155 373 2193 mio
394 2154 502 2191 ludos.
532 2153 681 2190 Rectius
701 2151 795 2189 cusi:
824 2152 936 2189 facilis
954 2153 1023 2189 fuit
1041 2151 1271 2200 transpositio
1289 2153 1347 2190 lit-

300 2216 475 2243 terarum.
502 2204 681 2242 NEAPOL.
732 2202 821 2241 Vid.
842 2200 945 2241 Voss.
964 2203 1009 2241 de
1032 2203 1219 2241 Idololatr.
1238 2203 1298 2241 lib.
1320 2217 1346 2242 1.

308 2268 366 2296 12.

358 2319 445 2358 329.
473 2303 820 2353 Annuimusvotis]
851 2310 930 2341 Vota
949 2304 1349 2344 libriveteres.Hfixus.

357 2381 445 2420 330.
473 2369 664 2419 Perfhluere
683 2369 814 2419 mihi.]
863 2369 921 2407 Sic
942 2369 1064 2418 prisci:
1093 2371 1176 2414 alii,
1204 2371 1269 2407 rite
1289 2386 1350 2408 vo-

302 2436 385 2459 vere
405 2420 504 2458 mihi.
533 2422 710 2458 vaot.
738 2420 814 2457 Rite
831 2433 958 2457 vovere
975 2421 1095 2468 Pigius
1118 2422 1291 2459 emendat
1309 2424 1347 2459 in

305 2472 508 2509 Annalibus
538 2479 631 2508 tom.
660 2484 707 2508 11.
745 2483 791 2508 ex
819 2471 949 2518 scripto
982 2471 1114 2509 codice
1151 2484 1231 2521 pag.
1261 2473 1345 2521 361.

305 2523 409 2571 quod
428 2523 524 2571 leges
548 2521 738 2570 prosodiae
757 2533 836 2560 non
860 2523 994 2560 ferunt.
1021 2523 1167 2563 Heius.
1217 2523 1350 2570 Consti-

304 2584 398 2611 tuere
418 2574 556 2611 Satrav.
577 2573 614 2610 &
634 2574 733 2610 alius.

358 2651 442 2690 331.
470 2641 590 2685 Qare
618 2637 766 2686 lascivia
794 2639 942 2688 majam]
999 2640 1170 2679 Nudatae
1198 2651 1288 2680 tunc
1309 2644 1349 2681 in

306 2688 411 2726 icen-21
432 2691 593 2731 mimae,
620 2689 708 2726 teste
739 2689 888 2726 Seneca.
944 2690 990 2726 Et
1010 2692 1098 2739 quid
1121 2704 1198 2728 non
1223 2693 1347 2730 actum

308 2739 557 2786 impudentius
578 2739 639 2777 sub
667 2739 794 2776 Florae
824 2738 994 2787 clypeo?
1033 2739 1154 2778 AElius
1179 2743 1349 2790 Lampri-

309 2788 389 2826 dius
413 2790 456 2825 de
480 2790 723 2838 Heliogabalo
744 2803 752 2827 :
793 2789 978 2827 Hieroclem
1006 2804 1086 2827 vero
1110 2789 1158 2840 fic
1180 2793 1322 2829 amavit
1337 2820 1347 2837 ,

307 2849 349 2874 ut
368 2839 513 2885 ejusdem
548 2840 693 2887 inguina
719 2839 958 2885 oscularetur3
996 2841 1087 2890 quod
1117 2842 1211 2878 diora
1241 2844 1348 2880 etiam

310 2891 542 2925 verecundum
564 2893 628 2934 est,
657 2890 808 2927 Floralia
830 2893 932 2939 sacra
953 2891 984 2937 [ὲ
1012 2891 1151 2940 affirens
1174 2893 1348 2931 celebrare.

309 2939 480 2986 Adegere
509 2950 551 2975 ea
579 2940 662 2976 festa
687 2968 696 2983 ‚
733 2950 773 2978 ut
805 2940 824 2977 ὲ
853 2943 995 2979 theatro
1026 2942 1136 2980 semel
1160 2945 1350 2993 aufugeret

312 2989 410 3026 Cato
425 3015 433 3030 ‚
460 3000 529 3024 nec
548 2989 671 3026 denuo
702 2991 834 3027 exinde
857 2992 1000 3029 viseret.
1041 2993 1206 3032 Valerius
1229 2996 1350 3033 Maxi-

310 3049 394 3076 mus
415 3037 473 3074 lib.
494 3050 538 3074 11.
559 3049 635 3086 cap.
654 3052 707 3075 10.
761 3042 888 3077 Eodem
927 3042 1024 3079 ludos
1052 3043 1195 3081 Florales
1221 3074 1230 3089 ,
1272 3060 1352 3096 quos

311 3088 449 3139 ,Meffius
471 3087 599 3123 AEdilis
611 3088 766 3134 satiebat
783 3116 791 3131 ,
807 3091 978 3136 spatiante
997 3119 1007 3134 ,
1027 3095 1170 3141 populus
1189 3124 1200 3139 ,
1229 3106 1269 3132 ut
1285 3097 1352 3134 mi-

312 3153 391 3177 mae
411 3138 647 3181 nudarentur,
673 3139 748 3186 posti
762 3140 841 3175 ,lare
857 3141 991 3176 crubuit
1007 3155 1021 3178 :-
1035 3145 1124 3190 quod
1142 3158 1219 3181 cum
1232 3161 1271 3183 ex
1285 3154 1353 3184 Fa-

309 3190 416 3227 vonio
432 3187 627 3235 amiciffimo
637 3186 705 3236 fibi
724 3201 796 3225 urta
810 3190 948 3237 sedente
970 3194 1164 3243 cognoviffi’t
1179 3224 1188 3239 ,
1217 3196 1352 3246 disceffi't

309 3241 329 3277 ὲ
346 3241 479 3277 theatro
492 3267 502 3283 ,
529 3252 569 3275 nc
586 3238 781 3288 praesentia
794 3240 863 3286 [uei
875 3241 1057 3290 speffaculi
1078 3247 1352 3293 consuetudinem

309 3290 511 3342 impediret:
539 3302 638 3340 quem
658 3289 980 3341 abeuntemingemi
993 3293 1113 3345 plausu
1127 3298 1350 3349 fspzeluspross

1395 1246 1465 1281 vit.
1490 1245 1580 1283 Dixi
1593 1245 1724 1284 denuo:
1753 1259 1839 1286 nam
1860 1248 2012 1287 Catonis
2033 1250 2197 1300 ejusdem
2219 1253 2340 1301 postea
2353 1264 2440 1301 prof

1397 1294 1463 1332 diit
1482 1295 1599 1339 liber,
1624 1304 1665 1334 ut
1690 1297 1823 1335 fatetur
1851 1308 1954 1337 vetus
1978 1301 2144 1347 Auctor,
2177 1302 2222 1341 ad
2251 1303 2440 1351 Magistras

1397 1351 1476 1382 tum
1496 1344 1588 1383 serio
1608 1346 1755 1394 scriptus
1782 1349 1818 1384 in
1845 1349 2010 1389 Floralia.
2070 1353 2187 1391 Natus
2205 1353 2289 1391 sane
2311 1352 2440 1392 virille

1397 1394 1442 1434 ad
1462 1397 1731 1434 coercitionem
1757 1409 1906 1436 morum
1935 1412 2041 1440 verus
2069 1403 2138 1442 fuit
2161 1404 2312 1442 Censor.
2363 1404 2441 1442 Ve-

1399 1458 1437 1483 re
1483 1446 1574 1484 olim
1620 1448 1776 1496 populus
1819 1449 1857 1486 in
1903 1449 2092 1498 ipsiusmet
2132 1454 2266 1492 statuae
2309 1454 2438 1494 titulo:

1398 1496 1609 1550 ’Ἐπέγςοιψεν
1635 1529 1646 1549 7
1681 1499 1800 1546 inquit
1829 1499 2062 1547 Plutarchus,
2091 1503 2110 1542 ἐ
2142 1504 2202 1547 τοὶς
2226 1505 2442 1559 ςςοιτηγιόις,

1400 1550 1454 1590 δ’δὲ
1473 1551 1503 1591 “1⁸'‘
1523 1549 1703 1603 θάωμὲον
1729 1554 1756 1597 Ξ
1789 1553 1980 1602 Κρίτωνῶυ,
2008 1560 2081 1597 ‘iza’
2113 1559 2179 1610 (ὦς
2208 1557 2245 1597 ε”ίν
2265 1578 2313 1602 τις
2332 1578 2462 1610 parm.

1399 1604 1534 1659 φξοῖσ-ε-ιε
1560 1607 1626 1645 ’1-ἶώ
1652 1606 1873 1661 ἒπινγξοὶφᾶω)
1904 1612 1953 1651 ‘o'vc
1984 1613 2052 1651 τῖα)
2080 1612 2245 1663 Ῥωμαίων
2274 1614 2441 1653 πολι-τάσιν

1399 1660 1632 1718 ὲγκεκλψᾋζω
1654 1665 1711 1712 ιφᾴ
1729 1666 1870 1716 ῥέῃ-εστιν
1899 1670 1948 1705 ἐπὶ
1969 1667 2016 1705 ταὶ
2045 1669 2140 1718 χείρω
2162 1698 2172 1716 .,
2205 1667 2340 1719 τιμητὴς
2359 1670 2442 1720 2226-

1397 1714 1529 1766 μῖμΘυ,
1558 1722 1700 1770 >gene-0225
1718 1720 1878 1777 oe'yuygei‘s
1907 1727 1939 1774 ις
1964 1720 2124 1774 σώφροσιν
2142 1726 2293 1773 ἔθη-μοῖς
2313 1725 2370 1772 »(9τῆ
2396 1722 2446 1775 ὃιὴ

1399 1769 1603 1814 &amoeniam
1621 1774 1666 1814 εἰς
1684 1776 1775 1825 ὂξθόν
1795 1778 1897 1817 αὖθις
1917 1776 2157 1820 {bonade-nwe-
2190 1779 2315 1817 NLAP.
2465 1786 2467 1789 ¹

1453 1845 1538 1884 332.
1567 1836 1782 1889 Liberiorque
1799 1842 1928 1893 jocus.]
1991 1843 2193 1895 Uberiorque
2218 1847 2385 1888 Voffian.
2405 1849 2447 1889 &

1399 1892 1469 1923 tres
1489 1886 1560 1925 alii.
1587 1887 1675 1925 locus
1695 1890 1845 1930 Putean.

1454 1948 1539 1986 335.
1566 1944 1728 1989 Tempora
1736 1943 2096 1994 sutilibus-cinguntur
2107 1957 2182 1985 tota
2196 1950 2360 2001 coronis.]
2387 1951 2446 1991 Sic

1401 1986 1573 2037 scriptum
1599 1993 1740 2039 repperi
1770 1994 1807 2032 in
1839 2007 1997 2044 quatuor
2029 2000 2210 2038 veteribus
2228 2000 2341 2051 idque
2361 2013 2447 2051 pro·

1403 2037 1464 2075 bo.
1493 2040 1663 2079 Cxomu.
1718 2045 1749 2081 A
1769 2044 1908 2085 suendo
1930 2047 1977 2086 fic
1996 2048 2126 2087 dictae.
2153 2051 2199 2088 de
2217 2052 2272 2090 his
2299 2055 2448 2101 capieni

1403 2089 1469 2126 dus
1491 2090 1740 2132 Tertullianus
1761 2097 1797 2133 in
1819 2096 1952 2136 Pallio:
1984 2105 2086 2137 Vetus
2101 2101 2182 2148 jam
2201 2102 2340 2149 Hydrae
2355 2108 2448 2139 Cen-

1403 2149 1652 2192 taurorumque
1692 2147 1836 2194 J'anguis
1868 2149 2004 2197 pumice
2028 2151 2160 2199 speculi
2197 2150 2448 2191 excludebatur

1403 2190 1510 2237 (cave
1531 2193 1634 2230 aliter
1652 2194 1762 2243 legas)
1789 2197 1981 2245 insultante
2000 2200 2147 2238 luxuria
2160 2229 2170 2245 ,
2197 2211 2238 2237 ut
2259 2203 2329 2250 post
2347 2217 2448 2240 mon-

1395 2240 1472 2287 stra
1500 2242 1676 2289 transfixa
1704 2259 1862 2284 coronam
1879 2247 2031 2298 forfitan
2050 2251 2200 2298 suerent.
2254 2252 2340 2291 Hae
2366 2254 2447 2294 sunt

1405 2292 1594 2341 Hesychio
1616 2292 1794 2341 ῥάμματα
1812 2297 1944 2336 ἀνθινά.
1989 2300 2137 2339 Graecis
2161 2302 2286 2347 ῥάμμα
2303 2304 2444 2343 sutura:
2486 2336 2490 2341 .

1405 2342 1503 2380 unde
1519 2345 1646 2390 ῥαπτά
1664 2346 1788 2386 dixere
1812 2349 1923 2387 iidem
1938 2353 2099 2389 carmina
2123 2353 2272 2401 disjecta
2302 2355 2446 2401 &spar-

1403 2392 1437 2430 sa
1455 2394 1491 2430 in
1510 2406 1624 2433 unum
1640 2424 1650 2441 ,
1679 2398 1793 2436 veluti
1822 2400 1993 2444 consuta;
2022 2402 2140 2451 qualia
2160 2405 2262 2442 fuere
2282 2405 2339 2443 illa
2360 2406 2445 2445 Ho-

1403 2446 1496 2482 meri
1516 2445 1605 2484 olim
1620 2475 1630 2492 ,
1657 2456 1697 2485 ut
1715 2449 1791 2487 vult
1809 2450 1952 2488 Pindari
1971 2452 2184 2492 Scholiastes
2203 2454 2249 2492 ad
2277 2456 2447 2495 Nemeo-

1402 2495 1513 2532 nicas.
1536 2496 1715 2546 Scriptus,
1743 2500 1930 2549 cinguntur
1957 2512 2042 2541 tota.
2069 2504 2247 2544 Nisaeos..
2302 2507 2446 2545 Censeo

1402 2544 1632 2585 scribendum
1652 2576 1663 2593 ‚
1695 2551 1872 2599 quicquid
1892 2552 2012 2600 scripti
2039 2554 2184 2593 codices
2211 2555 2446 2602 dissentiunt,

1404 2604 1556 2644 tempora
1571 2608 1671 2646 pota,
1699 2601 1773 2638 hoc
1798 2601 1847 2639 est
1870 2630 1879 2646 ,
1918 2612 2009 2650 potu
2035 2604 2193 2643 madida.
2227 2609 2317 2643 tecla
2337 2607 2385 2644 est
2405 2607 2463 2646 in'

1405 2646 1570 2684 editione
1597 2649 1753 2698 Gryphii
1791 2652 1831 2689 ὃ(
1859 2654 2024 2703 quinque
2049 2667 2160 2692 manu
2197 2658 2360 2694 exaratis.
2397 2658 2444 2695 τὸ

1400 2704 1481 2743 pota
1502 2698 1739 2738 confirmatur
1762 2700 2035 2753 asequentibus.
2061 2705 2203 2742 Hsms.
2242 2706 2444 2755 pinguntur

1406 2745 1512 2801 multi
1535 2749 1679 2788 codices
1703 2752 1741 2788 ὅ(
1761 2752 1847 2791 edit.
1875 2755 2016 2803 Gryph.
2034 2754 2190 2801 Neapol.
2213 2756 2250 2793 ἃ
2266 2767 2442 2808 potuspro

1405 2796 1505 2833 ebrio
1526 2800 1636 2836 etiam
1666 2805 1826 2841 occurrit
1852 2805 1917 2842 inf.
1937 2805 1996 2843 lib.
2017 2815 2067 2841 vr.
2089 2804 2173 2842 682.
2202 2808 2239 2843 ὅς
2263 2808 2346 2856 789.
2375 2819 2442 2858 pro

1396 2846 1583 2894 sutilibus,
1613 2852 1786 2890 tortilibus
1813 2854 1984 2890 Voffian5
2001 2854 2080 2898 alii,
2109 2856 2299 2903 nexilibus,
2321 2860 2440 2903 futili-

1404 2896 1468 2933 bus
1481 2926 1492 2942 ,
1501 2899 1647 2949 suffusis.
1667 2903 1712 2940 de
1732 2903 1889 2940 sutilibus
1908 2905 2056 2941 coronis
2078 2906 2151 2953 egit
2169 2919 2285 2956 nuper
2297 2909 2440 2959 joseph.

1406 2949 1606 2988 Lanzonus
1623 2952 1669 2989 de
1687 2953 1845 2989 Coronis
1865 2955 1902 2989 δε
1916 2955 2122 3002 Unguentis
2139 2958 2175 2998 §.
2199 2969 2231 3004 7.
2244 2959 2302 2997 sed
2314 2972 2440 3010 parum

1406 3000 1498 3035 novi
1522 3000 1649 3037 docuit
1667 3002 1793 3038 orbem
1814 3002 2009 3041 literatum.
2036 3005 2170 3043 Euam.

1461 3050 1542 3096 336.
1570 3054 1618 3086 Et
1635 3051 1719 3087 latet
1736 3052 1902 3103 injecta]
1941 3055 2047 3093 Haec
2071 3057 2215 3097 illustrat
2234 3060 2377 3101 Salmas.
2394 3061 2437 3101 ad

1406 3098 1519 3147 Spart.
1543 3099 1683 3138 AElium
1697 3102 1855 3142 Verum.
1876 3117 1954 3154 cap.
1978 3118 2013 3143 v.

1460 3160 1544 3205 33⁸7.
1571 3150 1694 3188 Ebrius
1710 3154 1907 3205 inanem]
1935 3156 2078 3201 Scribe,
2107 3158 2276 3200 incinelus
2300 3158 2440 3212 philyra

1408 3213 1559 3236 convzva
1576 3202 1720 3250 capillos.
1750 3205 1871 3242 ΝεΑῐ).
1899 3205 2060 3255 Phyliras
2080 3209 2232 3249 Voff&
2255 3226 2345 3253 unus
2356 3215 2437 3252 Me-

1409 3249 1532 3287 diceus
1555 3278 1564 3293 ,
1602 3262 1642 3289 ut
1675 3253 1716 3291 sit
1753 3255 1994 3295 Graecismus.
2032 3268 2100 3303 ut,
2141 3262 2310 3302 incinaus
2344 3263 2440 3300 tum'-

1408 3313 1483 3340 cam
1497 3329 1508 3347 ‚
1527 3302 1592 3340 inf.
1604 3302 1659 3346 ΧΤ.
1681 3304 1765 3353 675.
1794 3307 1938 3347 ΗξιΝς.
1966 3309 2134 3349 Conviva
2150 3317 2276 3353 coronis
2297 3312 2442 3402 {Ieme

1885 3382 1889 3384 -
2337 3374 2440 3413 timp-¹
