2495 3675
489 154 1129 235 TRISTIUM

1201 172 1254 227 L
1292 166 1313 227 ἰ
1350 191 1394 227 Β.
1468 172 1506 226 Ι.
1579 173 1784 232 ELEG.
1822 178 1860 233 Ι.

2123 174 2225 253 '44³

308 260 326 266 ’Δ
363 281 565 337 Felices
591 291 782 335 ornent
811 277 941 332 haec
967 275 1313 332 instrumenta
1336 272 1560 337 libellos;

219 377 290 414 10

437 353 711 409 Fortunae
738 368 1039 406 memorem
1065 364 1118 404 te
1148 350 1306 403 decet
1330 343 1432 402 esse
1458 364 1623 402 meae.

367 427 487 482 Nec
517 426 686 497 fragili
714 425 956 496 geminae
980 423 1249 494 poliantur
1276 421 1492 493 pumice
1518 420 1746 477 frontes:

432 501 692 557 Hirsutus
721 494 870 569 paflis
900 508 958 550 ut
982 495 1198 550 videare
1226 493 1415 550 comis.

71 766 314 811 intellexisse,
343 772 384 803 ut
410 763 545 807 hodie,
575 761 714 810 primae
738 759 891 808 paginae
919 758 1125 797 solummo-

80 822 129 860 do
149 819 419 867 inscriptionem
438 842 448 858 ‚
469 824 563 862 quae
586 812 691 848 index
710 811 822 848 etiarn
838 809 969 848 dicitur
982 838 992 854 ,
1011 810 1070 848 sed
1080 811 1128 847 ti-

83 871 178 911 tulos
200 866 343 907 vocasse
365 865 522 914 majores
543 873 698 911 operum
723 868 838 910 partes
852 888 862 904 ,
881 868 919 898 ut
931 861 1044 910 capita
1058 862 1126 898 mi-

79 932 210 965 noreS,
239 920 350 957 docet
380 916 499 953 Barth.
517 914 561 952 ad
600 911 729 950 Claud.
752 912 903 959 praefat.
933 911 1020 949 Bell.
1042 913 1127 949 Get.

81 972 135 1016 Jl's.
155 984 190 1020 9.
220 971 323 1008 Plura
344 968 389 1005 de
410 967 506 1004 varia
525 965 630 1002 vocis
661 963 768 1012 hujus
788 963 825 1000 &
847 962 938 1000 olim
967 963 1005 1000 &
1025 962 1128 1000 dein-

79 1024 126 1062 de
144 1020 409 1071 significatione
429 1017 502 1055 vid.
523 1015 621 1064 apud
643 1014 817 1051 Munker.
831 1013 876 1051 ad
888 1013 1129 1061 Hygin.Fab.

78 1085 192 1119 fzxxx.
220 1074 257 1109 ὅ(
279 1071 450 1117 Stephan.
468 1067 514 1106 ad
535 1068 668 1105 Saxon.
691 1065 860 1103 Gratum.
878 1064 1028 1114 praefat.
1050 1076 1132 1114 pag.

82 1137 118 1163 2.
147 1124 184 1162 &
207 1123 310 1160 alios.
339 1120 471 1157 Euam.

134 1186 168 1221 7.
195 1171 341 1221 Cedro.]
381 1171 481 1208 Oleo
505 1168 649 1206 cedrino.
678 1168 828 1205 Chartas
848 1174 975 1204 contra
997 1167 1131 1204 cariem

81 1225 269 1264 illinebant
296 1230 449 1260 veteres.
501 1222 628 1268 Quem
663 1231 808 1257 morem
840 1217 996 1255 ostendit
1014 1217 1133 1254 Auso-

84 1279 164 1316 nius
184 1275 308 1313 Gallus
322 1301 332 1319 ,
361 1273 463 1322 cujus
484 1273 574 1310 haec
596 1271 675 1309 sunt
697 1269 743 1308 ad
763 1269 924 1308 libellum
948 1268 1073 1305 suurn:

134 1348 170 1386 Si
188 1347 297 1386 tineas
326 1345 518 1393 cariemque
534 1342 609 1391 pati
628 1352 659 1377 te
675 1368 684 1385 ,
729 1340 853 1377 charta
868 1340 1003 1388 ,neceffe
1023 1338 1085 1386 est,

193 1398 302 1448 Incipe
323 1394 499 1444 versiculis
516 1404 599 1430 ante
616 1394 723 1442 perire
746 1391 840 1429 meis.

141 1450 264 1493 Malo,
293 1447 430 1498 inquis,
458 1444 580 1482 tineas.
599 1443 712 1492 sapis,
738 1441 932 1491 aerumnose
952 1439 1085 1485 libelle,

192 1498 357 1546 Perfungi
377 1496 496 1534 mavis
519 1494 578 1543 qui
597 1493 725 1531 leviore
744 1493 846 1530 malo.

140 1552 210 1600 Ast
232 1563 284 1599 ego
304 1547 488 1595 damnosae
510 1545 583 1582 nolo
604 1545 674 1582 otia
691 1543 826 1594 perdere
843 1543 990 1592 Musae,

190 1602 384 1647 Jaciuram
403 1597 514 1646 somni
535 1608 621 1646 quae
638 1595 736 1644 parit
750 1622 760 1639 ,
789 1604 894 1645 atque
911 1594 987 1631 olei.

141 1652 267 1689 Utilius
285 1650 432 1686 dormire
447 1647 526 1694 fuit
538 1674 548 1690 ,
575 1658 683 1696 quam
696 1645 834 1695 perdere
846 1645 1010 1693 fhmnum
1024 1672 1036 1688 ‚

194 1707 315 1752 Atque
336 1700 470 1742 oleum;
499 1711 634 1734 verum.
663 1699 765 1741 causa
779 1695 839 1744 sed
858 1696 922 1742 isla
942 1695 1031 1732 mihi
1052 1693 1107 1742 est.

141 1756 270 1798 Irascor
290 1749 451 1794 Proculo,
480 1749 576 1796 cujus
587 1747 763 1793 facundia
784 1757 888 1784 tanta
906 1745 972 1793 est,

195 1807 363 1853 ‘Quantus
382 1801 487 1838 honor
497 1814 507 1843 ;
530 1798 664 1848 scripsit
687 1798 845 1848 plurima
864 1809 952 1846 quae
969 1795 1111 1833 cohibet.

142 1856 234 1894 Hinc
255 1853 360 1896 (ludio
379 1850 513 1900 ulcisci,
542 1861 585 1889 &⁸
601 1858 759 1899 prompta
776 1847 819 1896 est
839 1847 923 1885 haec
944 1846 1030 1884 ultio
1042 1846 1138 1893 Vati,

190 1906 265 1954 Qi
279 1905 348 1954 sua
368 1917 435 1940 non
453 1902 523 1940 edit
545 1900 705 1938 carmina
718 1928 728 1945 ‚
756 1899 868 1946 nostra
884 1898 986 1947 legat.

142 1959 258 2005 Hujus
280 1957 319 1993 in
337 1953 480 1992 arbitrio
499 1952 542 1997 esi
555 1979 566 1997 ‚
583 1952 646 2000 seu
669 1961 701 1988 te
712 1951 928 2001 juvenescere
950 1949 1070 1995 cedro,

192 2014 256 2044 Seu
268 2006 387 2056 jubeat
410 2004 507 2041 duris
529 2000 706 2040 vermibus
723 2002 779 2051 effe
794 2000 919 2037 cibum.

143 2059 236 2097 Huic
257 2070 310 2106 ego
324 2084 334 2100 ‚
363 2056 453 2106 quod
472 2053 565 2091 nobis
578 2051 722 2102 superesi
741 2051 896 2099 ignobilis
913 2050 987 2095 oti,

194 2114 330 2157 Deputo
344 2135 355 2152 ,
373 2105 452 2154 five
471 2105 581 2153 legat,
595 2115 682 2154 quae
700 2102 786 2139 dabo
801 2130 812 2147 ,
832 2100 908 2150 sive
929 2109 1038 2150 tegat.

80 2177 183 2216 {Hoc
211 2170 452 2211 autem·10co
485 2169 530 2207 ad
556 2168 735 2207 librorum
764 2175 937 2206 ornatum
975 2178 1024 2204 eo
1051 2165 1140 2204 oleo

76 2228 171 2268 .usos
192 2222 262 2263 effe
279 2222 417 2262 indicat
439 2222 556 2259 Po'e'ta
574 2219 706 2258 noster.
735 2219 772 2256 δε
799 2217 975 2256 Martialis
1004 2217 1067 2256 lib.
1087 2229 1117 2256 1.

144 2290 254 2330 Cedro
277 2301 370 2326 nunc
387 2286 465 2326 licet
486 2284 639 2324 ambules
656 2285 850 2334 perunllus.

84 2354 227 2393 ,Rursus
246 2354 306 2392 hic
325 2350 460 2390 Noster
479 2349 572 2388 libro
590 2361 655 2386 111.
682 2348 825 2397 Eleg.1.

146 2418 251 2468 {Quod
270 2429 375 2466 neque
391 2415 468 2462 sum
485 2413 578 2452 cedro
597 2411 738 2462 flavus,
766 2424 824 2448 nec
839 2409 973 2460 pumice
994 2408 1092 2446 levis.

96 2469 271 2508 emm«.

151 2519 186 2556 8.
211 2516 375 2554 candida
395 2528 452 2552 nec
471 2512 573 2563 nigrai
592 2524 720 2550 cornua
738 2512 853 2557 fronte
869 2509 1001 2560 geras]
1032 2509 1144 2557 Opti·

97 2580 161 2607 me
179 2569 279 2606 hunc
305 2562 432 2605 locum
463 2565 618 2603 declarat
648 2561 791 2611 politiss.
825 2562 879 2598 vir
910 2561 1042 2598 Paulus
1058 2561 1144 2597 Ma-

86 2619 220 2658 nutius
242 2620 278 2656 in
300 2618 520 2655 Comment.
538 2615 576 2652 in
598 2611 937 2661 Epist.v11.lib.1n.
957 2611 1139 2649 Familiar.

90 2671 215 2719 Cujus
234 2669 326 2706 haec
348 2668 455 2705 verba
474 2666 573 2704 sunt:
600 2669 788 2701 Extremae
802 2671 940 2712 partes,
969 2662 1059 2711 quod
1079 2674 1139 2698 ex-

85 2731 157 2760 tra
177 2720 341 2758 volumen
361 2717 566 2758 eminentes,
593 2728 759 2752 cornuum
773 2712 1045 2763 similitudinem
1058 2722 1140 2762 prae

88 2772 129 2821 se
139 2773 273 2815 ferrent
286 2798 297 2815 ‚
326 2781 452 2806 cornua
471 2766 688 2804 vocabantur
708 2778 716 2803 ε
753 2765 875 2815 quibus
896 2773 1141 2801 ornamentum

95 2822 240 2872 >aliquod
259 2821 343 2858 addi
366 2819 511 2868 solitum
548 2816 688 2865 ostendit
718 2815 890 2861 Ovidius,
919 2828 997 2853 cum
1014 2814 1144 2852 librum

87 2873 200 2922 suum
228 2872 346 2921 Elegia
365 2883 392 2908 1.
409 2867 569 2917 Trist.fic
589 2867 799 2916 alloquitur:

154 2942 318 2982 Candida
337 2953 406 2979 nec
426 2941 525 2989 nigra
555 2949 691 2977 cornua
712 2938 833 2975 fronte
853 2947 966 2986 geras.

105 3011 176 3044 Nec
193 3019 286 3055 geras
310 3003 460 3042 candida
481 3015 605 3039 cornua
627 3030 638 3046 ‚
667 3014 753 3051 quae
767 3003 931 3047 fortunae
948 3000 1035 3048 sunt
1054 2999 1152 3038 indi·

94 3056 158 3094 -cia
176 3056 347 3100 laetioris,
376 3068 454 3092 cum
469 3053 516 3103 fit
542 3063 662 3089 atrata
683 3053 805 3100 frons,
833 3052 972 3100 qualem
991 3052 1027 3089 in
1049 3051 1144 3088 cala-

105 3107 228 3144 mitate
256 3106 366 3152 nostra
388 3106 479 3142 decet
497 3105 565 3154 effe.
625 3102 681 3150 Est
700 3103 792 3140 enim
805 3104 906 3148 frons
927 3102 1008 3139 libri
1049 3112 1143 3138 exte-

106 3157 175 3196 rior
194 3158 383 3195 voluminis
394 3167 487 3207 pars.
521 3161 642 3204 ltaque
663 3153 757 3190 dixit
776 3153 867 3192 idem
884 3154 1038 3203 proximo
1049 3153 1148 3202 supe-

106 3207 192 3246 riore
210 3211 334 3256 versu.-

161 3272 243 3309 Nec
262 3272 377 3320 fragili
398 3272 568 3322 geminae
586 3268 769 3318 poliantur
788 3270 938 3318 pumice
957 3270 1109 3308 frontes.

103 3335 218 3388 {iaec
234 3335 307 3387 tue.
331 3336 419 3388 Huc
440 3336 551 3389 stiam
571 3336 727 3388 pertinet
746 3335 850 3388 locus,
868 3334 1051 3389 Autome,

2125 621 2232 678 Ne·-

1234 761 1332 808 {Luos
1356 758 1434 808 legis
1455 757 1478 795 ιὶ
1495 758 1612 809 prima
1635 759 1794 797 deductos
1811 757 1946 797 menide
1967 757 2073 806 libri,

1285 813 1447 848 Doctores
1461 812 1598 859 patriae
1615 812 1701 860 scito
1715 809 1817 861 fuisse
1835 824 1939 849 meae.

1183 872 1298 922 Super
1317 884 1393 922 quo
1411 872 1502 910 haec
1532 879 1637 910 notat
1665 869 1806 909 doctus.
1834 870 2031 910 Turnebus
2054 870 2114 911 lib.
2134 875 2231 913 xxm

1185 935 1263 972 cap.
1290 935 1345 961 10.
1373 923 1566 961 Adversar.
1591 922 1894 970 Veteres,inquit‚
1923 931 1962 958 ut
1975 923 2013 960 in
2024 923 2112 960 calce
2130 924 2234 961 libro-

1185 987 1265 1012 rum
1297 974 1485 1010 coronidem
1514 972 1738 1022 appingebant
1758 1000 1768 1016 ‚
1805 972 1858 1008 ita
1879 999 1888 1016 ,
1918 982 1958 1009 ut
1981 974 2129 1023 suspicor
2148 1002 2158 1020 ,
2195 975 2234 1012 in

1177 1027 1297 1072 fronte
1317 1025 1478 1062 lunulam
1495 1024 1542 1060 ad
1562 1033 1724 1060 ornatum
1747 1021 1981 1071 defignabant.
2030 1025 2145 1062 Menis
2170 1038 2236 1062 att·

1187 1086 1257 1113 tem
1279 1075 1404 1112 lunula
1425 1075 1467 1119 est
1481 1103 1490 1120 ,
1518 1087 1605 1123 quae
1623 1087 1699 1111 cum
1729 1074 1940 1110 corniculata
1952 1072 2021 1123 fit,
2050 1075 2173 1112 idcirco
2192 1086 2235 1116 <9⁶

1189 1140 1317 1163 cornua
1358 1126 1479 1163 Latini
1519 1139 1556 1162 ea
1603 1135 1811 1162 ornamenta
1848 1123 2016 1162 librorum
2058 1139 2236 1166 vocavere.

1190 1178 1360 1216 Cromn.
1768 1220 1771 1223 ,

1250 1239 1307 1265 11.
1336 1227 1520 1265 Poliantur
1545 1226 1678 1275 pumice
1698 1225 1871 1276 frontes.]
1936 1225 2106 1263 Libellum
2134 1229 2237 1266 arida

1188 1279 1323 1329 pumice
1345 1278 1531 1327 expolitum
1544 1305 1554 1322 ‚
1570 1279 1605 1314 ὅ(
1624 1277 1783 1315 chartam
1801 1276 1934 1327 pumice
1953 1289 2140 1326 aequatam
2165 1279 2239 1317 Ca-

1193 1331 1301 1368 tullus
1321 1331 1422 1367 dixit.
1460 1328 1637 1366 Martialis
1651 1356 1660 1372 ,
1675 1330 1798 1376 Aspero
1817 1327 1970 1365 libellum
1992 1329 2109 1377 Morsu
2125 1330 2242 1376 pumi-

1195 1381 1240 1418 cis
1260 1381 1351 1417 aridi
1367 1379 1526 1430 politum.
1548 1379 1717 1417 Tibullus
1730 1379 1896 1417 librom.
1917 1379 2020 1428 Eleg.
2034 1391 2061 1418 1.
2089 1380 2239 1429 'sonsum

1188 1432 1321 1482 pumice
1338 1444 1442 1468 canas
1458 1442 1582 1468 comas.
1596 1430 1740 1467 Huius.
1769 1428 1871 1468 Voff.
1891 1430 1935 1467 ad
1946 1429 2199 1469 Catu1.Carm.
2211 1445 2238 1471 ι.

1192 1483 1332 1521 frontes
1381 1483 1419 1520 in
1456 1480 1703 1519 voluminibus
1749 1489 1788 1519 ut
1838 1480 1935 1519 bases
1981 1482 2016 1518 in
2054 1481 2238 1530 Cylindris

1195 1532 1267 1571 effe
1287 1534 1422 1576 docet,
1452 1541 1579 1570 contra
1608 1532 1798 1569 Muretum
1822 1560 1832 1577 ‚
1868 1533 1928 1581 qui
1960 1531 2109 1579 pellibus
2139 1533 2238 1581 tegi,

1194 1585 1233 1623 δί
1253 1595 1311 1622 eas
1333 1585 1480 1633 pumice
1502 1582 1611 1632 poliri
1633 1582 1824 1627 credebat,
1852 1592 1893 1621 ut
1914 1581 2027 1620 hodie
2041 1582 2118 1620 fieri
2138 1582 2242 1622 solet.

1194 1635 1293 1673 idem
1316 1643 1419 1683 putat
1440 1642 1480 1672 ut
1507 1634 1657 1683 gemina
1687 1645 1846 1677 cornua,
1876 1634 1924 1671 ita
1952 1633 2117 1681 geminas
2138 1635 2241 1672 fron-

1195 1694 1248 1723 tes
1272 1684 1387 1723 fuiffe.
1405 1685 1508 1734 quod
1529 1686 1590 1722 vix
1615 1684 1804 1733 intelligo,
1826 1695 1911 1721 narn
1932 1684 1957 1720 fi
1976 1684 2142 1721 involuta
2163 1684 2239 1722 duo

1194 1737 1351 1774 habeant
1372 1747 1507 1774 cornua
1522 1763 1533 1780 ,
1561 1747 1656 1784 quae
1683 1743 1784 1772 extra
1805 1734 1984 1773 volumen
2003 1734 2241 1781 eminebant,

1193 1788 1333 1825 frontes
1351 1787 1432 1824 illae
1451 1797 1633 1835 quaenam
1654 1786 1789 1823 fuerint
1810 1797 1888 1823 non
1909 1785 2039 1832 capio:
2062 1784 2122 1822 ille
2145 1796 2235 1823 vero

1193 1838 1266 1883 ibi,
1294 1837 1455 1876 &latius
1475 1836 1518 1874 ad
1542 1837 1665 1874 Carm.
1686 1848 1762 1873 xxx.
1783 1847 1863 1884 pag.
1886 1847 1942 1885 51.
1968 1836 2172 1884 margines,
2198 1835 2243 1873 fi-

1193 1900 1240 1927 ve
1261 1896 1376 1937 partes
1400 1916 1411 1934 ,
1438 1899 1533 1937 quae
1556 1886 1909 1925 circumcidebantur
1932 1914 1943 1932 ‚
1979 1886 2172 1935 intelligit,
2200 1895 2241 1926 ut

1193 1940 1308 1978 hodie
1327 1948 1399 1977 tres
1418 1939 1558 1977 frontes
1573 1966 1582 1983 ‚
1608 1939 1693 1987 quia
1716 1949 1736 1974 a
1762 1937 1921 1975 totidem
1942 1937 2098 1986 partibus
2121 1936 2241 1975 charta

1194 1991 1254 2029 vel
1286 2001 1507 2039 pergamena
1544 1988 1725 2028 incidatur
1745 2016 1756 2033 ‚
1785 1988 1933 2026 nostros
1958 1988 2068 2026 libros
2091 1988 2244 2036 quadra-

1194 2044 1256 2080 tos'
1285 2043 1419 2079 habere
1445 2048 1560 2090 putat.
1594 2040 1655 2078 sed
1684 2051 1755 2088 ego
1787 2048 1878 2088 puto
1898 2040 2035 2085 frontes
2062 2038 2239 2077 librorum

1194 2090 1266 2130 esse
1283 2094 1440 2141 primam
1465 2091 1719 2129 membranam
1734 2091 1792 2128 vel
1819 2090 1989 2139 paginam
2004 2117 2014 2134 ‚
2042 2101 2137 2138 quae
2159 2090 2246 2137 tituff

1196 2143 1275 2182 lum
1294 2142 1460 2180 habebat.
1491 2151 1531 2180 ut
1557 2153 1602 2179 ex
1622 2140 1678 2184 ns.
1697 2141 1782 2179 infr.
1803 2152 1888 2190 109.
1915 2149 2092 2189 apparet:

1249 2213 1373 2247 Cetera
1392 2209 1498 2248 turba
1515 2209 1636 2261 palam
1653 2209 1773 2247 titulos
1789 2209 1932 2257 ostendit
1953 2220 2106 2259 apertos,

1301 2265 1348 2297 Et
1358 2261 1428 2310 sua
1450 2262 1579 2299 detecta
1601 2260 1744 2298 nomina
1757 2262 1876 2308 fronte
1888 2271 1991 2310 geret.

1197 2321 1347 2370 gemina
1376 2328 1452 2359 erat
1480 2320 1540 2359 illa
1562 2321 1682 2365 frons,
1709 2321 1796 2369 quia
1817 2321 1855 2358 &
1875 2319 1913 2358 in
1943 2320 2144 2359 voluminis
2164 2324 2245 2370 parss

1197 2381 1236 2410 te
1268 2372 1450 2409 exteriore
1481 2371 1605 2410 titulus
1631 2372 1813 2409 obvoluto
1843 2370 1935 2408 libro
1962 2372 2240 2415 inscribebatur;

1197 2423 1237 2460 δε
1256 2422 1389 2460 deinde
1411 2434 1496 2460 cum
1526 2421 1759 2460 evolveretur
1784 2422 1821 2458 in
1845 2422 1962 2469 prima
1985 2430 2083 2469 parte
2104 2423 2238 2460 iterum

1197 2472 1308 2511 index
1349 2472 1406 2510 vel
1442 2472 1564 2510 titulus
1594 2471 1673 2508 libri
1713 2470 1911 2520 legebatur.
1948 2471 1986 2508 δε
2010 2471 2096 2508 hinc
2119 2472 2240 2520 prima

1191 2524 1293 2571 frons
1320 2523 1425 2572 saepe
1454 2523 1566 2560 etiam
1597 2522 1643 2558 de
1674 2520 1750 2558 aliis
1776 2521 1879 2559 rebus
1914 2520 2055 2559 dicitur.
2085 2522 2158 2560 vid.
2195 2523 2242 2562 ad

1199 2573 1352 2612 Phaedr.
1372 2585 1423 2612 iv.
1437 2584 1465 2611 1.
1482 2574 1520 2610 ὅ(
1542 2571 1586 2610 ad
1601 2570 1892 2619 Quinctilianum
1919 2572 2042 2609 multis
2061 2571 2162 2611 iocis.
2194 2572 2244 2610 11-

1198 2624 1254 2662 lae
1278 2636 1366 2673 ergo
1386 2624 1523 2670 frontes
1551 2623 1720 2672 geminae
1747 2621 1977 2670 poliebantur
1996 2623 2168 2670 pumice,
2195 2622 2245 2661 li·

1193 2683 1253 2713 cet
1281 2675 1429 2714 Voffius
1464 2675 1782 2713 membranaceam
1829 2672 1999 2710 tabellam
2040 2672 2244 2722 adglutina-

1196 2735 1273 2764 tam
1290 2726 1402 2771 velit,
1428 2737 1523 2776 quae
1545 2725 1702 2763 exterius
1730 2722 1883 2761 habebat
1903 2723 2060 2761 indicem
2077 2751 2088 2768 ,
2115 2724 2175 2763 seu
2196 2726 2244 2763 ti-

1199 2777 1319 2815 tulum
1347 2805 1358 2823 ,
1385 2777 1534 2815 interius
1562 2775 1836 2823 inscriptionem
1865 2773 1924 2810 vel
1951 2773 2242 2813 dedicationem.

1201 2828 1289 2865 Illae
1315 2836 1440 2867 autem
1472 2828 1610 2865 frontes
1639 2826 1811 2875 geminae
1833 2852 1843 2868 ,
1878 2824 1916 2862 id
1944 2824 1992 2863 est
2023 2825 2182 2863 exterior
2201 2827 2243 2864 ὅτ

1203 2878 1356 2917 interior
1376 2890 1454 2927 pars
1467 2906 1476 2922 ,
1499 2877 1647 2926 pumice
1665 2875 1869 2925 potiebatur
1887 2875 1925 2913 δε
1943 2876 2243 2926 aequabatur‚ne

1204 2928 1339 2966 hirsuta
1368 2927 1477 2973 esset,
1506 2936 1544 2965 ut
1565 2927 1697 2966 Noster
1715 2926 1862 2964 indicat.
1890 2926 2019 2965 Euam.

1261 2990 1315 3015 12.
1343 2976 1468 3027 Sparfis
1489 2977 1630 3027 comis.]
1686 2975 1789 3025 Paffis
1811 2977 1990 3016 editiones
2011 2980 2182 3028 antiquae
2203 2980 2241 3017 ὅς

1206 3031 1299 3067 inter
1319 3029 1465 3079 scriptos
1494 3028 1639 3067 codices
1668 3029 1786 3066 multi.
1808 3028 1932 3076 probe.
1960 3029 2051 3067 nihil
2070 3031 2243 3079 frequen-

1199 3081 1270 3118 tius
1288 3080 1447 3118 occurrit
1456 3080 1552 3128 apud
1564 3079 1765 3118 Nasonem.
1778 3078 1986 3117 Hafniensis
2000 3107 2009 3123 ,
2027 3093 2138 3117 comas
2150 3108 2160 3123 ‚
2172 3092 2237 3128 pro

1202 3130 1339 3168 diversi
1359 3130 1533 3169 lectione.
1559 3140 1599 3170 ut
1619 3129 1748 3169 usitato
1770 3130 1984 3169 Graecismo
2007 3131 2170 3169 videatur
2188 3142 2245 3174 re-v

1202 3181 1444 3230 ponendum:

1254 3231 1417 3281 Hirsutus
1431 3233 1542 3282 paffas
1561 3241 1601 3270 ut
1623 3231 1764 3270 videare
1784 3235 1907 3271 comas.

1206 3293 1300 3385 {ngat
1318 3284 1428 3375 egam
1442 3284 1561 3327 sentiet
1583 3283 1765 3336 meliores,
1792 3284 1936 3335 Herus,¹
1960 3289 2015 3323 Ne
2027 3282 2168 3322 videare
2178 3290 2246 3319 vo-

1223 3345 1241 3374 e
1268 3341 1303 3374 at
1370 3345 1476 3372 ouza.

1395 3382 1497 3434 Klssk
1522 3394 1546 3432 Ξ
2095 3380 2156 3430 33}
2182 3385 2253 3419 Ne·
