<?xml version="1.0" encoding="UTF-8"?>
<!DOCTYPE html PUBLIC "-//W3C//DTD XHTML 1.0 Transitional//EN"
    "http://www.w3.org/TR/xhtml1/DTD/xhtml1-transitional.dtd">
<html xmlns="http://www.w3.org/1999/xhtml" xml:lang="en" lang="en">
 <head>
  <title>
</title>
<meta http-equiv="Content-Type" content="text/html;charset=utf-8" />
  <meta name='ocr-system' content='tesseract 3.04.00' />
  <meta name='ocr-capabilities' content='ocr_page ocr_carea ocr_par ocr_line ocrx_word'/>
</head>
<body>
  <div class='ocr_page' id='page_1' title='image "./publiiovidiinaso03ovid_0902.png"; bbox 0 0 2495 3675; ppageno 0'>
   <div class='ocr_carea' id='block_1_1' title="bbox 185 169 287 239">
    <p class='ocr_par' dir='ltr' id='par_1_1' title="bbox 185 169 287 239">
     <span class='ocr_line' id='line_1_1' title="bbox 185 169 287 239; baseline -0.01 -13"><span class='ocrx_word' id='word_1_1' title='bbox 185 169 287 239; x_wconf 72' lang='lat'><strong>882.</strong></span> 
     </span>
    </p>
   </div>
   <div class='ocr_carea' id='block_1_2' title="bbox 488 167 1887 346">
    <p class='ocr_par' dir='ltr' id='par_1_2' title="bbox 488 167 1887 346">
     <span class='ocr_line' id='line_1_2' title="bbox 652 167 1824 232; baseline 0 -3"><span class='ocrx_word' id='word_1_2' title='bbox 652 172 715 230; x_wconf 89' lang='lat' dir='ltr'><strong>P.</strong></span> <span class='ocrx_word' id='word_1_3' title='bbox 791 170 1211 232; x_wconf 90' lang='lat' dir='ltr'>OVIDII</span> <span class='ocrx_word' id='word_1_4' title='bbox 1282 167 1824 229; x_wconf 89' lang='lat' dir='ltr'><strong>NASONIS</strong></span> 
     </span>
     <span class='ocr_line' id='line_1_3' title="bbox 488 267 1887 346; baseline 0.001 -21"><span class='ocrx_word' id='word_1_5' title='bbox 488 268 543 326; x_wconf 89' lang='lat' dir='ltr'><strong>Si</strong></span> <span class='ocrx_word' id='word_1_6' title='bbox 567 284 724 344; x_wconf 84' lang='lat' dir='ltr'><strong>roget</strong></span> <span class='ocrx_word' id='word_1_7' title='bbox 752 271 884 329; x_wconf 88' lang='lat' dir='ltr'><strong>haec</strong></span> <span class='ocrx_word' id='word_1_8' title='bbox 912 273 1125 346; x_wconf 79' lang='lat' dir='ltr'><strong>aliquiS,</strong></span> <span class='ocrx_word' id='word_1_9' title='bbox 1161 285 1258 324; x_wconf 90' lang='lat' dir='ltr'><strong>cur</strong></span> <span class='ocrx_word' id='word_1_10' title='bbox 1285 267 1383 322; x_wconf 87' lang='lat' dir='ltr'><strong>sint</strong></span> <span class='ocrx_word' id='word_1_11' title='bbox 1409 281 1616 324; x_wconf 87' lang='lat' dir='ltr'><strong>narrata</strong></span> <span class='ocrx_word' id='word_1_12' title='bbox 1644 268 1887 335; x_wconf 88' lang='lat' dir='ltr'><strong>Pedoni,</strong></span> 
     </span>
    </p>
   </div>
   <div class='ocr_carea' id='block_1_3' title="bbox 491 339 1861 624">
    <p class='ocr_par' dir='ltr' id='par_1_3' title="bbox 492 339 1727 486">
     <span class='ocr_line' id='line_1_4' title="bbox 561 339 1716 418; baseline -0.001 -20"><span class='ocrx_word' id='word_1_13' title='bbox 561 343 784 416; x_wconf 88' lang='lat' dir='ltr'><strong>Quidve</strong></span> <span class='ocrx_word' id='word_1_14' title='bbox 814 347 962 418; x_wconf 89' lang='lat' dir='ltr'><strong>loqui</strong></span> <span class='ocrx_word' id='word_1_15' title='bbox 988 344 1145 397; x_wconf 87' lang='lat' dir='ltr'><strong>certis</strong></span> <span class='ocrx_word' id='word_1_16' title='bbox 1168 340 1367 413; x_wconf 87' lang='lat' dir='ltr'><strong>juverit</strong></span> <span class='ocrx_word' id='word_1_17' title='bbox 1390 339 1481 394; x_wconf 86' lang='lat' dir='ltr'><strong>ista</strong></span> <span class='ocrx_word' id='word_1_18' title='bbox 1507 341 1716 403; x_wconf 84' lang='lat' dir='ltr'><strong>modis;</strong></span> 
     </span>
     <span class='ocr_line' id='line_1_5' title="bbox 492 413 1727 486; baseline 0 -15"><span class='ocrx_word' id='word_1_19' title='bbox 492 414 746 481; x_wconf 88' lang='lat' dir='ltr'><strong>Detinui,</strong></span> <span class='ocrx_word' id='word_1_20' title='bbox 786 418 988 476; x_wconf 84' lang='lat' dir='ltr'><strong>dicam,</strong></span> <span class='ocrx_word' id='word_1_21' title='bbox 1024 427 1236 485; x_wconf 87' lang='lat' dir='ltr'><strong>tempus</strong></span> <span class='ocrx_word' id='word_1_22' title='bbox 1261 430 1520 486; x_wconf 87' lang='lat' dir='ltr'><strong>curasque</strong></span> <span class='ocrx_word' id='word_1_23' title='bbox 1546 413 1727 470; x_wconf 84' lang='lat' dir='ltr'><strong>fefelli.</strong></span> 
     </span>
    </p>

    <p class='ocr_par' dir='ltr' id='par_1_4' title="bbox 491 487 1861 624">
     <span class='ocr_line' id='line_1_6' title="bbox 565 487 1798 559; baseline -0.001 -14"><span class='ocrx_word' id='word_1_24' title='bbox 565 488 735 545; x_wconf 87' lang='lat' dir='ltr'><strong>Hunc</strong></span> <span class='ocrx_word' id='word_1_25' title='bbox 763 488 994 542; x_wconf 61' lang='lat' dir='ltr'><strong>frucium</strong></span> <span class='ocrx_word' id='word_1_26' title='bbox 1019 488 1264 559; x_wconf 85' lang='lat' dir='ltr'><strong>praesens</strong></span> <span class='ocrx_word' id='word_1_27' title='bbox 1286 487 1462 541; x_wconf 86' lang='lat' dir='ltr'><strong>attulit</strong></span> <span class='ocrx_word' id='word_1_28' title='bbox 1494 487 1624 542; x_wconf 87' lang='lat' dir='ltr'><strong>hora</strong></span> <span class='ocrx_word' id='word_1_29' title='bbox 1650 490 1798 544; x_wconf 90' lang='lat' dir='ltr'><strong>mihi.</strong></span> 
     </span>
     <span class='ocr_line' id='line_1_7' title="bbox 491 559 1861 624; baseline 0 -7"><span class='ocrx_word' id='word_1_30' title='bbox 491 561 777 618; x_wconf 84' lang='lat' dir='ltr'><strong>Abfuimus</strong></span> <span class='ocrx_word' id='word_1_31' title='bbox 803 560 990 624; x_wconf 88' lang='lat' dir='ltr'><strong>solit0,</strong></span> <span class='ocrx_word' id='word_1_32' title='bbox 1028 560 1157 614; x_wconf 88' lang='lat' dir='ltr'><strong>dum</strong></span> <span class='ocrx_word' id='word_1_33' title='bbox 1183 559 1458 614; x_wconf 84' lang='lat' dir='ltr'>scribimus</span> <span class='ocrx_word' id='word_1_34' title='bbox 1480 559 1600 624; x_wconf 88' lang='lat' dir='ltr'><strong>ista,</strong></span> <span class='ocrx_word' id='word_1_35' title='bbox 1641 562 1861 617; x_wconf 86' lang='lat' dir='ltr'><strong>dolore:</strong></span> 
     </span>
    </p>
   </div>
   <div class='ocr_carea' id='block_1_4' title="bbox 565 631 1700 690">
    <p class='ocr_par' dir='ltr' id='par_1_5' title="bbox 565 631 1700 690">
     <span class='ocr_line' id='line_1_8' title="bbox 565 631 1700 690; baseline 0.001 -1"><span class='ocrx_word' id='word_1_36' title='bbox 565 635 621 689; x_wconf 91' lang='lat' dir='ltr'><strong>In</strong></span> <span class='ocrx_word' id='word_1_37' title='bbox 648 632 839 688; x_wconf 84' lang='lat' dir='ltr'><strong>mediis</strong></span> <span class='ocrx_word' id='word_1_38' title='bbox 864 651 966 688; x_wconf 89' lang='lat' dir='ltr'><strong>nec</strong></span> <span class='ocrx_word' id='word_1_39' title='bbox 995 651 1097 689; x_wconf 91' lang='lat' dir='ltr'><strong>nos</strong></span> <span class='ocrx_word' id='word_1_40' title='bbox 1124 632 1372 688; x_wconf 80' lang='lat' dir='ltr'><strong>sensimus</strong></span> <span class='ocrx_word' id='word_1_41' title='bbox 1397 631 1501 687; x_wconf 81' lang='lat' dir='ltr'><strong>esle</strong></span> <span class='ocrx_word' id='word_1_42' title='bbox 1528 633 1700 690; x_wconf 76' lang='lat' dir='ltr'><strong>Getis,</strong></span> 
     </span>
    </p>
   </div>
   <div class='ocr_carea' id='block_1_5' title="bbox 491 706 2069 998">
    <p class='ocr_par' dir='ltr' id='par_1_6' title="bbox 491 706 1991 852">
     <span class='ocr_line' id='line_1_9' title="bbox 491 706 1991 780; baseline 0.002 -19"><span class='ocrx_word' id='word_1_43' title='bbox 491 708 566 761; x_wconf 91' lang='lat' dir='ltr'><strong>At</strong></span> <span class='ocrx_word' id='word_1_44' title='bbox 590 720 677 769; x_wconf 81' lang='lat' dir='ltr'><strong>tn,</strong></span> <span class='ocrx_word' id='word_1_45' title='bbox 714 724 825 761; x_wconf 91' lang='lat' dir='ltr'><strong>non</strong></span> <span class='ocrx_word' id='word_1_46' title='bbox 850 706 1075 771; x_wconf 90' lang='lat' dir='ltr'><strong>dubit0,</strong></span> <span class='ocrx_word' id='word_1_47' title='bbox 1116 724 1241 762; x_wconf 90' lang='lat' dir='ltr'><strong>cum</strong></span> <span class='ocrx_word' id='word_1_48' title='bbox 1255 706 1509 780; x_wconf 12' lang='lat' dir='ltr'><strong>sscarmine</strong></span> <span class='ocrx_word' id='word_1_49' title='bbox 1537 707 1750 763; x_wconf 90' lang='lat' dir='ltr'><strong>Thesea</strong></span> <span class='ocrx_word' id='word_1_50' title='bbox 1774 707 1954 764; x_wconf 82' lang='lat' dir='ltr'><strong>laudes</strong></span> <span class='ocrx_word' id='word_1_51' title='bbox 1968 717 1991 775; x_wconf 72' lang='lat'><strong>,‘</strong></span> 
     </span>
     <span class='ocr_line' id='line_1_10' title="bbox 569 778 1580 852; baseline 0.002 -20"><span class='ocrx_word' id='word_1_52' title='bbox 569 778 834 835; x_wconf 86' lang='lat' dir='ltr'><strong>Materiae</strong></span> <span class='ocrx_word' id='word_1_53' title='bbox 857 781 1041 835; x_wconf 89' lang='lat' dir='ltr'><strong>titulos</strong></span> <span class='ocrx_word' id='word_1_54' title='bbox 1065 780 1195 852; x_wconf 92' lang='lat' dir='ltr'><strong>quin</strong></span> <span class='ocrx_word' id='word_1_55' title='bbox 1223 792 1404 834; x_wconf 86' lang='lat' dir='ltr'><strong>tueare</strong></span> <span class='ocrx_word' id='word_1_56' title='bbox 1429 792 1580 842; x_wconf 86' lang='lat' dir='ltr'><strong>tuae;</strong></span> 
     </span>
    </p>

    <p class='ocr_par' dir='ltr' id='par_1_7' title="bbox 496 852 2069 998">
     <span class='ocr_line' id='line_1_11' title="bbox 496 852 2069 926; baseline 0.003 -21"><span class='ocrx_word' id='word_1_57' title='bbox 496 852 788 925; x_wconf 86' lang='lat' dir='ltr'><strong>Quemque</strong></span> <span class='ocrx_word' id='word_1_58' title='bbox 816 853 1014 916; x_wconf 85' lang='lat' dir='ltr'><strong>refers,</strong></span> <span class='ocrx_word' id='word_1_59' title='bbox 1057 854 1267 908; x_wconf 89' lang='lat' dir='ltr'><strong>imitere</strong></span> <span class='ocrx_word' id='word_1_60' title='bbox 1292 854 1481 908; x_wconf 89' lang='lat' dir='ltr'><strong>virum.</strong></span> <span class='ocrx_word' id='word_1_61' title='bbox 1521 867 1667 908; x_wconf 88' lang='lat' dir='ltr'><strong>vetat</strong></span> <span class='ocrx_word' id='word_1_62' title='bbox 1692 855 1778 910; x_wconf 91' lang='lat' dir='ltr'><strong>ille</strong></span> <span class='ocrx_word' id='word_1_63' title='bbox 1806 854 2069 926; x_wconf 49' lang='lat' dir='ltr'><strong>profesio.</strong></span> 
     </span>
     <span class='ocr_line' id='line_1_12' title="bbox 563 924 1769 998; baseline 0.002 -19"><span class='ocrx_word' id='word_1_64' title='bbox 563 924 867 998; x_wconf 86' lang='lat' dir='ltr'><strong>Tranquilli</strong></span> <span class='ocrx_word' id='word_1_65' title='bbox 894 927 1151 981; x_wconf 87' lang='lat' dir='ltr'><strong>comitem</strong></span> <span class='ocrx_word' id='word_1_66' title='bbox 1179 927 1435 996; x_wconf 88' lang='lat' dir='ltr'><strong>temporis</strong></span> <span class='ocrx_word' id='word_1_67' title='bbox 1462 925 1565 980; x_wconf 87' lang='lat' dir='ltr'><strong>esse</strong></span> <span class='ocrx_word' id='word_1_68' title='bbox 1589 926 1769 981; x_wconf 90' lang='lat' dir='ltr'><strong>fidem.</strong></span> 
     </span>
    </p>
   </div>
   <div class='ocr_carea' id='block_1_6' title="bbox 347 1014 406 1070">
    <p class='ocr_par' dir='ltr' id='par_1_8' title="bbox 347 1014 406 1070">
     <span class='ocr_line' id='line_1_13' title="bbox 347 1014 406 1070; baseline 0.068 -4"><span class='ocrx_word' id='word_1_69' title='bbox 347 1014 406 1070; x_wconf 84' lang='lat'><strong>75</strong></span> 
     </span>
    </p>
   </div>
   <div class='ocr_carea' id='block_1_7' title="bbox 490 997 1982 1071">
    <p class='ocr_par' dir='ltr' id='par_1_9' title="bbox 490 997 1982 1071">
     <span class='ocr_line' id='line_1_14' title="bbox 490 997 1982 1071; baseline 0.004 -20"><span class='ocrx_word' id='word_1_70' title='bbox 490 997 600 1069; x_wconf 91' lang='lat' dir='ltr'><strong>Qui</strong></span> <span class='ocrx_word' id='word_1_71' title='bbox 627 1016 951 1071; x_wconf 86' lang='lat' dir='ltr'><strong>quamquam</strong></span> <span class='ocrx_word' id='word_1_72' title='bbox 976 1000 1052 1054; x_wconf 92' lang='lat' dir='ltr'><strong>est</strong></span> <span class='ocrx_word' id='word_1_73' title='bbox 1073 998 1222 1053; x_wconf 54' lang='lat' dir='ltr'><strong>faciis</strong></span> <span class='ocrx_word' id='word_1_74' title='bbox 1247 1000 1462 1070; x_wconf 83' lang='lat' dir='ltr'><strong>ingenS,</strong></span> <span class='ocrx_word' id='word_1_75' title='bbox 1503 998 1557 1051; x_wconf 68' lang='grc' dir='ltr'>ἃ</span> <span class='ocrx_word' id='word_1_76' title='bbox 1588 1001 1841 1055; x_wconf 89' lang='lat' dir='ltr'><strong>conditur</strong></span> <span class='ocrx_word' id='word_1_77' title='bbox 1871 1003 1898 1057; x_wconf 64' lang='grc' dir='ltr'>ὲ</span> <span class='ocrx_word' id='word_1_78' title='bbox 1928 1015 1982 1057; x_wconf 88' lang='lat' dir='ltr'><strong>te</strong></span> 
     </span>
    </p>
   </div>
   <div class='ocr_carea' id='block_1_8' title="bbox 491 1069 1851 1364">
    <p class='ocr_par' dir='ltr' id='par_1_10' title="bbox 491 1069 1851 1364">
     <span class='ocr_line' id='line_1_15' title="bbox 561 1069 1616 1145; baseline -0.001 -20"><span class='ocrx_word' id='word_1_79' title='bbox 561 1069 664 1126; x_wconf 90' lang='lat' dir='ltr'><strong>Vir</strong></span> <span class='ocrx_word' id='word_1_80' title='bbox 691 1086 869 1136; x_wconf 90' lang='lat' dir='ltr'><strong>tant0‚</strong></span> <span class='ocrx_word' id='word_1_81' title='bbox 907 1085 1110 1145; x_wconf 85' lang='lat' dir='ltr'><strong>quanto</strong></span> <span class='ocrx_word' id='word_1_82' title='bbox 1133 1070 1318 1126; x_wconf 84' lang='lat' dir='ltr'><strong>debuit</strong></span> <span class='ocrx_word' id='word_1_83' title='bbox 1346 1088 1441 1125; x_wconf 90' lang='lat' dir='ltr'><strong>ore</strong></span> <span class='ocrx_word' id='word_1_84' title='bbox 1466 1071 1616 1133; x_wconf 88' lang='lat' dir='ltr'><strong>cani;</strong></span> 
     </span>
     <span class='ocr_line' id='line_1_16' title="bbox 491 1142 1775 1217; baseline 0.002 -20"><span class='ocrx_word' id='word_1_85' title='bbox 491 1142 585 1198; x_wconf 85' lang='lat' dir='ltr'><strong>Est</strong></span> <span class='ocrx_word' id='word_1_86' title='bbox 614 1157 793 1200; x_wconf 88' lang='lat' dir='ltr'><strong>tamen</strong></span> <span class='ocrx_word' id='word_1_87' title='bbox 819 1164 889 1200; x_wconf 83' lang='lat' dir='ltr'><strong>ex</strong></span> <span class='ocrx_word' id='word_1_88' title='bbox 914 1147 1006 1200; x_wconf 89' lang='lat' dir='ltr'><strong>illo</strong></span> <span class='ocrx_word' id='word_1_89' title='bbox 1029 1144 1180 1201; x_wconf 86' lang='lat' dir='ltr'><strong>nobis</strong></span> <span class='ocrx_word' id='word_1_90' title='bbox 1204 1144 1458 1198; x_wconf 84' lang='lat' dir='ltr'><strong>imitabile</strong></span> <span class='ocrx_word' id='word_1_91' title='bbox 1485 1144 1775 1217; x_wconf 88' lang='lat' dir='ltr'><strong>quiddam,</strong></span> 
     </span>
     <span class='ocr_line' id='line_1_17' title="bbox 572 1216 1736 1290; baseline 0.002 -19"><span class='ocrx_word' id='word_1_92' title='bbox 572 1217 739 1290; x_wconf 89' lang='lat' dir='ltr'><strong>Inque</strong></span> <span class='ocrx_word' id='word_1_93' title='bbox 765 1219 872 1274; x_wconf 81' lang='lat' dir='ltr'><strong>fide</strong></span> <span class='ocrx_word' id='word_1_94' title='bbox 895 1219 1139 1273; x_wconf 88' lang='lat' dir='ltr'><strong>Theseus</strong></span> <span class='ocrx_word' id='word_1_95' title='bbox 1164 1217 1388 1290; x_wconf 87' lang='lat' dir='ltr'><strong>quilibet</strong></span> <span class='ocrx_word' id='word_1_96' title='bbox 1416 1216 1519 1272; x_wconf 81' lang='lat' dir='ltr'><strong>effe</strong></span> <span class='ocrx_word' id='word_1_97' title='bbox 1547 1219 1736 1290; x_wconf 85' lang='lat' dir='ltr'><strong>potest.</strong></span> 
     </span>
     <span class='ocr_line' id='line_1_18' title="bbox 492 1290 1851 1364; baseline 0.001 -18"><span class='ocrx_word' id='word_1_98' title='bbox 492 1290 621 1346; x_wconf 90' lang='lat' dir='ltr'><strong>Non</strong></span> <span class='ocrx_word' id='word_1_99' title='bbox 646 1291 741 1345; x_wconf 91' lang='lat' dir='ltr'><strong>tibi</strong></span> <span class='ocrx_word' id='word_1_100' title='bbox 765 1291 882 1346; x_wconf 91' lang='lat' dir='ltr'><strong>sunt</strong></span> <span class='ocrx_word' id='word_1_101' title='bbox 909 1291 1084 1346; x_wconf 87' lang='lat' dir='ltr'><strong>hostes</strong></span> <span class='ocrx_word' id='word_1_102' title='bbox 1110 1290 1256 1345; x_wconf 89' lang='lat' dir='ltr'><strong>ferro</strong></span> <span class='ocrx_word' id='word_1_103' title='bbox 1282 1291 1537 1364; x_wconf 63' lang='lat' dir='ltr'><strong>clavaque</strong></span> <span class='ocrx_word' id='word_1_104' title='bbox 1562 1291 1851 1359; x_wconf 87' lang='lat' dir='ltr'><strong>domandi,</strong></span> 
     </span>
    </p>
   </div>
   <div class='ocr_carea' id='block_1_9' title="bbox 355 1363 423 1417">
    <p class='ocr_par' dir='ltr' id='par_1_11' title="bbox 355 1363 423 1417">
     <span class='ocr_line' id='line_1_19' title="bbox 355 1363 423 1417; baseline -0.015 0"><span class='ocrx_word' id='word_1_105' title='bbox 355 1363 423 1417; x_wconf 79' lang='lat'><strong>80</strong></span> 
     </span>
    </p>
   </div>
   <div class='ocr_carea' id='block_1_10' title="bbox 206 1625 1254 1731">
    <p class='ocr_par' dir='ltr' id='par_1_12' title="bbox 206 1625 1254 1731">
     <span class='ocr_line' id='line_1_20' title="bbox 206 1625 1254 1680; baseline 0.002 -16"><span class='ocrx_word' id='word_1_106' title='bbox 206 1626 320 1664; x_wconf 80' lang='lat' dir='ltr'><strong>&#39;ruleus</strong></span> <span class='ocrx_word' id='word_1_107' title='bbox 338 1625 425 1663; x_wconf 81' lang='lat' dir='ltr'><strong>color</strong></span> <span class='ocrx_word' id='word_1_108' title='bbox 443 1625 486 1673; x_wconf 78' lang='lat' dir='ltr'><strong>est</strong></span> <span class='ocrx_word' id='word_1_109' title='bbox 504 1627 722 1677; x_wconf 83' lang='lat' dir='ltr'><strong>diluiturque</strong></span> <span class='ocrx_word' id='word_1_110' title='bbox 741 1629 849 1667; x_wconf 85' lang='lat' dir='ltr'><strong>maris</strong></span> <span class='ocrx_word' id='word_1_111' title='bbox 868 1630 980 1680; x_wconf 89' lang='lat' dir='ltr'><strong>prim.</strong></span> <span class='ocrx_word' id='word_1_112' title='bbox 994 1630 1064 1671; x_wconf 89' lang='lat' dir='ltr'><strong>Ed.</strong></span> <span class='ocrx_word' id='word_1_113' title='bbox 1079 1628 1254 1670; x_wconf 86' lang='lat' dir='ltr'><strong>caeruleus</strong></span> 
     </span>
     <span class='ocr_line' id='line_1_21' title="bbox 209 1677 865 1731; baseline 0.008 -17"><span class='ocrx_word' id='word_1_114' title='bbox 209 1680 274 1716; x_wconf 83' lang='lat' dir='ltr'><strong>vix</strong></span> <span class='ocrx_word' id='word_1_115' title='bbox 292 1677 335 1724; x_wconf 83' lang='lat' dir='ltr'><strong>est</strong></span> <span class='ocrx_word' id='word_1_116' title='bbox 353 1678 573 1731; x_wconf 76' lang='lat' dir='ltr'><strong>diluiturque</strong></span> <span class='ocrx_word' id='word_1_117' title='bbox 593 1680 693 1718; x_wconf 84' lang='lat' dir='ltr'><strong>virus</strong></span> <span class='ocrx_word' id='word_1_118' title='bbox 713 1680 865 1719; x_wconf 85' lang='lat' dir='ltr'><strong>Putean.</strong></span> 
     </span>
    </p>
   </div>
   <div class='ocr_carea' id='block_1_11' title="bbox 208 1743 1252 1849">
    <p class='ocr_par' dir='ltr' id='par_1_13' title="bbox 208 1743 1252 1849">
     <span class='ocr_line' id='line_1_22' title="bbox 257 1743 1252 1796; baseline 0.008 -17"><span class='ocrx_word' id='word_1_119' title='bbox 257 1743 316 1789; x_wconf 80' lang='lat'><strong>64.</strong></span> <span class='ocrx_word' id='word_1_120' title='bbox 346 1744 466 1781; x_wconf 82' lang='lat' dir='ltr'><strong>Mixto</strong></span> <span class='ocrx_word' id='word_1_121' title='bbox 487 1745 527 1781; x_wconf 84' lang='lat' dir='ltr'><strong>de</strong></span> <span class='ocrx_word' id='word_1_122' title='bbox 538 1745 651 1796; x_wconf 57' lang='lat' dir='ltr'><strong>sala]</strong></span> <span class='ocrx_word' id='word_1_123' title='bbox 706 1752 798 1784; x_wconf 84' lang='lat' dir='ltr'><strong>Cum</strong></span> <span class='ocrx_word' id='word_1_124' title='bbox 822 1748 896 1795; x_wconf 87' lang='lat' dir='ltr'><strong>sale</strong></span> <span class='ocrx_word' id='word_1_125' title='bbox 916 1749 1130 1789; x_wconf 68' lang='lat' dir='ltr'><strong>Putem-³&amp;</strong></span> <span class='ocrx_word' id='word_1_126' title='bbox 1151 1748 1252 1789; x_wconf 82' lang='lat' dir='ltr'><strong>Bers-</strong></span> 
     </span>
     <span class='ocr_line' id='line_1_23' title="bbox 208 1794 1102 1849; baseline 0.01 -19"><span class='ocrx_word' id='word_1_127' title='bbox 208 1794 350 1832; x_wconf 85' lang='lat' dir='ltr'><strong>manni.</strong></span> <span class='ocrx_word' id='word_1_128' title='bbox 373 1808 496 1832; x_wconf 82' lang='lat' dir='ltr'><strong>nomen</strong></span> <span class='ocrx_word' id='word_1_129' title='bbox 519 1796 622 1834; x_wconf 84' lang='lat' dir='ltr'><strong>habet</strong></span> <span class='ocrx_word' id='word_1_130' title='bbox 645 1798 774 1836; x_wconf 89' lang='lat' dir='ltr'><strong>Servii.</strong></span> <span class='ocrx_word' id='word_1_131' title='bbox 793 1799 831 1837; x_wconf 78' lang='grc' dir='ltr'><strong>ὃ(</strong></span> <span class='ocrx_word' id='word_1_132' title='bbox 850 1809 1009 1849; x_wconf 87' lang='lat' dir='ltr'><strong>quatuor</strong></span> <span class='ocrx_word' id='word_1_133' title='bbox 1029 1801 1102 1840; x_wconf 85' lang='lat' dir='ltr'><strong>alii.</strong></span> 
     </span>
    </p>
   </div>
   <div class='ocr_carea' id='block_1_12' title="bbox 207 1858 1251 2008">
    <p class='ocr_par' dir='ltr' id='par_1_14' title="bbox 207 1858 1251 2008">
     <span class='ocr_line' id='line_1_24' title="bbox 260 1858 1250 1911; baseline 0.006 -18"><span class='ocrx_word' id='word_1_134' title='bbox 260 1858 320 1902; x_wconf 85' lang='lat'><strong>67.</strong></span> <span class='ocrx_word' id='word_1_135' title='bbox 348 1859 522 1901; x_wconf 85' lang='lat' dir='ltr'><strong>Detinui,</strong></span> <span class='ocrx_word' id='word_1_136' title='bbox 559 1859 675 1895; x_wconf 81' lang='lat' dir='ltr'><strong>dicam</strong></span> <span class='ocrx_word' id='word_1_137' title='bbox 696 1887 708 1904; x_wconf 93' lang='lat'><strong>,</strong></span> <span class='ocrx_word' id='word_1_138' title='bbox 746 1872 845 1898; x_wconf 85' lang='lat' dir='ltr'><strong>curas</strong></span> <span class='ocrx_word' id='word_1_139' title='bbox 876 1871 1074 1911; x_wconf 82' lang='lat' dir='ltr'><strong>tempusque</strong></span> <span class='ocrx_word' id='word_1_140' title='bbox 1095 1861 1250 1911; x_wconf 76' lang='lat' dir='ltr'><strong>fefelli.]</strong></span> 
     </span>
     <span class='ocr_line' id='line_1_25' title="bbox 207 1907 1251 1960; baseline 0.006 -15"><span class='ocrx_word' id='word_1_141' title='bbox 207 1907 381 1952; x_wconf 82' lang='lat' dir='ltr'><strong>Detinui,</strong></span> <span class='ocrx_word' id='word_1_142' title='bbox 407 1908 545 1953; x_wconf 80' lang='lat' dir='ltr'><strong>dicam,</strong></span> <span class='ocrx_word' id='word_1_143' title='bbox 576 1918 731 1957; x_wconf 79' lang='lat' dir='ltr'><strong>tempus,</strong></span> <span class='ocrx_word' id='word_1_144' title='bbox 761 1922 926 1960; x_wconf 84' lang='lat' dir='ltr'><strong>curasque</strong></span> <span class='ocrx_word' id='word_1_145' title='bbox 954 1912 1063 1959; x_wconf 76' lang='lat' dir='ltr'><strong>fefelli</strong></span> <span class='ocrx_word' id='word_1_146' title='bbox 1085 1925 1130 1951; x_wconf 83' lang='lat' dir='ltr'><strong>ex</strong></span> <span class='ocrx_word' id='word_1_147' title='bbox 1157 1912 1251 1951; x_wconf 83' lang='lat' dir='ltr'><strong>libro</strong></span> 
     </span>
     <span class='ocr_line' id='line_1_26' title="bbox 209 1957 974 2008; baseline 0.004 -11"><span class='ocrx_word' id='word_1_148' title='bbox 209 1957 349 1997; x_wconf 85' lang='lat' dir='ltr'><strong>Feschii</strong></span> <span class='ocrx_word' id='word_1_149' title='bbox 372 1960 410 1996; x_wconf 71' lang='grc' dir='ltr'>δί</span> <span class='ocrx_word' id='word_1_150' title='bbox 431 1961 596 2008; x_wconf 83' lang='lat' dir='ltr'><strong>quinque</strong></span> <span class='ocrx_word' id='word_1_151' title='bbox 618 1961 710 2000; x_wconf 85' lang='lat' dir='ltr'><strong>aliis.</strong></span> <span class='ocrx_word' id='word_1_152' title='bbox 736 1960 784 2000; x_wconf 86' lang='lat' dir='ltr'><strong>fic</strong></span> <span class='ocrx_word' id='word_1_153' title='bbox 806 1962 902 2000; x_wconf 88' lang='lat' dir='ltr'><strong>Met.</strong></span> <span class='ocrx_word' id='word_1_154' title='bbox 926 1974 974 2000; x_wconf 85' lang='lat'><strong>11.</strong></span> 
     </span>
    </p>
   </div>
   <div class='ocr_carea' id='block_1_13' title="bbox 209 2021 1158 2266">
    <p class='ocr_par' dir='ltr' id='par_1_15' title="bbox 210 2021 758 2136">
     <span class='ocr_line' id='line_1_27' title="bbox 259 2021 716 2070; baseline 0.007 -12"><span class='ocrx_word' id='word_1_155' title='bbox 259 2021 426 2059; x_wconf 78' lang='lat' dir='ltr'><strong>Detinuit</strong></span> <span class='ocrx_word' id='word_1_156' title='bbox 441 2024 596 2070; x_wconf 82' lang='lat' dir='ltr'><strong>sermone</strong></span> <span class='ocrx_word' id='word_1_157' title='bbox 613 2022 716 2061; x_wconf 83' lang='lat' dir='ltr'><strong>diem.</strong></span> 
     </span>
     <span class='ocr_line' id='line_1_28' title="bbox 210 2086 758 2136; baseline -0.007 -8"><span class='ocrx_word' id='word_1_158' title='bbox 210 2089 356 2128; x_wconf 62' lang='lat' dir='ltr'><strong>nudior</strong></span> <span class='ocrx_word' id='word_1_159' title='bbox 376 2086 562 2136; x_wconf 79' lang='lat' dir='ltr'><strong>Pervigilii</strong></span> <span class='ocrx_word' id='word_1_160' title='bbox 581 2087 758 2126; x_wconf 83' lang='lat' dir='ltr'><strong>Veneris:</strong></span> 
     </span>
    </p>

    <p class='ocr_par' dir='ltr' id='par_1_16' title="bbox 209 2150 1158 2266">
     <span class='ocr_line' id='line_1_29' title="bbox 261 2150 1158 2198; baseline 0.004 -10"><span class='ocrx_word' id='word_1_161' title='bbox 261 2150 465 2188; x_wconf 78' lang='lat' dir='ltr'><strong>Detinenda</strong></span> <span class='ocrx_word' id='word_1_162' title='bbox 487 2160 561 2186; x_wconf 80' lang='lat' dir='ltr'><strong>tota</strong></span> <span class='ocrx_word' id='word_1_163' title='bbox 585 2163 653 2187; x_wconf 83' lang='lat' dir='ltr'><strong>nox</strong></span> <span class='ocrx_word' id='word_1_164' title='bbox 676 2162 719 2189; x_wconf 60' lang='grc' dir='ltr'><strong>εν</strong></span> <span class='ocrx_word' id='word_1_165' title='bbox 736 2150 981 2198; x_wconf 74' lang='lat' dir='ltr'><strong>pervigilanda</strong></span> <span class='ocrx_word' id='word_1_166' title='bbox 1001 2152 1158 2192; x_wconf 82' lang='lat' dir='ltr'><strong>canticis.</strong></span> 
     </span>
     <span class='ocr_line' id='line_1_30' title="bbox 209 2215 1100 2266; baseline 0.004 -12"><span class='ocrx_word' id='word_1_167' title='bbox 209 2227 307 2266; x_wconf 87' lang='lat' dir='ltr'><strong>quae</strong></span> <span class='ocrx_word' id='word_1_168' title='bbox 326 2215 375 2253; x_wconf 91' lang='lat' dir='ltr'><strong>ibi</strong></span> <span class='ocrx_word' id='word_1_169' title='bbox 398 2227 482 2254; x_wconf 85' lang='lat' dir='ltr'><strong>vera</strong></span> <span class='ocrx_word' id='word_1_170' title='bbox 504 2216 553 2253; x_wconf 87' lang='lat' dir='ltr'><strong>est</strong></span> <span class='ocrx_word' id='word_1_171' title='bbox 575 2216 759 2265; x_wconf 86' lang='lat' dir='ltr'><strong>scriptura.</strong></span> <span class='ocrx_word' id='word_1_172' title='bbox 787 2217 961 2255; x_wconf 77' lang='lat' dir='ltr'><strong>Manilius</strong></span> <span class='ocrx_word' id='word_1_173' title='bbox 979 2218 1039 2256; x_wconf 91' lang='lat' dir='ltr'><strong>lib.</strong></span> <span class='ocrx_word' id='word_1_174' title='bbox 1061 2232 1100 2259; x_wconf 72' lang='lat' dir='ltr'><strong>V.</strong></span> 
     </span>
    </p>
   </div>
   <div class='ocr_carea' id='block_1_14' title="bbox 263 2281 1203 2386">
    <p class='ocr_par' dir='ltr' id='par_1_17' title="bbox 263 2281 1203 2386">
     <span class='ocr_line' id='line_1_31' title="bbox 264 2281 1042 2332; baseline 0.005 -13"><span class='ocrx_word' id='word_1_175' title='bbox 264 2281 327 2320; x_wconf 90' lang='lat' dir='ltr'><strong>Ille</strong></span> <span class='ocrx_word' id='word_1_176' title='bbox 347 2282 444 2319; x_wconf 85' lang='lat' dir='ltr'><strong>dabit</strong></span> <span class='ocrx_word' id='word_1_177' title='bbox 467 2294 590 2320; x_wconf 77' lang='lat' dir='ltr'><strong>cantus</strong></span> <span class='ocrx_word' id='word_1_178' title='bbox 608 2284 700 2321; x_wconf 76' lang='lat' dir='ltr'><strong>inter</strong></span> <span class='ocrx_word' id='word_1_179' title='bbox 722 2285 887 2322; x_wconf 84' lang='lat' dir='ltr'><strong>convivia</strong></span> <span class='ocrx_word' id='word_1_180' title='bbox 905 2285 1018 2323; x_wconf 83' lang='lat' dir='ltr'><strong>dulces</strong></span> <span class='ocrx_word' id='word_1_181' title='bbox 1031 2315 1042 2332; x_wconf 92' lang='lat'><strong>,</strong></span> 
     </span>
     <span class='ocr_line' id='line_1_32' title="bbox 263 2333 1203 2386; baseline 0.009 -16"><span class='ocrx_word' id='word_1_182' title='bbox 263 2333 503 2384; x_wconf 81' lang='lat' dir='ltr'><strong>Mulcebt&#39;tque</strong></span> <span class='ocrx_word' id='word_1_183' title='bbox 521 2336 604 2383; x_wconf 83' lang='lat' dir='ltr'><strong>sono</strong></span> <span class='ocrx_word' id='word_1_184' title='bbox 627 2335 798 2372; x_wconf 84' lang='lat' dir='ltr'><strong>Bacchum</strong></span> <span class='ocrx_word' id='word_1_185' title='bbox 824 2364 834 2380; x_wconf 89' lang='lat'><strong>,</strong></span> <span class='ocrx_word' id='word_1_186' title='bbox 871 2339 1046 2386; x_wconf 61' lang='lat' dir='ltr'><strong>noblesque</strong></span> <span class='ocrx_word' id='word_1_187' title='bbox 1064 2339 1203 2378; x_wconf 84' lang='lat' dir='ltr'><strong>tenebit.</strong></span> 
     </span>
    </p>
   </div>
   <div class='ocr_carea' id='block_1_15' title="bbox 210 2410 1262 3227">
    <p class='ocr_par' dir='ltr' id='par_1_18' title="bbox 210 2410 1262 3227">
     <span class='ocr_line' id='line_1_33' title="bbox 210 2410 1254 2462; baseline 0.006 -14"><span class='ocrx_word' id='word_1_188' title='bbox 210 2422 279 2460; x_wconf 88' lang='lat' dir='ltr'><strong>pro</strong></span> <span class='ocrx_word' id='word_1_189' title='bbox 299 2410 490 2448; x_wconf 89' lang='lat' dir='ltr'><strong>detinebit.</strong></span> <span class='ocrx_word' id='word_1_190' title='bbox 517 2410 653 2448; x_wconf 81' lang='lat' dir='ltr'><strong>Frustra</strong></span> <span class='ocrx_word' id='word_1_191' title='bbox 676 2422 827 2461; x_wconf 83' lang='lat' dir='ltr'><strong>magnus</strong></span> <span class='ocrx_word' id='word_1_192' title='bbox 847 2413 1023 2462; x_wconf 87' lang='lat' dir='ltr'><strong>Scaliger,</strong></span> <span class='ocrx_word' id='word_1_193' title='bbox 1036 2415 1180 2454; x_wconf 80' lang='lat' dir='ltr'><strong>tenebris</strong></span> <span class='ocrx_word' id='word_1_194' title='bbox 1199 2427 1254 2453; x_wconf 90' lang='lat' dir='ltr'><strong>re-</strong></span> 
     </span>
     <span class='ocr_line' id='line_1_34' title="bbox 214 2461 1253 2512; baseline 0.005 -12"><span class='ocrx_word' id='word_1_195' title='bbox 214 2462 333 2510; x_wconf 87' lang='lat' dir='ltr'><strong>ponit.</strong></span> <span class='ocrx_word' id='word_1_196' title='bbox 360 2461 407 2498; x_wconf 92' lang='lat' dir='ltr'><strong>fic</strong></span> <span class='ocrx_word' id='word_1_197' title='bbox 429 2461 520 2499; x_wconf 81' lang='lat' dir='ltr'><strong>diem</strong></span> <span class='ocrx_word' id='word_1_198' title='bbox 543 2461 725 2500; x_wconf 77' lang='lat' dir='ltr'><strong>extrahere</strong></span> <span class='ocrx_word' id='word_1_199' title='bbox 751 2463 846 2512; x_wconf 82' lang='lat' dir='ltr'><strong>apud</strong></span> <span class='ocrx_word' id='word_1_200' title='bbox 871 2464 1061 2504; x_wconf 78' lang='lat' dir='ltr'><strong>Caesarem</strong></span> <span class='ocrx_word' id='word_1_201' title='bbox 1084 2467 1142 2504; x_wconf 88' lang='lat' dir='ltr'><strong>lib.</strong></span> <span class='ocrx_word' id='word_1_202' title='bbox 1163 2480 1191 2505; x_wconf 84' lang='lat'><strong>1.</strong></span> <span class='ocrx_word' id='word_1_203' title='bbox 1207 2467 1253 2505; x_wconf 94' lang='lat' dir='ltr'><strong>de</strong></span> 
     </span>
     <span class='ocr_line' id='line_1_35' title="bbox 214 2511 1253 2565; baseline 0.006 -15"><span class='ocrx_word' id='word_1_204' title='bbox 214 2512 312 2550; x_wconf 88' lang='lat' dir='ltr'><strong>bello</strong></span> <span class='ocrx_word' id='word_1_205' title='bbox 334 2511 431 2550; x_wconf 87' lang='lat' dir='ltr'><strong>civili</strong></span> <span class='ocrx_word' id='word_1_206' title='bbox 456 2541 465 2556; x_wconf 93' lang='lat'><strong>,</strong></span> <span class='ocrx_word' id='word_1_207' title='bbox 505 2514 542 2550; x_wconf 67' lang='grc' dir='ltr'><strong>ὅτ</strong></span> <span class='ocrx_word' id='word_1_208' title='bbox 573 2513 696 2550; x_wconf 86' lang='lat' dir='ltr'><strong>Valer.</strong></span> <span class='ocrx_word' id='word_1_209' title='bbox 719 2515 930 2552; x_wconf 79' lang='lat' dir='ltr'><strong>Maximum</strong></span> <span class='ocrx_word' id='word_1_210' title='bbox 955 2516 1016 2554; x_wconf 90' lang='lat' dir='ltr'><strong>lib.</strong></span> <span class='ocrx_word' id='word_1_211' title='bbox 1038 2529 1081 2554; x_wconf 88' lang='lat'><strong>11.</strong></span> <span class='ocrx_word' id='word_1_212' title='bbox 1111 2530 1187 2565; x_wconf 79' lang='lat' dir='ltr'><strong>cap.</strong></span> <span class='ocrx_word' id='word_1_213' title='bbox 1210 2530 1253 2556; x_wconf 86' lang='lat'><strong>11.</strong></span> 
     </span>
     <span class='ocr_line' id='line_1_36' title="bbox 215 2562 1252 2607; baseline 0.006 -6"><span class='ocrx_word' id='word_1_214' title='bbox 215 2563 361 2601; x_wconf 84' lang='lat' dir='ltr'><strong>eximere</strong></span> <span class='ocrx_word' id='word_1_215' title='bbox 383 2562 522 2600; x_wconf 84' lang='lat' dir='ltr'><strong>dicendo</strong></span> <span class='ocrx_word' id='word_1_216' title='bbox 543 2563 634 2599; x_wconf 83' lang='lat' dir='ltr'><strong>diem</strong></span> <span class='ocrx_word' id='word_1_217' title='bbox 656 2565 703 2601; x_wconf 89' lang='lat' dir='ltr'><strong>A.</strong></span> <span class='ocrx_word' id='word_1_218' title='bbox 724 2565 859 2603; x_wconf 66' lang='lat' dir='ltr'><strong>Geliio.</strong></span> <span class='ocrx_word' id='word_1_219' title='bbox 887 2567 1027 2605; x_wconf 62' lang='lat' dir='ltr'><strong>Hiems.</strong></span> <span class='ocrx_word' id='word_1_220' title='bbox 1083 2568 1252 2607; x_wconf 79' lang='lat' dir='ltr'><strong>Heinsius</strong></span> 
     </span>
     <span class='ocr_line' id='line_1_37' title="bbox 215 2614 1253 2669; baseline 0.006 -17"><span class='ocrx_word' id='word_1_221' title='bbox 215 2614 304 2652; x_wconf 72' lang='lat' dir='ltr'><strong>fecit</strong></span> <span class='ocrx_word' id='word_1_222' title='bbox 318 2641 328 2658; x_wconf 92' lang='lat'><strong>‚</strong></span> <span class='ocrx_word' id='word_1_223' title='bbox 356 2614 494 2651; x_wconf 79' lang='lat' dir='ltr'><strong>detinui</strong></span> <span class='ocrx_word' id='word_1_224' title='bbox 512 2623 644 2661; x_wconf 82' lang='lat' dir='ltr'><strong>tempus</strong></span> <span class='ocrx_word' id='word_1_225' title='bbox 665 2644 673 2658; x_wconf 92' lang='lat'><strong>‚</strong></span> <span class='ocrx_word' id='word_1_226' title='bbox 702 2628 869 2666; x_wconf 79' lang='lat' dir='ltr'><strong>curasque</strong></span> <span class='ocrx_word' id='word_1_227' title='bbox 878 2617 1003 2664; x_wconf 84' lang='lat' dir='ltr'><strong>fefelli.</strong></span> <span class='ocrx_word' id='word_1_228' title='bbox 1020 2618 1253 2669; x_wconf 80' lang='lat' dir='ltr'><strong>ostenditque</strong></span> 
     </span>
     <span class='ocr_line' id='line_1_38' title="bbox 217 2665 1254 2715; baseline 0.007 -13"><span class='ocrx_word' id='word_1_229' title='bbox 217 2666 395 2711; x_wconf 82' lang='lat' dir='ltr'><strong>exemplis</strong></span> <span class='ocrx_word' id='word_1_230' title='bbox 420 2675 549 2715; x_wconf 82' lang='lat' dir='ltr'><strong>tempus</strong></span> <span class='ocrx_word' id='word_1_231' title='bbox 569 2665 718 2703; x_wconf 80' lang='lat' dir='ltr'><strong>detinere</strong></span> <span class='ocrx_word' id='word_1_232' title='bbox 737 2668 831 2705; x_wconf 89' lang='lat' dir='ltr'><strong>bene</strong></span> <span class='ocrx_word' id='word_1_233' title='bbox 850 2679 892 2704; x_wconf 89' lang='lat' dir='ltr'><strong>ac</strong></span> <span class='ocrx_word' id='word_1_234' title='bbox 914 2670 1047 2707; x_wconf 85' lang='lat' dir='ltr'><strong>Latine</strong></span> <span class='ocrx_word' id='word_1_235' title='bbox 1066 2670 1150 2709; x_wconf 86' lang='lat' dir='ltr'><strong>dici.</strong></span> <span class='ocrx_word' id='word_1_236' title='bbox 1178 2673 1254 2708; x_wconf 87' lang='lat' dir='ltr'><strong>Ve—</strong></span> 
     </span>
     <span class='ocr_line' id='line_1_39' title="bbox 214 2715 1255 2769; baseline 0.006 -15"><span class='ocrx_word' id='word_1_237' title='bbox 214 2727 299 2754; x_wconf 73' lang='lat' dir='ltr'><strong>rum</strong></span> <span class='ocrx_word' id='word_1_238' title='bbox 322 2715 438 2753; x_wconf 81' lang='lat' dir='ltr'><strong>Poe&#39;ta</strong></span> <span class='ocrx_word' id='word_1_239' title='bbox 458 2726 604 2765; x_wconf 86' lang='lat' dir='ltr'><strong>tempus</strong></span> <span class='ocrx_word' id='word_1_240' title='bbox 634 2717 798 2755; x_wconf 86' lang='lat' dir='ltr'><strong>detinere</strong></span> <span class='ocrx_word' id='word_1_241' title='bbox 823 2719 967 2762; x_wconf 87' lang='lat' dir='ltr'><strong>noluit,</strong></span> <span class='ocrx_word' id='word_1_242' title='bbox 997 2722 1099 2769; x_wconf 84' lang='lat' dir='ltr'><strong>quod</strong></span> <span class='ocrx_word' id='word_1_243' title='bbox 1121 2722 1255 2760; x_wconf 87' lang='lat' dir='ltr'><strong>scilicet</strong></span> 
     </span>
     <span class='ocr_line' id='line_1_40' title="bbox 215 2766 1256 2816; baseline 0.008 -13"><span class='ocrx_word' id='word_1_244' title='bbox 215 2778 280 2813; x_wconf 84' lang='lat' dir='ltr'><strong>per</strong></span> <span class='ocrx_word' id='word_1_245' title='bbox 308 2766 342 2804; x_wconf 92' lang='lat' dir='ltr'><strong>se</strong></span> <span class='ocrx_word' id='word_1_246' title='bbox 380 2769 514 2805; x_wconf 88' lang='lat' dir='ltr'><strong>morari</strong></span> <span class='ocrx_word' id='word_1_247' title='bbox 546 2778 656 2816; x_wconf 88' lang='lat' dir='ltr'><strong>atque</strong></span> <span class='ocrx_word' id='word_1_248' title='bbox 689 2770 838 2807; x_wconf 82' lang='lat' dir='ltr'><strong>haerere</strong></span> <span class='ocrx_word' id='word_1_249' title='bbox 867 2770 1056 2809; x_wconf 84' lang='lat' dir='ltr'><strong>videbatur</strong></span> <span class='ocrx_word' id='word_1_250' title='bbox 1085 2773 1256 2811; x_wconf 86' lang='lat' dir='ltr'><strong>invisum.</strong></span> 
     </span>
     <span class='ocr_line' id='line_1_41' title="bbox 217 2817 1257 2867; baseline 0.008 -13"><span class='ocrx_word' id='word_1_251' title='bbox 217 2817 340 2855; x_wconf 79' lang='lat' dir='ltr'><strong>fallere</strong></span> <span class='ocrx_word' id='word_1_252' title='bbox 357 2817 478 2856; x_wconf 89' lang='lat' dir='ltr'><strong>voluit</strong></span> <span class='ocrx_word' id='word_1_253' title='bbox 499 2818 691 2867; x_wconf 88' lang='lat' dir='ltr'><strong>ipsumque</strong></span> <span class='ocrx_word' id='word_1_254' title='bbox 704 2820 775 2858; x_wconf 88' lang='lat' dir='ltr'><strong>falli</strong></span> <span class='ocrx_word' id='word_1_255' title='bbox 789 2848 800 2865; x_wconf 93' lang='lat'><strong>,</strong></span> <span class='ocrx_word' id='word_1_256' title='bbox 825 2821 1166 2861; x_wconf 82' lang='lat' dir='ltr'><strong>utelabereturnon</strong></span> <span class='ocrx_word' id='word_1_257' title='bbox 1179 2825 1257 2862; x_wconf 85' lang='lat' dir='ltr'><strong>sen-</strong></span> 
     </span>
     <span class='ocr_line' id='line_1_42' title="bbox 221 2868 1257 2921; baseline 0.01 -17"><span class='ocrx_word' id='word_1_258' title='bbox 221 2868 349 2912; x_wconf 80' lang='lat' dir='ltr'><strong>tienti,</strong></span> <span class='ocrx_word' id='word_1_259' title='bbox 379 2876 475 2906; x_wconf 81' lang='lat' dir='ltr'><strong>certe</strong></span> <span class='ocrx_word' id='word_1_260' title='bbox 495 2881 561 2917; x_wconf 83' lang='lat' dir='ltr'><strong>pro</strong></span> <span class='ocrx_word' id='word_1_261' title='bbox 581 2869 793 2918; x_wconf 80' lang='lat' dir='ltr'><strong>longiffimo</strong></span> <span class='ocrx_word' id='word_1_262' title='bbox 823 2872 952 2921; x_wconf 88' lang='lat' dir='ltr'><strong>(quod</strong></span> <span class='ocrx_word' id='word_1_263' title='bbox 976 2874 1113 2912; x_wconf 86' lang='lat' dir='ltr'><strong>miseris</strong></span> <span class='ocrx_word' id='word_1_264' title='bbox 1132 2877 1257 2913; x_wconf 89' lang='lat' dir='ltr'><strong>homi-</strong></span> 
     </span>
     <span class='ocr_line' id='line_1_43' title="bbox 223 2916 1255 2974; baseline 0.011 -21"><span class='ocrx_word' id='word_1_265' title='bbox 223 2916 326 2955; x_wconf 72' lang='lat' dir='ltr'><strong>nibus</strong></span> <span class='ocrx_word' id='word_1_266' title='bbox 354 2919 417 2956; x_wconf 89' lang='lat' dir='ltr'><strong>usu</strong></span> <span class='ocrx_word' id='word_1_267' title='bbox 446 2920 573 2967; x_wconf 81' lang='lat' dir='ltr'><strong>venit)</strong></span> <span class='ocrx_word' id='word_1_268' title='bbox 602 2921 745 2959; x_wconf 89' lang='lat' dir='ltr'><strong>brevius</strong></span> <span class='ocrx_word' id='word_1_269' title='bbox 777 2923 964 2971; x_wconf 86' lang='lat' dir='ltr'><strong>aliquanto</strong></span> <span class='ocrx_word' id='word_1_270' title='bbox 983 2936 1255 2974; x_wconf 79' lang='lat' dir='ltr'><strong>nonnunquam</strong></span> 
     </span>
     <span class='ocr_line' id='line_1_44' title="bbox 222 2967 1258 3020; baseline 0.012 -17"><span class='ocrx_word' id='word_1_271' title='bbox 222 2967 494 3007; x_wconf 77' lang='lat' dir='ltr'><strong>existimaretur.</strong></span> <span class='ocrx_word' id='word_1_272' title='bbox 521 2971 589 3009; x_wconf 68' lang='lat' dir='ltr'><strong>ised</strong></span> <span class='ocrx_word' id='word_1_273' title='bbox 620 2972 708 3020; x_wconf 86' lang='lat' dir='ltr'><strong>quid</strong></span> <span class='ocrx_word' id='word_1_274' title='bbox 737 2973 785 3010; x_wconf 78' lang='lat' dir='ltr'><strong>est</strong></span> <span class='ocrx_word' id='word_1_275' title='bbox 814 2974 965 3012; x_wconf 80' lang='lat' dir='ltr'><strong>detinere</strong></span> <span class='ocrx_word' id='word_1_276' title='bbox 992 2989 1091 3013; x_wconf 83' lang='lat' dir='ltr'><strong>curas</strong></span> <span class='ocrx_word' id='word_1_277' title='bbox 1118 2977 1182 3015; x_wconf 79' lang='lat' dir='ltr'><strong>hic</strong></span> <span class='ocrx_word' id='word_1_278' title='bbox 1201 2978 1258 3015; x_wconf 93' lang='lat' dir='ltr'><strong>lo-</strong></span> 
     </span>
     <span class='ocr_line' id='line_1_45' title="bbox 224 3015 1259 3074; baseline 0.013 -20"><span class='ocrx_word' id='word_1_279' title='bbox 224 3015 287 3054; x_wconf 87' lang='lat' dir='ltr'><strong>ci?</strong></span> <span class='ocrx_word' id='word_1_280' title='bbox 317 3029 360 3054; x_wconf 89' lang='lat' dir='ltr'><strong>an</strong></span> <span class='ocrx_word' id='word_1_281' title='bbox 383 3020 480 3066; x_wconf 80' lang='lat' dir='ltr'><strong>quasi</strong></span> <span class='ocrx_word' id='word_1_282' title='bbox 499 3023 588 3060; x_wconf 81' lang='lat' dir='ltr'><strong>feras</strong></span> <span class='ocrx_word' id='word_1_283' title='bbox 605 3051 614 3066; x_wconf 97' lang='lat'><strong><em>‚</em></strong></span> <span class='ocrx_word' id='word_1_284' title='bbox 640 3031 681 3061; x_wconf 90' lang='lat' dir='ltr'><strong>ut</strong></span> <span class='ocrx_word' id='word_1_285' title='bbox 709 3023 860 3061; x_wconf 81' lang='lat' dir='ltr'><strong>Cithara</strong></span> <span class='ocrx_word' id='word_1_286' title='bbox 880 3026 975 3074; x_wconf 86' lang='lat' dir='ltr'><strong>apud</strong></span> <span class='ocrx_word' id='word_1_287' title='bbox 1000 3028 1157 3067; x_wconf 85' lang='lat' dir='ltr'><strong>Martial.</strong></span> <span class='ocrx_word' id='word_1_288' title='bbox 1178 3041 1259 3067; x_wconf 83' lang='lat' dir='ltr'><strong>xw.</strong></span> 
     </span>
     <span class='ocr_line' id='line_1_46' title="bbox 226 3066 1262 3126; baseline 0.017 -25"><span class='ocrx_word' id='word_1_289' title='bbox 226 3066 455 3122; x_wconf 77' lang='lat' dir='ltr'><strong>duxitfilvas</strong></span> <span class='ocrx_word' id='word_1_290' title='bbox 484 3072 701 3123; x_wconf 73' lang='lat' dir='ltr'><strong>detinuitque</strong></span> <span class='ocrx_word' id='word_1_291' title='bbox 722 3076 821 3121; x_wconf 85' lang='lat' dir='ltr'><strong>feras</strong></span> <span class='ocrx_word' id='word_1_292' title='bbox 842 3085 857 3115; x_wconf 73' lang='lat'><strong>,²</strong></span> <span class='ocrx_word' id='word_1_293' title='bbox 894 3078 1008 3126; x_wconf 84' lang='lat' dir='ltr'><strong>magis</strong></span> <span class='ocrx_word' id='word_1_294' title='bbox 1029 3079 1140 3117; x_wconf 89' lang='lat' dir='ltr'><strong>credo</strong></span> <span class='ocrx_word' id='word_1_295' title='bbox 1164 3081 1262 3118; x_wconf 87' lang='lat' dir='ltr'><strong>Ovi-</strong></span> 
     </span>
     <span class='ocr_line' id='line_1_47' title="bbox 224 3118 1262 3180; baseline 0.015 -27"><span class='ocrx_word' id='word_1_296' title='bbox 224 3118 505 3174; x_wconf 39' lang='lat' dir='ltr'><strong>dium-scripfiffe</strong></span> <span class='ocrx_word' id='word_1_297' title='bbox 519 3148 528 3163; x_wconf 86' lang='lat'><strong>.</strong></span> <span class='ocrx_word' id='word_1_298' title='bbox 546 3125 696 3168; x_wconf 77' lang='lat' dir='ltr'><strong>Distimn&#39;</strong></span> <span class='ocrx_word' id='word_1_299' title='bbox 709 3154 718 3170; x_wconf 95' lang='lat'><strong>,</strong></span> <span class='ocrx_word' id='word_1_300' title='bbox 745 3126 861 3163; x_wconf 70' lang='lat' dir='ltr'><strong>dicam</strong></span> <span class='ocrx_word' id='word_1_301' title='bbox 876 3156 886 3172; x_wconf 90' lang='lat'>‚</span> <span class='ocrx_word' id='word_1_302' title='bbox 913 3142 1012 3166; x_wconf 87' lang='lat' dir='ltr'><strong>curas</strong></span> <span class='ocrx_word' id='word_1_303' title='bbox 1027 3157 1038 3174; x_wconf 90' lang='lat'><strong>,</strong></span> <span class='ocrx_word' id='word_1_304' title='bbox 1064 3140 1262 3180; x_wconf 84' lang='lat' dir='ltr'><strong>tempusque</strong></span> 
     </span>
     <span class='ocr_line' id='line_1_48' title="bbox 218 3168 1258 3227; baseline 0.019 -25"><span class='ocrx_word' id='word_1_305' title='bbox 218 3168 354 3215; x_wconf 64' lang='lat' dir='ltr'><strong>fefelli,</strong></span> <span class='ocrx_word' id='word_1_306' title='bbox 377 3169 413 3206; x_wconf 86' lang='lat' dir='ltr'><strong>1d</strong></span> <span class='ocrx_word' id='word_1_307' title='bbox 435 3169 482 3207; x_wconf 81' lang='lat' dir='ltr'><strong>est</strong></span> <span class='ocrx_word' id='word_1_308' title='bbox 502 3182 716 3218; x_wconf 85' lang='lat' dir='ltr'><strong>perpetuum</strong></span> <span class='ocrx_word' id='word_1_309' title='bbox 731 3178 869 3227; x_wconf 91' lang='lat' dir='ltr'><strong>alioqui</strong></span> <span class='ocrx_word' id='word_1_310' title='bbox 896 3191 1064 3219; x_wconf 85' lang='lat' dir='ltr'><strong>curarum</strong></span> <span class='ocrx_word' id='word_1_311' title='bbox 1087 3190 1258 3221; x_wconf 88' lang='lat' dir='ltr'><strong>tenorem</strong></span> 
     </span>
    </p>
   </div>
   <div class='ocr_carea' id='block_1_16' title="bbox 568 1362 1717 1437">
    <p class='ocr_par' dir='ltr' id='par_1_19' title="bbox 568 1362 1717 1437">
     <span class='ocr_line' id='line_1_49' title="bbox 568 1362 1717 1437; baseline 0.003 -20"><span class='ocrx_word' id='word_1_312' title='bbox 568 1362 671 1418; x_wconf 89' lang='lat' dir='ltr'><strong>Per</strong></span> <span class='ocrx_word' id='word_1_313' title='bbox 696 1381 832 1437; x_wconf 85' lang='lat' dir='ltr'><strong>quos</strong></span> <span class='ocrx_word' id='word_1_314' title='bbox 857 1366 948 1423; x_wconf 81' lang='lat' dir='ltr'><strong>vix</strong></span> <span class='ocrx_word' id='word_1_315' title='bbox 978 1366 1068 1421; x_wconf 90' lang='lat' dir='ltr'><strong>ulli</strong></span> <span class='ocrx_word' id='word_1_316' title='bbox 1093 1363 1306 1437; x_wconf 84' lang='lat' dir='ltr'><strong>pervius</strong></span> <span class='ocrx_word' id='word_1_317' title='bbox 1328 1363 1550 1419; x_wconf 85' lang='lat' dir='ltr'><strong>Isthmos</strong></span> <span class='ocrx_word' id='word_1_318' title='bbox 1576 1378 1717 1421; x_wconf 87' lang='lat' dir='ltr'><strong>erat:</strong></span> 
     </span>
    </p>
   </div>
   <div class='ocr_carea' id='block_1_17' title="bbox 2245 1493 2356 1550">
    <p class='ocr_par' dir='ltr' id='par_1_20' title="bbox 2245 1493 2356 1550">
     <span class='ocr_line' id='line_1_50' title="bbox 2245 1493 2356 1550; baseline 0 -1"><span class='ocrx_word' id='word_1_319' title='bbox 2245 1493 2356 1550; x_wconf 89' lang='lat' dir='ltr'><strong>Sed</strong></span> 
     </span>
    </p>
   </div>
   <div class='ocr_carea' id='block_1_18' title="bbox 1306 1628 2367 3008">
    <p class='ocr_par' dir='ltr' id='par_1_21' title="bbox 1306 1628 2359 2088">
     <span class='ocr_line' id='line_1_51' title="bbox 1306 1628 2354 1680; baseline 0.007 -14"><span class='ocrx_word' id='word_1_320' title='bbox 1306 1641 1386 1667; x_wconf 89' lang='lat' dir='ltr'><strong>ram</strong></span> <span class='ocrx_word' id='word_1_321' title='bbox 1428 1628 1542 1680; x_wconf 74' lang='lat' dir='ltr'><strong>&#39;Agger</strong></span> <span class='ocrx_word' id='word_1_322' title='bbox 1584 1642 1778 1669; x_wconf 85' lang='lat' dir='ltr'><strong>murorum.</strong></span> <span class='ocrx_word' id='word_1_323' title='bbox 1821 1631 1999 1672; x_wconf 75' lang='lat' dir='ltr'><strong>AucroR</strong></span> <span class='ocrx_word' id='word_1_324' title='bbox 2031 1631 2182 1672; x_wconf 65' lang='lat' dir='ltr'><strong>Emer.</strong></span> <span class='ocrx_word' id='word_1_325' title='bbox 2219 1633 2354 1673; x_wconf 65' lang='lat' dir='ltr'><strong>Eron.</strong></span> 
     </span>
     <span class='ocr_line' id='line_1_52' title="bbox 1307 1680 2355 1736; baseline 0.006 -18"><span class='ocrx_word' id='word_1_326' title='bbox 1307 1680 1376 1730; x_wconf 87' lang='lat' dir='ltr'><strong>Egi</strong></span> <span class='ocrx_word' id='word_1_327' title='bbox 1396 1680 1442 1719; x_wconf 89' lang='lat' dir='ltr'><strong>de</strong></span> <span class='ocrx_word' id='word_1_328' title='bbox 1465 1684 1539 1720; x_wconf 92' lang='lat' dir='ltr'><strong>hoc</strong></span> <span class='ocrx_word' id='word_1_329' title='bbox 1569 1682 1658 1720; x_wconf 91' lang='lat' dir='ltr'><strong>loco</strong></span> <span class='ocrx_word' id='word_1_330' title='bbox 1688 1682 1732 1720; x_wconf 87' lang='lat' dir='ltr'><strong>ad</strong></span> <span class='ocrx_word' id='word_1_331' title='bbox 1764 1682 1824 1720; x_wconf 90' lang='lat' dir='ltr'><strong>lib.</strong></span> <span class='ocrx_word' id='word_1_332' title='bbox 1850 1697 1875 1721; x_wconf 84' lang='lat'><strong>1.</strong></span> <span class='ocrx_word' id='word_1_333' title='bbox 1900 1685 1994 1722; x_wconf 90' lang='lat' dir='ltr'><strong>Met.</strong></span> <span class='ocrx_word' id='word_1_334' title='bbox 2017 1683 2108 1732; x_wconf 78' lang='lat'><strong>683.</strong></span> <span class='ocrx_word' id='word_1_335' title='bbox 2152 1694 2355 1736; x_wconf 88' lang='lat' dir='ltr'><strong>antequam</strong></span> 
     </span>
     <span class='ocr_line' id='line_1_53' title="bbox 1307 1732 2359 1785; baseline 0.006 -17"><span class='ocrx_word' id='word_1_336' title='bbox 1307 1732 1401 1770; x_wconf 87' lang='lat' dir='ltr'><strong>mihi</strong></span> <span class='ocrx_word' id='word_1_337' title='bbox 1421 1733 1665 1771; x_wconf 88' lang='lat' dir='ltr'><strong>Etonensium</strong></span> <span class='ocrx_word' id='word_1_338' title='bbox 1688 1733 1901 1773; x_wconf 68' lang='lat' dir='ltr'><strong>Elec‘torum</strong></span> <span class='ocrx_word' id='word_1_339' title='bbox 1917 1737 2025 1785; x_wconf 88' lang='lat' dir='ltr'><strong>copia</strong></span> <span class='ocrx_word' id='word_1_340' title='bbox 2046 1735 2134 1773; x_wconf 77' lang='lat' dir='ltr'><strong>esset</strong></span> <span class='ocrx_word' id='word_1_341' title='bbox 2152 1737 2255 1774; x_wconf 65' lang='lat' dir='ltr'><strong>facia.</strong></span> <span class='ocrx_word' id='word_1_342' title='bbox 2275 1737 2359 1784; x_wconf 87' lang='lat' dir='ltr'><strong>(an-</strong></span> 
     </span>
     <span class='ocr_line' id='line_1_54' title="bbox 1311 1784 2357 1836; baseline 0.005 -16"><span class='ocrx_word' id='word_1_343' title='bbox 1311 1790 1348 1820; x_wconf 92' lang='lat' dir='ltr'><strong>te</strong></span> <span class='ocrx_word' id='word_1_344' title='bbox 1369 1794 1464 1832; x_wconf 91' lang='lat' dir='ltr'><strong>quae</strong></span> <span class='ocrx_word' id='word_1_345' title='bbox 1478 1784 1550 1822; x_wconf 84' lang='lat' dir='ltr'><strong>visa</strong></span> <span class='ocrx_word' id='word_1_346' title='bbox 1571 1784 1628 1822; x_wconf 88' lang='lat' dir='ltr'><strong>illa</strong></span> <span class='ocrx_word' id='word_1_347' title='bbox 1642 1785 1721 1833; x_wconf 84' lang='lat' dir='ltr'><strong>jam</strong></span> <span class='ocrx_word' id='word_1_348' title='bbox 1746 1786 1842 1833; x_wconf 89' lang='lat' dir='ltr'><strong>typis</strong></span> <span class='ocrx_word' id='word_1_349' title='bbox 1865 1786 1968 1824; x_wconf 87' lang='lat' dir='ltr'><strong>fuere</strong></span> <span class='ocrx_word' id='word_1_350' title='bbox 1989 1786 2231 1835; x_wconf 86' lang='lat' dir='ltr'><strong>descripta)&amp;</strong></span> <span class='ocrx_word' id='word_1_351' title='bbox 2251 1787 2357 1836; x_wconf 90' lang='lat' dir='ltr'><strong>quod</strong></span> 
     </span>
     <span class='ocr_line' id='line_1_55' title="bbox 1310 1832 2356 1883; baseline 0.006 -13"><span class='ocrx_word' id='word_1_352' title='bbox 1310 1832 1360 1870; x_wconf 91' lang='lat' dir='ltr'><strong>ibi</strong></span> <span class='ocrx_word' id='word_1_353' title='bbox 1396 1834 1568 1872; x_wconf 84' lang='lat' dir='ltr'><strong>diminuit</strong></span> <span class='ocrx_word' id='word_1_354' title='bbox 1597 1835 1796 1883; x_wconf 88' lang='lat' dir='ltr'><strong>legendum</strong></span> <span class='ocrx_word' id='word_1_355' title='bbox 1830 1835 1901 1874; x_wconf 83' lang='lat' dir='ltr'><strong>effe</strong></span> <span class='ocrx_word' id='word_1_356' title='bbox 1930 1837 2192 1879; x_wconf 84' lang='lat' dir='ltr'><strong>contendimus</strong></span> <span class='ocrx_word' id='word_1_357' title='bbox 2214 1865 2224 1882; x_wconf 98' lang='lat'><strong>,</strong></span> <span class='ocrx_word' id='word_1_358' title='bbox 2254 1848 2356 1876; x_wconf 86' lang='lat' dir='ltr'><strong>nune</strong></span> 
     </span>
     <span class='ocr_line' id='line_1_56' title="bbox 1309 1882 2359 1937; baseline 0.007 -17"><span class='ocrx_word' id='word_1_359' title='bbox 1309 1882 1474 1922; x_wconf 88' lang='lat' dir='ltr'><strong>firmatur</strong></span> <span class='ocrx_word' id='word_1_360' title='bbox 1491 1886 1628 1923; x_wconf 87' lang='lat' dir='ltr'><strong>codicis</strong></span> <span class='ocrx_word' id='word_1_361' title='bbox 1642 1886 1677 1922; x_wconf 81' lang='lat' dir='ltr'><strong>P.</strong></span> <span class='ocrx_word' id='word_1_362' title='bbox 1690 1886 1787 1924; x_wconf 88' lang='lat' dir='ltr'><strong>Dan.</strong></span> <span class='ocrx_word' id='word_1_363' title='bbox 1800 1888 2017 1926; x_wconf 65' lang='lat' dir='ltr'><strong>auctoritate</strong></span> <span class='ocrx_word' id='word_1_364' title='bbox 2032 1916 2043 1933; x_wconf 95' lang='lat'><strong>,</strong></span> <span class='ocrx_word' id='word_1_365' title='bbox 2062 1891 2125 1937; x_wconf 90' lang='lat' dir='ltr'><strong>qui</strong></span> <span class='ocrx_word' id='word_1_366' title='bbox 2137 1890 2197 1926; x_wconf 87' lang='lat' dir='ltr'><strong>hic</strong></span> <span class='ocrx_word' id='word_1_367' title='bbox 2209 1891 2245 1927; x_wconf 90' lang='lat' dir='ltr'><strong>in</strong></span> <span class='ocrx_word' id='word_1_368' title='bbox 2261 1901 2359 1927; x_wconf 86' lang='lat' dir='ltr'><strong>mar-</strong></span> 
     </span>
     <span class='ocr_line' id='line_1_57' title="bbox 1308 1935 2358 1988; baseline 0.008 -18"><span class='ocrx_word' id='word_1_369' title='bbox 1308 1935 1393 1981; x_wconf 89' lang='lat' dir='ltr'><strong>gine</strong></span> <span class='ocrx_word' id='word_1_370' title='bbox 1420 1935 1596 1980; x_wconf 84' lang='lat' dir='ltr'><strong>habebat‚</strong></span> <span class='ocrx_word' id='word_1_371' title='bbox 1624 1935 1806 1982; x_wconf 87' lang='lat' dir='ltr'><strong>diminui,</strong></span> <span class='ocrx_word' id='word_1_372' title='bbox 1842 1938 1945 1987; x_wconf 89' lang='lat' dir='ltr'><strong>quod</strong></span> <span class='ocrx_word' id='word_1_373' title='bbox 1966 1951 2095 1977; x_wconf 86' lang='lat' dir='ltr'><strong>verum</strong></span> <span class='ocrx_word' id='word_1_374' title='bbox 2121 1948 2224 1988; x_wconf 81' lang='lat' dir='ltr'><strong>puto.</strong></span> <span class='ocrx_word' id='word_1_375' title='bbox 2252 1941 2358 1978; x_wconf 87' lang='lat' dir='ltr'><strong>exhi-</strong></span> 
     </span>
     <span class='ocr_line' id='line_1_58' title="bbox 1308 1983 2359 2040; baseline 0.009 -20"><span class='ocrx_word' id='word_1_376' title='bbox 1308 1983 1416 2022; x_wconf 84' lang='lat' dir='ltr'><strong>bebat</strong></span> <span class='ocrx_word' id='word_1_377' title='bbox 1443 1985 1542 2023; x_wconf 85' lang='lat' dir='ltr'><strong>idem</strong></span> <span class='ocrx_word' id='word_1_378' title='bbox 1576 1998 1696 2031; x_wconf 85' lang='lat' dir='ltr'><strong>curas,</strong></span> <span class='ocrx_word' id='word_1_379' title='bbox 1725 1988 1841 2024; x_wconf 80' lang='lat' dir='ltr'><strong>dicam</strong></span> <span class='ocrx_word' id='word_1_380' title='bbox 1864 2017 1874 2032; x_wconf 97' lang='lat'><strong>‚</strong></span> <span class='ocrx_word' id='word_1_381' title='bbox 1902 1998 2098 2040; x_wconf 81' lang='lat' dir='ltr'><strong>tempusque</strong></span> <span class='ocrx_word' id='word_1_382' title='bbox 2117 1990 2263 2038; x_wconf 82' lang='lat' dir='ltr'><strong>fefelli,</strong></span> <span class='ocrx_word' id='word_1_383' title='bbox 2299 2002 2359 2037; x_wconf 53' lang='lat' dir='ltr'><strong>req</strong></span> 
     </span>
     <span class='ocr_line' id='line_1_59' title="bbox 1309 2033 2295 2088; baseline 0.008 -16"><span class='ocrx_word' id='word_1_384' title='bbox 1309 2033 1378 2072; x_wconf 71' lang='lat' dir='ltr'><strong>&amp;ce</strong></span> <span class='ocrx_word' id='word_1_385' title='bbox 1416 2034 1573 2074; x_wconf 88' lang='lat' dir='ltr'><strong>diminui</strong></span> <span class='ocrx_word' id='word_1_386' title='bbox 1596 2048 1697 2075; x_wconf 85' lang='lat' dir='ltr'><strong>curas</strong></span> <span class='ocrx_word' id='word_1_387' title='bbox 1720 2067 1729 2081; x_wconf 93' lang='lat'><strong>,</strong></span> <span class='ocrx_word' id='word_1_388' title='bbox 1770 2040 1807 2076; x_wconf 71' lang='grc' dir='ltr'><strong>δε</strong></span> <span class='ocrx_word' id='word_1_389' title='bbox 1837 2048 1983 2088; x_wconf 87' lang='lat' dir='ltr'><strong>tempus</strong></span> <span class='ocrx_word' id='word_1_390' title='bbox 2012 2042 2136 2079; x_wconf 88' lang='lat' dir='ltr'><strong>fefelli.</strong></span> <span class='ocrx_word' id='word_1_391' title='bbox 2165 2042 2295 2079; x_wconf 62' lang='lat' dir='ltr'><strong>Burin.</strong></span> 
     </span>
    </p>

    <p class='ocr_par' dir='ltr' id='par_1_22' title="bbox 1308 2085 2360 2227">
     <span class='ocr_line' id='line_1_60' title="bbox 1359 2085 2360 2142; baseline 0.008 -19"><span class='ocrx_word' id='word_1_392' title='bbox 1359 2085 1422 2132; x_wconf 79' lang='lat'><strong>69.</strong></span> <span class='ocrx_word' id='word_1_393' title='bbox 1451 2091 1550 2124; x_wconf 87' lang='lat' dir='ltr'><strong>Dum</strong></span> <span class='ocrx_word' id='word_1_394' title='bbox 1577 2088 1809 2138; x_wconf 82' lang='lat' dir='ltr'><strong>scripfimus.]</strong></span> <span class='ocrx_word' id='word_1_395' title='bbox 1861 2091 2058 2130; x_wconf 82' lang='lat' dir='ltr'><strong>Vetustum</strong></span> <span class='ocrx_word' id='word_1_396' title='bbox 2088 2094 2125 2130; x_wconf 87' lang='lat' dir='ltr'><strong>in</strong></span> <span class='ocrx_word' id='word_1_397' title='bbox 2156 2093 2333 2142; x_wconf 77' lang='lat' dir='ltr'><strong>praesenti</strong></span> <span class='ocrx_word' id='word_1_398' title='bbox 2344 2096 2360 2139; x_wconf 82' lang='lat'><strong>,&#39;</strong></span> 
     </span>
     <span class='ocr_line' id='line_1_61' title="bbox 1308 2136 2357 2186; baseline 0.009 -13"><span class='ocrx_word' id='word_1_399' title='bbox 1308 2136 1394 2173; x_wconf 83' lang='lat' dir='ltr'><strong>dum</strong></span> <span class='ocrx_word' id='word_1_400' title='bbox 1420 2137 1618 2186; x_wconf 83' lang='lat' dir='ltr'><strong>scribimus.</strong></span> <span class='ocrx_word' id='word_1_401' title='bbox 1661 2140 1896 2180; x_wconf 69' lang='lat' dir='ltr'><strong>FABRxcms.</strong></span> <span class='ocrx_word' id='word_1_402' title='bbox 1948 2143 2135 2181; x_wconf 85' lang='lat' dir='ltr'><strong>Scribimus</strong></span> <span class='ocrx_word' id='word_1_403' title='bbox 2172 2144 2357 2182; x_wconf 77' lang='lat' dir='ltr'><strong>meliores.</strong></span> 
     </span>
     <span class='ocr_line' id='line_1_62' title="bbox 1309 2188 1458 2227; baseline 0.013 -2"><span class='ocrx_word' id='word_1_404' title='bbox 1309 2188 1458 2227; x_wconf 65' lang='lat' dir='ltr'><strong>Hiems.</strong></span> 
     </span>
    </p>

    <p class='ocr_par' dir='ltr' id='par_1_23' title="bbox 1307 2239 2354 2751">
     <span class='ocr_line' id='line_1_63' title="bbox 1361 2239 2354 2294; baseline 0.003 -16"><span class='ocrx_word' id='word_1_405' title='bbox 1361 2239 1424 2287; x_wconf 83' lang='lat'><strong>69.</strong></span> <span class='ocrx_word' id='word_1_406' title='bbox 1452 2240 1615 2290; x_wconf 87' lang='lat' dir='ltr'><strong>Dolori.]</strong></span> <span class='ocrx_word' id='word_1_407' title='bbox 1674 2243 1897 2282; x_wconf 84' lang='lat' dir='ltr'><strong>Restitutum</strong></span> <span class='ocrx_word' id='word_1_408' title='bbox 1924 2245 2045 2290; x_wconf 90' lang='lat' dir='ltr'><strong>vides,</strong></span> <span class='ocrx_word' id='word_1_409' title='bbox 2077 2245 2187 2283; x_wconf 84' lang='lat' dir='ltr'><strong>dolore</strong></span> <span class='ocrx_word' id='word_1_410' title='bbox 2204 2257 2270 2294; x_wconf 89' lang='lat' dir='ltr'><strong>pro</strong></span> <span class='ocrx_word' id='word_1_411' title='bbox 2292 2244 2354 2281; x_wconf 83' lang='lat' dir='ltr'><strong>do-</strong></span> 
     </span>
     <span class='ocr_line' id='line_1_64' title="bbox 1307 2289 2353 2343; baseline 0.006 -17"><span class='ocrx_word' id='word_1_412' title='bbox 1307 2289 1398 2335; x_wconf 80' lang='lat' dir='ltr'><strong>lori,</strong></span> <span class='ocrx_word' id='word_1_413' title='bbox 1423 2291 1526 2340; x_wconf 91' lang='lat' dir='ltr'><strong>quod</strong></span> <span class='ocrx_word' id='word_1_414' title='bbox 1557 2292 1749 2341; x_wconf 86' lang='lat' dir='ltr'><strong>amplexae</strong></span> <span class='ocrx_word' id='word_1_415' title='bbox 1777 2295 1921 2332; x_wconf 78' lang='lat' dir='ltr'><strong>fuerant</strong></span> <span class='ocrx_word' id='word_1_416' title='bbox 1957 2307 2117 2343; x_wconf 81' lang='lat' dir='ltr'><strong>nuperae</strong></span> <span class='ocrx_word' id='word_1_417' title='bbox 2145 2295 2353 2340; x_wconf 85' lang='lat' dir='ltr'><strong>editiones,</strong></span> 
     </span>
     <span class='ocr_line' id='line_1_65' title="bbox 1308 2341 2350 2391; baseline 0.006 -14"><span class='ocrx_word' id='word_1_418' title='bbox 1308 2341 1486 2391; x_wconf 90' lang='lat' dir='ltr'><strong>quodque</strong></span> <span class='ocrx_word' id='word_1_419' title='bbox 1518 2353 1564 2380; x_wconf 85' lang='lat' dir='ltr'><strong>ex</strong></span> <span class='ocrx_word' id='word_1_420' title='bbox 1596 2355 1673 2381; x_wconf 91' lang='lat' dir='ltr'><strong>uno</strong></span> <span class='ocrx_word' id='word_1_421' title='bbox 1704 2344 1797 2381; x_wconf 89' lang='lat' dir='ltr'><strong>libro</strong></span> <span class='ocrx_word' id='word_1_422' title='bbox 1827 2345 1979 2382; x_wconf 85' lang='lat' dir='ltr'><strong>adduxit</strong></span> <span class='ocrx_word' id='word_1_423' title='bbox 2017 2345 2271 2383; x_wconf 75' lang='lat' dir='ltr'><strong>Bersmannus.</strong></span> <span class='ocrx_word' id='word_1_424' title='bbox 2311 2347 2350 2383; x_wconf 67' lang='grc' dir='ltr'><strong>ὃ(</strong></span> 
     </span>
     <span class='ocr_line' id='line_1_66' title="bbox 1309 2391 2349 2446; baseline 0.005 -17"><span class='ocrx_word' id='word_1_425' title='bbox 1309 2391 1432 2430; x_wconf 89' lang='lat' dir='ltr'><strong>nescio</strong></span> <span class='ocrx_word' id='word_1_426' title='bbox 1462 2401 1587 2431; x_wconf 86' lang='lat' dir='ltr'><strong>tamen</strong></span> <span class='ocrx_word' id='word_1_427' title='bbox 1611 2421 1622 2439; x_wconf 91' lang='lat'><em>‚</em></span> <span class='ocrx_word' id='word_1_428' title='bbox 1658 2405 1704 2432; x_wconf 88' lang='lat' dir='ltr'><strong>an</strong></span> <span class='ocrx_word' id='word_1_429' title='bbox 1731 2395 1869 2433; x_wconf 80' lang='lat' dir='ltr'><strong>intersit</strong></span> <span class='ocrx_word' id='word_1_430' title='bbox 1889 2395 2053 2444; x_wconf 84' lang='lat' dir='ltr'><strong>aliquid,</strong></span> <span class='ocrx_word' id='word_1_431' title='bbox 2081 2396 2140 2434; x_wconf 92' lang='lat' dir='ltr'><strong>sed</strong></span> <span class='ocrx_word' id='word_1_432' title='bbox 2167 2404 2349 2446; x_wconf 86' lang='lat' dir='ltr'><strong>quantum</strong></span> 
     </span>
     <span class='ocr_line' id='line_1_67' title="bbox 1309 2444 2351 2493; baseline 0.006 -13"><span class='ocrx_word' id='word_1_433' title='bbox 1309 2454 1409 2481; x_wconf 89' lang='lat' dir='ltr'><strong>nunc</strong></span> <span class='ocrx_word' id='word_1_434' title='bbox 1437 2444 1589 2492; x_wconf 89' lang='lat' dir='ltr'><strong>quidem</strong></span> <span class='ocrx_word' id='word_1_435' title='bbox 1615 2445 1751 2491; x_wconf 90' lang='lat' dir='ltr'><strong>video,</strong></span> <span class='ocrx_word' id='word_1_436' title='bbox 1779 2446 1971 2484; x_wconf 80' lang='lat' dir='ltr'><strong>Ablativus</strong></span> <span class='ocrx_word' id='word_1_437' title='bbox 1995 2456 2138 2484; x_wconf 87' lang='lat' dir='ltr'><strong>tantum</strong></span> <span class='ocrx_word' id='word_1_438' title='bbox 2169 2449 2252 2493; x_wconf 90' lang='lat' dir='ltr'><strong>rei,</strong></span> <span class='ocrx_word' id='word_1_439' title='bbox 2287 2448 2351 2486; x_wconf 90' lang='lat' dir='ltr'><strong>seu</strong></span> 
     </span>
     <span class='ocr_line' id='line_1_68' title="bbox 1310 2495 2350 2547; baseline 0.005 -16"><span class='ocrx_word' id='word_1_440' title='bbox 1310 2505 1394 2532; x_wconf 90' lang='lat' dir='ltr'><strong>cum</strong></span> <span class='ocrx_word' id='word_1_441' title='bbox 1427 2495 1721 2542; x_wconf 85' lang='lat' dir='ltr'><strong>praepositione,</strong></span> <span class='ocrx_word' id='word_1_442' title='bbox 1756 2497 1817 2534; x_wconf 90' lang='lat' dir='ltr'><strong>seu</strong></span> <span class='ocrx_word' id='word_1_443' title='bbox 1846 2496 1920 2534; x_wconf 88' lang='lat' dir='ltr'><strong>fine</strong></span> <span class='ocrx_word' id='word_1_444' title='bbox 1947 2498 2247 2547; x_wconf 79' lang='lat' dir='ltr'><strong>praepositione,</strong></span> <span class='ocrx_word' id='word_1_445' title='bbox 2274 2499 2350 2536; x_wconf 86' lang='lat' dir='ltr'><strong>hoc</strong></span> 
     </span>
     <span class='ocr_line' id='line_1_69' title="bbox 1309 2545 2346 2595; baseline 0.004 -13"><span class='ocrx_word' id='word_1_446' title='bbox 1309 2545 1463 2583; x_wconf 87' lang='lat' dir='ltr'><strong>verbum</strong></span> <span class='ocrx_word' id='word_1_447' title='bbox 1487 2546 1576 2593; x_wconf 81' lang='lat' dir='ltr'><strong>abest</strong></span> <span class='ocrx_word' id='word_1_448' title='bbox 1599 2549 1807 2585; x_wconf 89' lang='lat' dir='ltr'><strong>comitatur.</strong></span> <span class='ocrx_word' id='word_1_449' title='bbox 1821 2548 1995 2595; x_wconf 84' lang='lat' dir='ltr'><strong>personae</strong></span> <span class='ocrx_word' id='word_1_450' title='bbox 2018 2561 2109 2586; x_wconf 89' lang='lat' dir='ltr'><strong>vero</strong></span> <span class='ocrx_word' id='word_1_451' title='bbox 2129 2550 2167 2586; x_wconf 70' lang='grc' dir='ltr'><strong>δε</strong></span> <span class='ocrx_word' id='word_1_452' title='bbox 2188 2549 2346 2588; x_wconf 85' lang='lat' dir='ltr'><strong>Dativus</strong></span> 
     </span>
     <span class='ocr_line' id='line_1_70' title="bbox 1310 2596 2351 2647; baseline 0.005 -14"><span class='ocrx_word' id='word_1_453' title='bbox 1310 2596 1571 2637; x_wconf 85' lang='lat' dir='ltr'><strong>&amp;Ablativus.</strong></span> <span class='ocrx_word' id='word_1_454' title='bbox 1602 2599 1778 2636; x_wconf 80' lang='lat' dir='ltr'>AUCTOR</span> <span class='ocrx_word' id='word_1_455' title='bbox 1809 2599 1958 2637; x_wconf 80' lang='lat' dir='ltr'><strong>ELECT.</strong></span> <span class='ocrx_word' id='word_1_456' title='bbox 1979 2600 2109 2637; x_wconf 77' lang='grc' dir='ltr'>ΕτοΝ.</span> <span class='ocrx_word' id='word_1_457' title='bbox 2136 2600 2247 2638; x_wconf 83' lang='lat' dir='ltr'><strong>dolore</strong></span> <span class='ocrx_word' id='word_1_458' title='bbox 2267 2604 2351 2647; x_wconf 73' lang='lat' dir='ltr'><strong>Jun-</strong></span> 
     </span>
     <span class='ocr_line' id='line_1_71' title="bbox 1312 2647 2350 2698; baseline 0.004 -14"><span class='ocrx_word' id='word_1_459' title='bbox 1312 2647 1419 2685; x_wconf 88' lang='lat' dir='ltr'><strong>Leid.</strong></span> <span class='ocrx_word' id='word_1_460' title='bbox 1439 2648 1528 2697; x_wconf 85' lang='lat' dir='ltr'><strong>Reg.</strong></span> <span class='ocrx_word' id='word_1_461' title='bbox 1547 2649 1585 2686; x_wconf 71' lang='grc' dir='ltr'><strong>δε</strong></span> <span class='ocrx_word' id='word_1_462' title='bbox 1602 2649 1751 2687; x_wconf 89' lang='lat' dir='ltr'><strong>Putean.</strong></span> <span class='ocrx_word' id='word_1_463' title='bbox 1772 2649 1934 2696; x_wconf 77' lang='lat' dir='ltr'><strong>absumus</strong></span> <span class='ocrx_word' id='word_1_464' title='bbox 1954 2650 1979 2687; x_wconf 64' lang='lat' dir='ltr'><strong>iz</strong></span> <span class='ocrx_word' id='word_1_465' title='bbox 1992 2650 2092 2698; x_wconf 80' lang='lat' dir='ltr'><strong>solito</strong></span> <span class='ocrx_word' id='word_1_466' title='bbox 2108 2651 2258 2690; x_wconf 89' lang='lat' dir='ltr'><strong>Moreti.</strong></span> <span class='ocrx_word' id='word_1_467' title='bbox 2287 2653 2350 2689; x_wconf 86' lang='lat' dir='ltr'><strong>do-</strong></span> 
     </span>
     <span class='ocr_line' id='line_1_72' title="bbox 1309 2696 2243 2751; baseline 0.005 -17"><span class='ocrx_word' id='word_1_468' title='bbox 1309 2696 1375 2735; x_wconf 81' lang='lat' dir='ltr'><strong>lore</strong></span> <span class='ocrx_word' id='word_1_469' title='bbox 1388 2699 1468 2748; x_wconf 86' lang='lat' dir='ltr'><strong>jam</strong></span> <span class='ocrx_word' id='word_1_470' title='bbox 1491 2699 1685 2738; x_wconf 89' lang='lat' dir='ltr'><strong>ediderunt</strong></span> <span class='ocrx_word' id='word_1_471' title='bbox 1706 2701 1790 2738; x_wconf 84' lang='lat' dir='ltr'><strong>Ald.</strong></span> <span class='ocrx_word' id='word_1_472' title='bbox 1813 2701 1941 2750; x_wconf 85' lang='lat' dir='ltr'><strong>Micyl.</strong></span> <span class='ocrx_word' id='word_1_473' title='bbox 1957 2702 2098 2751; x_wconf 87' lang='lat' dir='ltr'><strong>Gryph.</strong></span> <span class='ocrx_word' id='word_1_474' title='bbox 2117 2702 2155 2739; x_wconf 65' lang='grc' dir='ltr'><strong>ὃ(</strong></span> <span class='ocrx_word' id='word_1_475' title='bbox 2173 2703 2243 2740; x_wconf 86' lang='lat' dir='ltr'><strong>alii.</strong></span> 
     </span>
    </p>

    <p class='ocr_par' dir='ltr' id='par_1_24' title="bbox 1307 2750 2348 2840">
     <span class='ocr_line' id='line_1_73' title="bbox 1364 2750 2348 2802; baseline 0.008 -16"><span class='ocrx_word' id='word_1_476' title='bbox 1364 2760 1421 2797; x_wconf 84' lang='lat'><strong>73.</strong></span> <span class='ocrx_word' id='word_1_477' title='bbox 1453 2756 1550 2787; x_wconf 85' lang='lat' dir='ltr'><strong>Vetat</strong></span> <span class='ocrx_word' id='word_1_478' title='bbox 1571 2750 1628 2798; x_wconf 84' lang='lat' dir='ltr'><strong>iste</strong></span> <span class='ocrx_word' id='word_1_479' title='bbox 1642 2751 1830 2802; x_wconf 55' lang='lat' dir='ltr'><strong>prosecta]</strong></span> <span class='ocrx_word' id='word_1_480' title='bbox 1871 2752 2019 2791; x_wconf 60' lang='lat' dir='ltr'><strong>Rectius</strong></span> <span class='ocrx_word' id='word_1_481' title='bbox 2050 2753 2109 2790; x_wconf 86' lang='lat' dir='ltr'><strong>ille</strong></span> <span class='ocrx_word' id='word_1_482' title='bbox 2127 2753 2165 2790; x_wconf 89' lang='lat' dir='ltr'><strong>in</strong></span> <span class='ocrx_word' id='word_1_483' title='bbox 2185 2754 2348 2794; x_wconf 82' lang='lat' dir='ltr'><strong>nonnul·</strong></span> 
     </span>
     <span class='ocr_line' id='line_1_74' title="bbox 1307 2800 1563 2840; baseline 0.008 -2"><span class='ocrx_word' id='word_1_484' title='bbox 1307 2800 1349 2838; x_wconf 86' lang='lat' dir='ltr'><strong>lis</strong></span> <span class='ocrx_word' id='word_1_485' title='bbox 1373 2801 1563 2840; x_wconf 58' lang='lat' dir='ltr'><strong>Nausea.</strong></span> 
     </span>
    </p>

    <p class='ocr_par' dir='ltr' id='par_1_25' title="bbox 1312 2853 2367 3008">
     <span class='ocr_line' id='line_1_75' title="bbox 1362 2853 2367 2904; baseline 0.006 -16"><span class='ocrx_word' id='word_1_486' title='bbox 1362 2862 1424 2900; x_wconf 80' lang='lat'><strong>75.</strong></span> <span class='ocrx_word' id='word_1_487' title='bbox 1454 2853 1527 2900; x_wconf 58' lang='lat' dir='ltr'><strong>Qui</strong></span> <span class='ocrx_word' id='word_1_488' title='bbox 1549 2867 1754 2904; x_wconf 84' lang='lat' dir='ltr'><strong>quanquam</strong></span> <span class='ocrx_word' id='word_1_489' title='bbox 1776 2854 1819 2902; x_wconf 87' lang='lat' dir='ltr'><strong>est</strong></span> <span class='ocrx_word' id='word_1_490' title='bbox 1842 2856 1945 2900; x_wconf 56' lang='lat' dir='ltr'><strong>faffis</strong></span> <span class='ocrx_word' id='word_1_491' title='bbox 1964 2854 2104 2904; x_wconf 82' lang='lat' dir='ltr'><strong>ingens,</strong></span> <span class='ocrx_word' id='word_1_492' title='bbox 2132 2866 2175 2895; x_wconf 66' lang='grc' dir='ltr'><strong>ω’</strong></span> <span class='ocrx_word' id='word_1_493' title='bbox 2195 2856 2367 2894; x_wconf 63' lang='grc' dir='ltr'><strong>ιοηιίιίιιςΔ</strong></span> 
     </span>
     <span class='ocr_line' id='line_1_76' title="bbox 1312 2901 2350 2954; baseline 0.005 -15"><span class='ocrx_word' id='word_1_494' title='bbox 1312 2901 1336 2939; x_wconf 63' lang='grc' dir='ltr'><em>ὰ</em></span> <span class='ocrx_word' id='word_1_495' title='bbox 1360 2913 1415 2946; x_wconf 71' lang='lat' dir='ltr'><strong>te,</strong></span> <span class='ocrx_word' id='word_1_496' title='bbox 1448 2905 1510 2940; x_wconf 74' lang='lat' dir='ltr'><strong>Vix</strong></span> <span class='ocrx_word' id='word_1_497' title='bbox 1530 2905 1684 2954; x_wconf 54' lang='lat' dir='ltr'><strong>tantus]</strong></span> <span class='ocrx_word' id='word_1_498' title='bbox 1717 2908 1842 2944; x_wconf 83' lang='lat' dir='ltr'><strong>Locus</strong></span> <span class='ocrx_word' id='word_1_499' title='bbox 1863 2915 2076 2953; x_wconf 84' lang='lat' dir='ltr'><strong>corruptus,</strong></span> <span class='ocrx_word' id='word_1_500' title='bbox 2105 2917 2145 2944; x_wconf 91' lang='lat' dir='ltr'><strong>ut</strong></span> <span class='ocrx_word' id='word_1_501' title='bbox 2163 2919 2261 2946; x_wconf 89' lang='lat' dir='ltr'><strong>nunc</strong></span> <span class='ocrx_word' id='word_1_502' title='bbox 2272 2907 2350 2952; x_wconf 55' lang='lat' dir='ltr'><strong>edi-⁴</strong></span> 
     </span>
     <span class='ocr_line' id='line_1_77' title="bbox 1312 2957 2200 3008; baseline 0.006 -18"><span class='ocrx_word' id='word_1_503' title='bbox 1312 2961 1394 2998; x_wconf 88' lang='lat' dir='ltr'><strong>tur,</strong></span> <span class='ocrx_word' id='word_1_504' title='bbox 1424 2962 1533 3004; x_wconf 88' lang='lat' dir='ltr'><strong>atque</strong></span> <span class='ocrx_word' id='word_1_505' title='bbox 1555 2957 1753 2995; x_wconf 81' lang='lat' dir='ltr'><strong>intricatus.</strong></span> <span class='ocrx_word' id='word_1_506' title='bbox 1781 2957 1936 3008; x_wconf 85' lang='lat' dir='ltr'><strong>Scaliger</strong></span> <span class='ocrx_word' id='word_1_507' title='bbox 1957 2957 2200 3002; x_wconf 85' lang='lat' dir='ltr'><strong>emendabat,</strong></span> 
     </span>
    </p>
   </div>
   <div class='ocr_carea' id='block_1_19' title="bbox 1366 3020 2351 3124">
    <p class='ocr_par' dir='ltr' id='par_1_26' title="bbox 1366 3020 2351 3124">
     <span class='ocr_line' id='line_1_78' title="bbox 1366 3020 2351 3075; baseline 0.001 -16"><span class='ocrx_word' id='word_1_508' title='bbox 1366 3020 1441 3069; x_wconf 69' lang='lat' dir='ltr'><strong>Qi</strong></span> <span class='ocrx_word' id='word_1_509' title='bbox 1457 3034 1662 3070; x_wconf 76' lang='lat' dir='ltr'><strong>quanquam</strong></span> <span class='ocrx_word' id='word_1_510' title='bbox 1685 3025 1728 3067; x_wconf 65' lang='lat' dir='ltr'><strong>est</strong></span> <span class='ocrx_word' id='word_1_511' title='bbox 1748 3026 1850 3067; x_wconf 57' lang='lat' dir='ltr'><strong>fabiis</strong></span> <span class='ocrx_word' id='word_1_512' title='bbox 1870 3027 1987 3075; x_wconf 73' lang='lat' dir='ltr'><strong>ingens</strong></span> <span class='ocrx_word' id='word_1_513' title='bbox 1999 3054 2008 3070; x_wconf 92' lang='lat'><strong>,</strong></span> <span class='ocrx_word' id='word_1_514' title='bbox 2020 3036 2063 3065; x_wconf 69' lang='lat'><strong>&amp;⁶</strong></span> <span class='ocrx_word' id='word_1_515' title='bbox 2083 3025 2237 3062; x_wconf 84' lang='lat' dir='ltr'><strong>conditus</strong></span> <span class='ocrx_word' id='word_1_516' title='bbox 2256 3023 2281 3060; x_wconf 72' lang='grc' dir='ltr'><strong>ιὶ</strong></span> <span class='ocrx_word' id='word_1_517' title='bbox 2300 3025 2351 3069; x_wconf 72' lang='lat' dir='ltr'><strong>te,</strong></span> 
     </span>
     <span class='ocr_line' id='line_1_79' title="bbox 1420 3071 2099 3124; baseline 0 -13"><span class='ocrx_word' id='word_1_518' title='bbox 1420 3071 1476 3108; x_wconf 80' lang='lat' dir='ltr'><strong>Vir</strong></span> <span class='ocrx_word' id='word_1_519' title='bbox 1498 3084 1598 3110; x_wconf 83' lang='lat' dir='ltr'><strong>tanto</strong></span> <span class='ocrx_word' id='word_1_520' title='bbox 1612 3103 1622 3119; x_wconf 92' lang='lat'>‚</span> <span class='ocrx_word' id='word_1_521' title='bbox 1647 3087 1779 3124; x_wconf 77' lang='lat' dir='ltr'><strong>quanto</strong></span> <span class='ocrx_word' id='word_1_522' title='bbox 1799 3077 1916 3114; x_wconf 81' lang='lat' dir='ltr'><strong>debuit</strong></span> <span class='ocrx_word' id='word_1_523' title='bbox 1936 3092 1989 3114; x_wconf 87' lang='lat' dir='ltr'><strong>ore</strong></span> <span class='ocrx_word' id='word_1_524' title='bbox 2011 3077 2099 3113; x_wconf 84' lang='lat' dir='ltr'><strong>cani.</strong></span> 
     </span>
    </p>
   </div>
   <div class='ocr_carea' id='block_1_20' title="bbox 1317 3135 2357 3248">
    <p class='ocr_par' dir='ltr' id='par_1_27' title="bbox 1317 3135 2357 3248">
     <span class='ocr_line' id='line_1_80' title="bbox 1318 3135 2352 3190; baseline 0.013 -17"><span class='ocrx_word' id='word_1_525' title='bbox 1318 3135 1368 3174; x_wconf 90' lang='lat' dir='ltr'><strong>D.</strong></span> <span class='ocrx_word' id='word_1_526' title='bbox 1389 3136 1533 3175; x_wconf 72' lang='lat' dir='ltr'><strong>Hems.</strong></span> <span class='ocrx_word' id='word_1_527' title='bbox 1565 3140 1739 3177; x_wconf 82' lang='lat' dir='ltr'><strong>Conditur</strong></span> <span class='ocrx_word' id='word_1_528' title='bbox 1759 3142 1852 3180; x_wconf 90' lang='lat' dir='ltr'><strong>bene</strong></span> <span class='ocrx_word' id='word_1_529' title='bbox 1877 3145 1982 3181; x_wconf 85' lang='lat' dir='ltr'><strong>Polit.</strong></span> <span class='ocrx_word' id='word_1_530' title='bbox 2001 3143 2135 3190; x_wconf 86' lang='lat' dir='ltr'><strong>aliique</strong></span> <span class='ocrx_word' id='word_1_531' title='bbox 2156 3147 2352 3189; x_wconf 59' lang='lat' dir='ltr'><strong>nonnullii</strong></span> 
     </span>
     <span class='ocr_line' id='line_1_81' title="bbox 1317 3189 2357 3248; baseline 0.012 -24"><span class='ocrx_word' id='word_1_532' title='bbox 1317 3198 1401 3225; x_wconf 86' lang='lat' dir='ltr'><strong>cum</strong></span> <span class='ocrx_word' id='word_1_533' title='bbox 1427 3189 1548 3236; x_wconf 87' lang='lat' dir='ltr'><strong>primis</strong></span> <span class='ocrx_word' id='word_1_534' title='bbox 1571 3190 1808 3231; x_wconf 86' lang='lat' dir='ltr'><strong>editionibus.</strong></span> <span class='ocrx_word' id='word_1_535' title='bbox 1843 3194 1996 3237; x_wconf 88' lang='lat' dir='ltr'><strong>deinde,</strong></span> <span class='ocrx_word' id='word_1_536' title='bbox 2025 3195 2084 3231; x_wconf 83' lang='lat' dir='ltr'><strong>vir</strong></span> <span class='ocrx_word' id='word_1_537' title='bbox 2103 3205 2228 3233; x_wconf 77' lang='lat' dir='ltr'><strong>tantus</strong></span> <span class='ocrx_word' id='word_1_538' title='bbox 2241 3211 2357 3248; x_wconf 82' lang='lat' dir='ltr'><strong>quan-</strong></span> 
     </span>
    </p>
   </div>
   <div class='ocr_carea' id='block_1_21' title="bbox 225 3220 2355 3293">
    <p class='ocr_par' dir='ltr' id='par_1_28' title="bbox 225 3220 2355 3293">
     <span class='ocr_line' id='line_1_82' title="bbox 225 3220 2355 3293; baseline 0.009 -26"><span class='ocrx_word' id='word_1_539' title='bbox 225 3220 412 3267; x_wconf 43' lang='grc' dir='ltr'><strong>ἱ’ΠῗῑῗΥῘἭΡῙ-</strong></span> <span class='ocrx_word' id='word_1_540' title='bbox 440 3232 525 3258; x_wconf 67' lang='lat' dir='ltr'><strong>nam</strong></span> <span class='ocrx_word' id='word_1_541' title='bbox 555 3222 709 3263; x_wconf 62' lang='lat' dir='ltr'><strong>diffinere</strong></span> <span class='ocrx_word' id='word_1_542' title='bbox 729 3254 738 3269; x_wconf 71' lang='lat'>2</span> <span class='ocrx_word' id='word_1_543' title='bbox 776 3229 824 3265; x_wconf 75' lang='lat' dir='ltr'><strong>est</strong></span> <span class='ocrx_word' id='word_1_544' title='bbox 855 3229 1002 3269; x_wconf 81' lang='lat' dir='ltr'><strong>seorslm</strong></span> <span class='ocrx_word' id='word_1_545' title='bbox 1033 3241 1185 3278; x_wconf 79' lang='lat' dir='ltr'><strong>tenere,</strong></span> <span class='ocrx_word' id='word_1_546' title='bbox 1214 3246 1261 3272; x_wconf 85' lang='lat' dir='ltr'><strong>ne</strong></span> <span class='ocrx_word' id='word_1_547' title='bbox 1324 3250 1380 3275; x_wconf 78' lang='lat' dir='ltr'><strong>tus</strong></span> <span class='ocrx_word' id='word_1_548' title='bbox 1405 3240 1521 3278; x_wconf 82' lang='lat' dir='ltr'><strong>multi.</strong></span> <span class='ocrx_word' id='word_1_549' title='bbox 1549 3244 1749 3286; x_wconf 83' lang='lat' dir='ltr'><strong>nonnulli,</strong></span> <span class='ocrx_word' id='word_1_550' title='bbox 1788 3245 1848 3279; x_wconf 86' lang='lat' dir='ltr'><strong>vir</strong></span> <span class='ocrx_word' id='word_1_551' title='bbox 1864 3253 1985 3280; x_wconf 79' lang='lat' dir='ltr'><strong>tantus</strong></span> <span class='ocrx_word' id='word_1_552' title='bbox 2014 3257 2144 3293; x_wconf 76' lang='lat' dir='ltr'><strong>quanto</strong></span> <span class='ocrx_word' id='word_1_553' title='bbox 2167 3274 2176 3290; x_wconf 95' lang='lat'><strong>‚</strong></span> <span class='ocrx_word' id='word_1_554' title='bbox 2216 3250 2274 3287; x_wconf 87' lang='lat' dir='ltr'><strong>vel</strong></span> <span class='ocrx_word' id='word_1_555' title='bbox 2294 3250 2355 3287; x_wconf 77' lang='lat' dir='ltr'><strong>vir</strong></span> 
     </span>
    </p>
   </div>
   <div class='ocr_carea' id='block_1_22' title="bbox 221 3271 1129 3371">
    <p class='ocr_par' dir='ltr' id='par_1_29' title="bbox 221 3271 1129 3371">
     <span class='ocr_line' id='line_1_83' title="bbox 228 3271 1129 3321; baseline 0.014 -15"><span class='ocrx_word' id='word_1_556' title='bbox 228 3271 442 3308; x_wconf 84' lang='lat' dir='ltr'><strong>continuata</strong></span> <span class='ocrx_word' id='word_1_557' title='bbox 463 3271 530 3310; x_wconf 81' lang='lat' dir='ltr'><strong>fint</strong></span> <span class='ocrx_word' id='word_1_558' title='bbox 549 3273 705 3312; x_wconf 80' lang='lat' dir='ltr'><strong>efficere.</strong></span> <span class='ocrx_word' id='word_1_559' title='bbox 723 3278 869 3317; x_wconf 85' lang='lat' dir='ltr'><strong>Lucret.</strong></span> <span class='ocrx_word' id='word_1_560' title='bbox 891 3282 949 3319; x_wconf 85' lang='lat' dir='ltr'><strong>lib.</strong></span> <span class='ocrx_word' id='word_1_561' title='bbox 972 3296 1005 3320; x_wconf 90' lang='lat' dir='ltr'><strong>v.</strong></span> <span class='ocrx_word' id='word_1_562' title='bbox 1043 3289 1129 3321; x_wconf 88' lang='lat' dir='ltr'><strong>Mar</strong></span> 
     </span>
     <span class='ocr_line' id='line_1_84' title="bbox 221 3323 770 3371; baseline 0.018 -16"><span class='ocrx_word' id='word_1_563' title='bbox 221 3329 292 3360; x_wconf 59' lang='lat' dir='ltr'><strong>tate</strong></span> <span class='ocrx_word' id='word_1_564' title='bbox 311 3331 487 3361; x_wconf 80' lang='lat' dir='ltr'><strong>terrarum</strong></span> <span class='ocrx_word' id='word_1_565' title='bbox 518 3323 654 3371; x_wconf 67' lang='lat' dir='ltr'><strong>distinet</strong></span> <span class='ocrx_word' id='word_1_566' title='bbox 683 3339 770 3365; x_wconf 72' lang='lat' dir='ltr'><strong>oras.</strong></span> 
     </span>
    </p>
   </div>
   <div class='ocr_carea' id='block_1_23' title="bbox 808 3286 2359 3384">
    <p class='ocr_par' dir='ltr' id='par_1_30' title="bbox 808 3286 2359 3384">
     <span class='ocr_line' id='line_1_85' title="bbox 808 3286 2359 3347; baseline 0.015 -32"><span class='ocrx_word' id='word_1_567' title='bbox 808 3330 854 3347; x_wconf 29' lang='grc' dir='ltr'><strong>Π.</strong></span> <span class='ocrx_word' id='word_1_568' title='bbox 904 3332 909 3337; x_wconf 18' lang='grc' dir='ltr'>ἱ</span> <span class='ocrx_word' id='word_1_569' title='bbox 1076 3336 1080 3341; x_wconf 23' lang='lat' dir='ltr'><strong>q</strong></span> <span class='ocrx_word' id='word_1_570' title='bbox 1117 3299 1146 3340; x_wconf 25' lang='lat' dir='ltr'><strong>&#39;e</strong></span> <span class='ocrx_word' id='word_1_571' title='bbox 1178 3286 1268 3336; x_wconf 81' lang='lat' dir='ltr'><strong>quod</strong></span> <span class='ocrx_word' id='word_1_572' title='bbox 1326 3301 1426 3326; x_wconf 79' lang='lat' dir='ltr'><strong>tanto</strong></span> <span class='ocrx_word' id='word_1_573' title='bbox 1454 3302 1621 3341; x_wconf 82' lang='lat' dir='ltr'><strong>quantus.</strong></span> <span class='ocrx_word' id='word_1_574' title='bbox 1648 3293 1769 3332; x_wconf 85' lang='lat' dir='ltr'><strong>Scribe</strong></span> <span class='ocrx_word' id='word_1_575' title='bbox 1789 3303 1874 3331; x_wconf 86' lang='lat' dir='ltr'><strong>cum</strong></span> <span class='ocrx_word' id='word_1_576' title='bbox 1896 3293 2096 3346; x_wconf 86' lang='lat' dir='ltr'><strong>Gottorph.</strong></span> <span class='ocrx_word' id='word_1_577' title='bbox 2118 3299 2157 3337; x_wconf 66' lang='grc' dir='ltr'><strong>ὃς</strong></span> <span class='ocrx_word' id='word_1_578' title='bbox 2181 3311 2258 3338; x_wconf 89' lang='lat' dir='ltr'><strong>uno</strong></span> <span class='ocrx_word' id='word_1_579' title='bbox 2282 3301 2359 3345; x_wconf 75' lang='lat' dir='ltr'><strong>Va-¹</strong></span> 
     </span>
     <span class='ocr_line' id='line_1_86' title="bbox 818 3332 1273 3384; baseline 0.018 -17"><span class='ocrx_word' id='word_1_580' title='bbox 818 3332 1013 3379; x_wconf 65' lang='lat' dir='ltr'><strong>vlrg11.xt·</strong></span> <span class='ocrx_word' id='word_1_581' title='bbox 1044 3335 1181 3384; x_wconf 72' lang='lat' dir='ltr'><strong>distinet</strong></span> <span class='ocrx_word' id='word_1_582' title='bbox 1211 3336 1273 3384; x_wconf 71' lang='lat' dir='ltr'><strong>h⁰·„</strong></span> 
     </span>
    </p>
   </div>
   <div class='ocr_carea' id='block_1_24' title="bbox 1330 3342 2370 3443">
    <p class='ocr_par' dir='ltr' id='par_1_31' title="bbox 1330 3342 2370 3443">
     <span class='ocr_line' id='line_1_87' title="bbox 1330 3342 1478 3387; baseline 0 -9"><span class='ocrx_word' id='word_1_583' title='bbox 1330 3342 1455 3380; x_wconf 86' lang='lat' dir='ltr'><strong>ticano</strong></span> <span class='ocrx_word' id='word_1_584' title='bbox 1467 3369 1478 3387; x_wconf 87' lang='lat'><strong>,</strong></span> 
     </span>
     <span class='ocr_line' id='line_1_88' title="bbox 2166 3412 2370 3443; baseline -0.005 -3"><span class='ocrx_word' id='word_1_585' title='bbox 2166 3412 2265 3422; x_wconf 86' lang='lat'><strong>—</strong></span> <span class='ocrx_word' id='word_1_586' title='bbox 2291 3415 2370 3443; x_wconf 79' lang='lat' dir='ltr'><strong>con·</strong></span> 
     </span>
    </p>
   </div>
  </div>
 </body>
</html>
