2495 3675
261 232 367 283 240

725 208 789 263 P.
861 205 1272 271 OVIDII
1345 203 1878 267 NAsoNis

562 324 744 379 Aurea
774 323 968 379 siccato
992 322 1304 378 redimicula
1327 320 1538 376 reddite
1563 321 1731 376 collo:

638 398 798 451 Nunc
827 397 912 451 alii
936 396 1126 458 flores,
1164 413 1305 449 nunc
1329 413 1466 449 nova
1492 394 1668 447 danda
1694 394 1809 448 rosa
1834 395 1923 450 est.

566 468 685 525 Vos
710 487 930 542 quoque
967 468 1058 522 sub
1086 467 1242 521 viridi
1271 468 1461 539 Myrto
1479 465 1631 537 jubet
1655 467 1738 521 illa
1759 467 1943 522 lavari:

421 560 524 613 140

635 541 963 614 Caussaque,
1005 558 1101 594 cur
1122 539 1332 610 jubeat,
1374 540 1614 611 (discite)
1654 553 1799 595 certa
1822 539 2005 596 subest„

569 614 762 669 Litore
788 613 1010 667 siccabat
1035 627 1273 668 rorantes
1298 613 1440 667 nuda
1462 612 1693 685 capillos,

646 687 920 742 Viderunt
945 685 1144 758 Satyri,
1184 687 1335 739 turba
1365 700 1649 756 proterva,
1682 685 1872 742 Deam.

571 759 768 821 Senfit,
808 761 861 812 &
890 759 1127 827 adposita
1154 759 1285 811 texit
1315 757 1397 810 sua
1425 774 1651 828 corpora
1677 773 1873 830 myrto.

641 832 789 886 Tuta
815 832 912 886 fuit
941 831 1104 886 ratio:
1147 848 1350 902 vosque
1376 829 1578 884 referre
1599 829 1768 901 jubet.

424 923 522 976 145
564 906 770 962 Discite
798 922 940 959 nunc
956 944 970 967 ‚

1015 922 1178 977 quare
1204 902 1472 957 Fortunae
1499 915 1616 957 tura
1642 902 1802 959 Virili

644 978 798 1032 Detis
823 996 920 1042 e0‚
960 978 1128 1032 calida
1154 976 1245 1046 qui
1279 977 1428 1030 locus
1454 974 1641 1029 humet
1668 979 1819 1046 aqua.

571 1051 788 1123 Accipit
814 1051 900 1105 ille
924 1051 1073 1105 locus
1096 1048 1270 1123 posito
1297 1048 1557 1103 velamine
1581 1048 1824 1111 cuncias3

640 1122 713 1178 Et
741 1123 931 1179 vitium
955 1123 1087 1180 nudi
1112 1122 1352 1193 corporis
1378 1138 1540 1175 omne
1565 1120 1728 1176 videt.

274 1388 643 1481 Postdhunlcbversum
660 1388 792 1438 legitur
811 1388 886 1426 hoc
903 1387 1082 1429 distichon
1104 1390 1143 1429 in
1162 1398 1241 1428 uno
1263 1397 1329 1425 eo-

281 1452 350 1479 run
379 1452 439 1478 em
475 1454 482 1479 1
514 1471 522 1481 .

382 1506 524 1543 Demite
543 1505 690 1543 divitias
706 1515 780 1543 tota
795 1506 963 1553 juvanda
978 1500 1062 1543 ‘Dea
1079 1505 1143 1554 est.-

332 1563 456 1596 Aurea
471 1556 595 1606 ficcato
613 1556 817 1594 redimicula
837 1557 967 1594 reddite
990 1557 1083 1596 collo.

282 1617 353 1656 Sed
376 1620 413 1655 in
433 1629 497 1656 ora
525 1618 716 1666 superioris
747 1617 914 1655 carminis
944 1618 1019 1656 hoc
1040 1618 1257 1667 adscriptum
1281 1619 1331 1657 est

281 1667 458 1718 gloss'ema
475 1696 485 1713 ,
513 1669 595 1713 vel,
622 1669 788 1705 levanda.
808 1667 1059 1715 Eruditiores,
1084 1681 1128 1707 an
1142 1670 1218 1718 ipso
1234 1670 1331 1707 Ovi-

283 1720 347 1758 dio
369 1720 522 1769 dignum
553 1719 616 1764 sit,
647 1720 837 1758 videbunt.
875 1719 1045 1757 CIOFAN.
1101 1719 1232 1758 Solvite
1252 1720 1332 1758 libri

283 1770 478 1815 meliores,
504 1782 599 1819 quos
617 1769 760 1819 sequor.
788 1769 934 1808 Hnms.
962 1770 1083 1808 Tollite
1103 1771 1227 1808 Petav.

337 1833 352 1859 1
361 1823 419 1869 36.
446 1821 587 1859 Demite
597 1820 744 1859 divitias
754 1836 766 1857 .-
780 1829 855 1857 tota
869 1819 1030 1858 lavanda
1041 1821 1104 1859 dea
1116 1821 1197 1872 effi]
1215 1822 1331 1860 Hunc

284 1872 428 1910 versum
455 1873 493 1910 δε
520 1871 737 1921 sequentem
768 1871 893 1909 addidi
919 1884 965 1910 ex
996 1873 1144 1917 Urfini,
1170 1882 1330 1923 utroque

283 1923 426 1962 Mazar.
440 1922 584 1961 Zulich.
607 1922 750 1960 Arond.
771 1923 810 1960 8<
831 1922 955 1961 multis
982 1923 1070 1962 aliis.
1096 1935 1257 1973 quorum
1277 1933 1331 1962 ta-

285 1986 374 2063 ffien
404 1974 569 2025 plerique
592 2002 603 2020 ‚
639 1972 808 2024 juvanda
846 1978 925 2012 Dea
954 1973 999 2023 est
1018 2002 1030 2020 ,
1071 1975 1134 2014 vel
1160 1974 1330 2014 videnda.

332 2037 435 2064 erus.

338 2078 420 2126 136.
449 2082 534 2113 Tota
554 2076 715 2115 lavanda
737 2082 817 2115 Dea
835 2076 914 2127 effi]
945 2076 1004 2115 Sic
1024 2077 1159 2122 scribe,
1185 2078 1333 2117 indubi-

285 2135 384 2166 tato:
413 2129 452 2165 in
473 2128 571 2166 aliis:
598 2138 672 2165 tota
696 2128 864 2179 juvanda
874 2143 886 2173 ;
916 2129 1080 2178 peffime.
1115 2130 1205 2168 Huc
1223 2130 1335 2178 perti-

285 2185 376 2217 nent
396 2178 562 2223 fictores,
591 2180 785 2225 unctores,
815 2180 1000 2218 vestitores
1018 2180 1216 2225 Deorum
1239 2192 1336 2230 quo-

286 2240 368 2267 rum
389 2230 562 2267 meminit
584 2229 744 2268 Senecae
762 2229 953 2280 quoddam
967 2232 1236 2280 fragmentum,
1259 2231 1339 2270 Fixa

287 2282 405 2318 micus
432 2281 472 2318 ὃς
492 2282 647 2318 trecenti
667 2281 814 2329 lapides.
843 2282 1018 2318 NEApor..

345 2339 427 2389 138.
456 2346 560 2377 Nunc
581 2340 645 2379 alii
657 2338 798 2391 flores]
838 2342 906 2379 His
927 2341 1006 2390 ipsis
1028 2342 1200 2381 Kalendis
1226 2343 1337 2392 Apri-

286 2392 351 2430 Iis:
380 2390 492 2441 idque
513 2391 651 2429 faetum
673 2392 710 2429 in
732 2393 875 2442 templo
894 2392 1052 2430 Veneris
1065 2393 1336 2438 Verticordiae,

287 2442 334 2480 de
354 2441 428 2492 qua
445 2442 564 2480 sermo
587 2442 708 2491 paullo
729 2444 817 2491 post.
853 2443 912 2480 Eo
930 2443 1039 2480 etiam
1063 2443 1122 2481 die
1142 2452 1218 2482 erat
1237 2445 1337 2482 lava-

288 2493 342 2531 tio
366 2500 620 2531 matronarum
649 2504 764 2541 prope
796 2493 978 2541 templum
1007 2493 1192 2532 Fortunae
1215 2495 1337 2532 virilis,

287 2543 499 2581 Plutarchus
528 2545 563 2581 in
589 2542 715 2581 Numa
735 2556 743 2580 :
779 2544 834 2578 Ἐν
855 2544 877 2591 ᾡ
900 2544 1009 2579 θύουσί
1032 2557 1074 2579 τε
1097 2547 1139 2590 τῇ
1161 2545 1243 2592 θεῷ,
1275 2546 1337 2580 καὶ

291 2595 372 2637 τκῖς
395 2594 604 2637 Ιίκλάνὲκις
625 2593 891 2640 ἐςεφκνωμέναι
922 2595 961 2629 αἱ
991 2597 1159 2639 ’γυναῖκες
1189 2597 1337 2641 μυρσίνῃ

292 2644 461 2682 >icio-mat.
487 2657 565 2683 non
586 2646 758 2694 exprimit
787 2646 937 2690 locum,
965 2644 1024 2682 sed
1053 2648 1090 2683 in
1117 2646 1254 2684 Nostro
1272 2646 1339 2684 ha-

291 2693 364 2732 bes.
394 2696 569 2734 Nestor.

344 2766 423 2803 139.
451 2756 516 2794 Illa
537 2756 691 2807 levari.]

288 2804 346 2841 alii
372 2834 380 2848 ‚

290 2855 423 2903 scripti.

348 2917 425 2952 141.
456 2908 584 2945 Littore
597 2909 748 2958 ficcabat
765 2920 919 2947 rorantes
940 2910 1035 2947 nuda
1055 2909 1229 2960 capillos,]
1260 2911 1336 2948 Le-

291 2967 337 3004 g:
366 2968 410 2993 ex
446 2958 504 2995 sex
533 2962 690 3008 antiquis
716 2962 812 2999 libris
834 2989 844 3005 ‚
879 2962 1049 3009 sudantes
1077 2975 1149 2998 rore
1190 2961 1335 3007 capillos.

292 3007 462 3096 ξῖοηκ.
485 3015 652 3095 {orantes
674 3012 769 3047 nuda
795 3013 963 3049 meliores
982 3022 1126 3049 omneS.
1150 3011 1261 3050 reste.
1289 3012 1336 3049 lic

342 3065 388 3095 et.
407 3070 442 3095 V.
461 3071 484 3103 4
512 3073 547 3106 9.

342 3127 573 3171 Roramesque
592 3136 703 3159 comas
723 3123 748 3159 iz
757 3124 876 3169 fronte
896 3125 1046 3162 removit
1070 3127 1117 3163 ad
1139 3140 1248 3165 aures.

290 3171 438 3210 Hzms.
467 3173 555 3210 Vid.
576 3173 652 3221 sup.
670 3174 730 3211 lib.
752 3186 816 3211 111.
835 3186 923 3222 409.

346 3250 426 3286 143.
454 3237 607 3287 Oppofita
627 3239 714 3275 texit
737 3242 802 3286 sica
822 3249 971 3287 tempora
1002 3241 1153 3290 myrta]
1209 3243 1334 3290 Lege,

290 3288 435 3339 apposita
456 3301 591 3337 myrto,
614 3298 653 3327 ut
675 3291 781 3337 prim.
812 3291 989 3335 Ambros„
1007 3293 1111 3329 Laeti
1137 3294 1175 3329 &
1195 3305 1335 3332 novem

283 3339 358 3379 alii.
385 3352 428 3380 ac
446 3340 530 3380 vide
552 3347 656 3380 notas
675 3341 742 3391 Ep.
766 3352 838 3381 vu.
857 3342 912 3385 ys.
939 3354 1022 3381 100.
1056 3342 1206 3382 (Deinde
1227 3356 1338 3395 repo-

732 2757 897 2805 Quidam
924 2757 1048 2794 Vatic.
1068 2763 1178 2805 Usque
1200 2757 1337 2795 levari:

426 2806 494 2854 ipsa
523 2808 649 2848 levari.
694 2807 837 2857 sequor.
882 2808 1053 2846 CLOFAN.
1103 2813 1227 2844 Latere
1260 2808 1336 2847 duo

2352 1248 2430 1307 Ut

1383 1384 1549 1425 nendum
1575 1386 1586 1431 ζ
1623 1395 1781 1437 corpora,
1802 1401 1887 1428 cum
1911 1389 2123 1429 melioribus
2146 1388 2334 1429 omnibus.
2359 1390 2434 1430 huc

1384 1438 1479 1475 refer
1500 1437 1588 1476 illud
1608 1438 1645 1475 in
1668 1439 1862 1479 Cataleetis
1876 1441 1923 1480 de
1940 1441 2125 1479 Menfibus
2144 1452 2224 1490 pag.
2239 1452 2321 1489 175.

1438 1506 1642 1541 Contel‘lam
1667 1517 1781 1556 myrto
1803 1514 1959 1547 Venerem
1979 1518 2169 1547 veneratur
2181 1508 2330 1557 Aprilis.

1386 1565 1534 1605 Hiems.
1589 1570 1667 1618 Qui
1698 1580 1849 1621 tempora
1881 1571 2067 1620 supposuit
2091 1571 2151 1609 hic
2175 1599 2186 1615 ‚
2231 1582 2432 1619 puerorum

1384 1627 1530 1656 morem
1547 1647 1556 1662 ,
1570 1622 1632 1669 qui
1647 1647 1657 1665 ,
1669 1621 1732 1659 ubi
1752 1632 1860 1670 caput
1870 1631 1999 1671 tegunt
2011 1652 2020 1668 ‚
2034 1622 2067 1660 se
2080 1622 2224 1670 penitus
2235 1621 2345 1659 latere
2358 1634 2436 1661 cre-

1388 1667 1504 1714 dunt,
1533 1670 1672 1709 Veneri
1701 1675 2005 1711 accommodavit
2027 1700 2037 1716 ‚
2074 1684 2168 1722 quae
2199 1680 2277 1710 tota
2309 1673 2431 1717 nuda,

1386 1717 1520 1758 scilicet
1541 1749 1551 1764 ‚
1599 1721 1778 1771 effugeret
1808 1725 2022 1772 Satyrorum
2053 1723 2244 1761 libidinem
2270 1751 2280 1766 ‚
2319 1723 2438 1771 capite

1386 1769 1499 1857 gusto.
1528 1784 1618 1809 mox
1630 1774 1776 1820 ‚referre
1794 1774 1901 1824 pudet
1921 1775 1995 1812 duo
2008 1789 2019 1819 ;
2028 1774 2138 1822 juvat
2152 1785 2246 1812 unus
2265 1773 2436 1812 Vatican.

1417 1834 1518 1860 mm.

1441 1885 1521 1921 145.
1547 1880 1721 1913 Fortunae
1751 1886 1835 1913 tura
1864 1876 2004 1924 virili.]
2045 1877 2119 1914 Sita
2137 1875 2245 1925 hUJ'us
2266 1874 2372 1913 aedes
2395 1875 2441 1915 ad

1388 1922 1584 1979 Tiberim:
1613 1927 1649 1964 in
1672 1928 1740 1966 hac
1761 1936 1836 1966 erat
1856 1928 1968 1967 statua
1996 1927 2053 1965 illa
2072 1927 2192 1976 lignea
2213 1926 2329 1964 Servii
2344 1926 2441 1965 Tul-

1387 1973 1438 2012 11i.
1466 1976 1525 2014 De
1547 1977 1722 2023 auctore,
1746 1991 1793 2016 ne
1813 1980 1944 2018 iterem
1973 1978 2232 2027 scriptionem,
2261 1977 2381 2015 dicam
2401 1977 2441 2016 in

1388 2036 1443 2063 vl.
1466 2037 1598 2077 quarto
1619 2029 1704 2067 Idus
1723 2030 1873 2077 Junias,
1901 2030 1950 2068 vs.
1975 2030 2059 2078 569.
2090 2029 2150 2068 ubi
2170 2029 2273 2066 locus
2294 2028 2441 2067 adhaec

1390 2078 1520 2126 aptior.
1550 2080 1729 2119 NEAPOL.

1448 2131 1529 2175 146.
1556 2130 1681 2168 Gelida
1698 2131 1759 2182 qui
1777 2131 1867 2170 locus
1893 2132 2014 2170 humet
2035 2131 2169 2181 aqum]

1391 2181 1456 2218 fin.
1477 2181 1618 2218 Mazar.
1649 2183 1755 2231 prim.
1777 2183 1919 2221 Fames.
1939 2185 1976 2220 &
2010 2182 2211 2220 duodecim
2241 2181 2310 2216 alii.
2337 2179 2442 2228 quod

1390 2231 1535 2280 sequor.
1561 2231 1624 2269 etfi
1643 2244 1719 2270 non
1742 2233 1821 2270 satis
1850 2233 2012 2274 constat,
2041 2232 2102 2269 ubi
2129 2232 2203 2268 hoc
2225 2228 2363 2267 saecum
2385 2230 2438 2268 fir.

1392 2282 1479 2320 vide
1503 2282 1620 2319 Nota-s
1640 2282 1701 2320 lib.
1721 2296 1746 2320 1.
1768 2282 1823 2320 -v-s.
1845 2294 1930 2328 271.
1954 2283 2096 2319 Hfile.

1448 2344 1529 2378 147.
1553 2332 1727 2383 Aspida]
1791 2334 1930 2383 Accipit
1960 2332 2114 2370 Cantab.
2143 2331 2243 2380 Junii
2271 2330 2438 2370 Bernens.

1393 2384 1431 2422 δὲ
1448 2382 1578 2421 decem
1600 2384 1671 2421 alii.

1447 2437 1530 2478 148.
1559 2438 1603 2470 Et
1624 2434 1757 2472 vitium
1778 2436 1864 2472 nudi
1883 2434 2023 2485 corporis
2034 2447 2133 2471 omne
2150 2432 2286 2482 videt]
2317 2434 2443 2482 Quin-

1393 2497 1467 2533 que
1485 2484 1564 2522 libri
1578 2493 1718 2523 veteres
1734 2514 1744 2529 ,
1759 2492 1870 2523 Omne
1884 2496 1995 2535 pacet.
2024 2486 2194 2522 CiOFAN.
2222 2491 2325 2521 Patet
2337 2479 2442 2522 Voff.

1393 2535 1572 2573 Arondel.
1596 2536 1822 2586 plurimique
1853 2537 1923 2574 alii.
1958 2535 2062 2586 quod
2086 2534 2111 2572 fi
2141 2535 2358 2584 sequamur,
2385 2534 2442 2572 su-

1392 2587 1526 2635 periori
1545 2586 1672 2630 versu,
1705 2599 1769 2636 pro
1791 2587 1929 2636 Accipit
1944 2615 1953 2629 ‚
1976 2598 2061 2624 cum
2089 2585 2274 2623 nonnullis
2293 2585 2410 2632 legam
2429 2610 2441 2628 ,

1393 2637 1541 2686 Aspicit.
1559 2649 1607 2674 ne
1626 2638 1677 2675 bis
1697 2638 1795 2675 idem
1810 2638 1917 2676 dicat.
1945 2638 2091 2675 Herus.

1451 2700 1531 2732 140.
1557 2693 1602 2723 Ut
1623 2698 1714 2735 tegat
1735 2688 1796 2725 hoc
1807 2688 1952 2739 celetque
1964 2686 2096 2735 viros]
2126 2685 2215 2721 Viris
2236 2683 2358 2721 Ursini
2372 2695 2436 2721 co-

1394 2737 1465 2774 dex
1487 2739 1523 2774 &
1546 2747 1704 2786 quatuor
1726 2740 1784 2777 alii
1817 2739 1980 2778 melioris
2006 2744 2127 2775 notae.
2155 2734 2203 2772 fic
2233 2735 2272 2772 &
2295 2735 2440 2773 Teren-

1392 2788 1463 2825 tius
1486 2788 1711 2826 Phormione
1724 2818 1735 2834 ,

1615 2838 1649 2885 fi
1666 2839 1726 2876 hoc
1744 2839 1869 2877 celetur
1884 2839 2002 2888 patri,
2029 2837 2067 2875 in
2086 2847 2180 2875 metu
2193 2837 2285 2886 sum.

1392 2889 1618 2927 Dracontius
1641 2891 1856 2927 Hexamero
1871 2917 1880 2931 ‚

1444 2947 1515 2976 Nec
1539 2941 1694 2976 celantur
1713 2940 1740 2976 ei
1760 2952 1979 2990 quaecunque
2000 2939 2136 2987 obscura
2153 2949 2338 2987 geruntur.

1391 2988 1451 3027 ubi
1475 3000 1662 3037 perperam
1693 2990 1846 3026 Rivinus
1876 3003 1953 3025 eum
1985 2992 2141 3038 reponit.
2180 2991 2324 3027 Auctor
2345 2988 2433 3026 Belli

1391 3041 1641 3077 Alexandrini,
1657 3042 1734 3086 {Quo
1744 3043 1842 3085 sacro
1852 3041 2066 3077 dubitatione
2076 3039 2220 3089 sublata
2240 3051 2360 3077 tantus
2380 3040 2435 3076 in-

1392 3089 1477 3138 ceffit
1498 3090 1626 3133 timor,
1655 3100 1693 3125 ut
1715 3090 1762 3125 ad
1791 3101 1984 3128 extremum
2017 3094 2131 3138 casum
2159 3105 2271 3128 omnes
2300 3088 2434 3126 deducti

1391 3141 1594 3177 viderentur
1617 3168 1626 3183 ‚
1657 3152 1760 3189 atque
1790 3142 1854 3178 alii
1887 3141 2017 3177 morari
2051 3143 2232 3189 Caesarem
2264 3141 2430 3182 dicerem..

1391 3192 1476 3240 quin
1497 3204 1604 3227 naves
1627 3194 1838 3239 conscendere
1848 3192 1981 3240 juberet
1995 3220 2003 3235 ‚
2032 3191 2095 3228 alii
2114 3192 2224 3230 multo
2238 3193 2432 3241 graviorem

1392 3243 1645 3288 extimescerent
1676 3243 1812 3290 casum,
1841 3245 1930 3290 quod
1960 3255 2065 3290 neque
2093 3244 2195 3280 celari
2221 3239 2434 3279 Alexandri-

1395 3293 1448 3329 nis
1460 3292 1558 3342 posset
1578 3294 1616 3329 in
1644 3294 1844 3341 apparanda
1866 3295 1955 3342 suga
1968 3321 1978 3335 ,
2007 3306 2111 3343 neque
2131 3294 2200 3330 illis
2221 3290 2434 3338 imminenti-

1393 3344 1456 3382 bus
1477 3343 1570 3381 ullus
1593 3344 1632 3381 in
1653 3355 1761 3381 naves
1783 3353 1927 3394 receptus
1949 3345 2104 3382 daretur.
2130 3344 2179 3383 ita
2197 3344 2353 3383 vetustus
2362 3352 2433 3430 go-

2387 3400 2431 3429 CX

2216 2129 2346 2168 Calida
2364 2130 2440 2167 Ur-'
