2495 3675
476 151 1112 219 TRISTIUM

1183 151 1237 208 L
1264 168 1295 206 »ι
1324 170 1380 207 Β.
1453 149 1525 206 V.
1602 149 1774 209 Era-zo.
1826 154 1942 214 VII.

369 256 498 315 Non
524 264 770 310 metuunt
794 253 965 324 leges,
1000 247 1090 304 sed
1116 245 1262 302 cedit
1287 244 1485 300 viribus
1514 262 1772 319 aequum;

445 329 707 400 Vifiaque
731 325 958 397 pugnaci
978 323 1092 393 jura
1120 319 1210 375 sub
1240 319 1361 374 ense
1381 318 1575 390 jacent.

369 402 602 459 Pellibus
642 401 696 453 &
724 400 851 453 laxis
876 407 1057 450 arcent
1087 394 1220 447 male
1245 392 1441 464 frigora
1472 392 1705 455 braccis;

228 496 296 546 50

442 476 658 546 Oraque
684 472 800 526 sunt
824 468 992 539 longis
1021 466 1237 520 horrida
1267 465 1400 520 tecia
1429 467 1613 520 comis,

363 550 421 605 In
448 565 626 621 paneis
652 554 926 599 remanent
955 538 1147 608 Grajae
1171 538 1384 609 vestigia
1412 539 1647 609 linguae:

437 624 592 676 Haec
616 631 831 689 quoque
853 612 955 683 jam
984 610 1189 665 Getico
1215 611 1429 664 barbara
1455 611 1585 665 facia
1612 612 1757 666 sono,

362 694 515 750 Unus
539 694 592 746 in
618 691 722 744 hoc
746 687 947 759 populo
971 701 1132 739 nemo
1159 683 1259 745 est,
1297 684 1388 754 qui
1413 682 1553 737 forte
1581 685 1775 740 Latine

438 762 722 840 Quaelibet
749 763 779 814 e
805 759 986 812 medio
1014 755 1243 810 reddere
1268 754 1426 809 verba
1456 771 1630 826 queat.

219 860 284 910 55
359 841 448 896 Ille
474 855 576 909 ego
603 836 880 890 Romanus
910 843 1053 884 vates
1082 828 1372 899 (ignoscite
1401 829 1622 895 Musae>

431 908 724 966 Sarmatico
751 922 920 975 cogor
945 902 1170 975 plurima
1197 919 1346 955 more
1375 902 1536 972 loqui.

362 985 448 1042 En
475 981 672 1055 pudet,
717 980 765 1031 ὅ(
797 979 998 1037 fateor;
1045 974 1143 1040 iam
1171 974 1521 1031 desuetudine
1546 976 1733 1048 longa,

430 1056 544 1113 Vix
569 1053 791 1107 subeunt
818 1050 910 1120 ipsi
937 1047 1092 1103 verba
1122 1047 1312 1101 Latina
1339 1049 1482 1102 mihi.

350 1132 468 1187 Nec
496 1127 715 1193 dubit-0,
751 1123 881 1196 quin
908 1122 1004 1176 fint
1034 1120 1085 1174 &
1113 1120 1167 1173 in
1195 1120 1298 1173 hoc
1324 1138 1430 1173 non
1472 1137 1637 1191 pauca
1669 1122 1844 1178 libello

214 1210 284 1261 60

428 1200 670 1256 Barbara.
710 1214 817 1250 non
846 1193 1075 1249 hominis
1103 1193 1285 1263 culpa,
1323 1192 1411 1246 sed
1436 1194 1524 1247 ista
1552 1196 1669 1247 loci.

356 1276 441 1332 Ne
470 1288 647 1327 tamen
675 1268 939 1323 Ausoniae
968 1267 1186 1337 perdam
1212 1266 1538 1320 commercia
1563 1268 1786 1337 linguae.

433 1345 505 1402 Et
530 1345 619 1400 fiat
648 1341 822 1416 patrio
849 1358 957 1395 vox
979 1356 1095 1395 rnea
1118 1353 1266 1392 muta
1294 1337 1458 1401 sono;

68 1623 149 1651 non
166 1611 414 1661 ineleganter,
442 1615 482 1647 ut
501 1606 589 1647 illud
599 1604 788 1654 vulgatum
802 1631 812 1648 ‚
834 1602 926 1640 inter
943 1614 1047 1639 arma
1059 1600 1110 1651 si.

67 1662 140 1700 lent
161 1662 264 1712 leges:
289 1661 408 1698 Cicer.
430 1671 496 1709 pro
519 1658 653 1696 Milon.
668 1668 721 1693 ιν.
748 1654 819 1692 Sed
837 1661 963 1692 tamen
986 1652 1107 1703 τῷβιό

66 1714 198 1752 melius
217 1713 394 1751 convenit
407 1712 537 1759 jacent.
560 1707 671 1757 Epist.
692 1717 745 1744 ιν.
768 1706 851 1744 161.

120 1772 296 1810 Nobilitas
306 1770 373 1821 sub
393 1783 509 1808 amore
524 1770 627 1819 jacet.

65 1823 201 1863 Buum.

114 1902 177 1938 49.
203 1893 338 1926 Arcem
353 1885 451 1926 mala
462 1886 598 1935 frigora
616 1882 783 1933 braccis.]
834 1881 888 1920 Ita
909 1882 947 1920 ὅτ
974 1880 1107 1931 scripti.

65 1940 344 1990 Reponendum
372 1947 500 1977 tamen
523 1963 534 1980 ‚
571 1946 689 1973 arcent
718 1934 817 1972 male.
839 1933 956 1972 .Vide
990 1934 1108 1972 Notas

64 1992 157 2033 Fast.
177 2003 225 2030 11.
248 1990 302 2034 fis.
328 2000 409 2037 170.
435 1988 581 2026 Hsms.
599 1986 741 2024 Pellam
757 1986 910 2024 Putean.

116 2069 176 2106 49.
203 2057 377 2106 Braccis.]
416 2056 472 2094 Ex
491 2054 670 2093 hocloco
700 2052 842 2090 notabis
859 2050 1001 2096 obiter,
1028 2064 1106 2090 non

64 2106 182 2147 folum
209 2107 425 2157 subligacula
448 2135 458 2151 ‚
503 2117 592 2155 quas
620 2102 836 2150 ἀναξυρίδκς
867 2102 1009 2140 Graece
1037 2115 1108 2142 vo-

64 2166 149 2196 cant
168 2186 179 2204 ,
219 2158 357 2196 braccas
378 2157 451 2195 dici
471 2185 481 2201 ‚
518 2155 577 2194 sed
608 2156 644 2193 &
669 2155 825 2192 laxiores
852 2153 965 2190 vestes
986 2181 996 2196 ,
1024 2153 1107 2191 lon-

62 2209 257 2259 gioresque
282 2222 291 2246 z
336 2208 463 2246 talibus
504 2207 604 2243 enim
644 2206 777 2252 frigora
815 2204 926 2240 arceri
969 2203 1107 2249 solent,

62 2269 140 2297 non
162 2260 224 2304 iis,
253 2270 341 2308 quas
354 2254 736 2307 propriebrachasdici
755 2254 898 2292 volunt.
927 2254 1105 2292 MlCYLL.

63 2308 134 2348 Sed
162 2320 208 2348 an
237 2309 421 2358 ignoravit
440 2306 616 2356 Micyllus
646 2316 758 2342 totum
779 2305 854 2351 fere
884 2314 996 2354 eorpus
1024 2304 1103 2341 bra-

62 2370 170 2397 ccatos
188 2361 283 2409 fuisse
300 2359 472 2409 Scythas;
498 2367 539 2395 ut
563 2356 662 2394 Mela
683 2356 801 2404 inquit
820 2355 879 2393 lib.
903 2368 944 2393 11.
974 2367 1051 2403 cap.
1075 2369 1104 2393 ι.

61 2410 103 2448 &
125 2410 257 2448 Noster
285 2410 347 2448 lib.
367 2422 432 2448 ιιι.
458 2408 527 2446 Tr.
551 2420 585 2445 x.
615 2405 691 2444 20?
721 2418 836 2450 mox,
871 2419 996 2455 oraque
1014 2409 1104 2454 sunt

61 2459 144 2498 latis
165 2461 337 2509 Excerpt.
366 2457 472 2497 Voff.
493 2457 636 2494 horrida
656 2458 759 2503 sabia
778 2457 924 2506 Regius.
939 2461 974 2495 ὅ(
988 2469 1078 2494 mox
1091 2485 1102 2502 ‚

62 2509 216 2548 barbara
235 2511 355 2560 lingua
369 2511 448 2558 sono
470 2507 641 2546 Leidens.

115 2592 174 2630 51·
201 2584 351 2617 Graecae
390 2576 529 2625 vestigia
569 2574 767 2625 linguae]
805 2575 933 2624 Grajae
970 2574 1101 2613 refflus

65 2632 232 2680 quinque
254 2638 408 2667 veteres.
435 2628 578 2665 Heius.
634 2633 675 2663 ln
700 2625 817 2676 paucis
839 2626 972 2673 exstant
1004 2626 1100 2664 Edit.

62 2682 224 2730 priores,
244 2689 425 2717 remanent
454 2690 499 2715 ex
513 2675 684 2716 Leidenfi
695 2676 825 2715 codice
845 2677 918 2722 est,
947 2677 1101 2724 constant

31 2730 34 2732 ’
65 2731 235 2770 Bernens.
253 2743 332 2769 non
355 2729 466 2768 male.

118 2807 179 2845 53.
205 2801 301 2832 Unus
322 2794 361 2832 in
380 2794 440 2830 hoo
463 2805 529 2830 non
547 2791 589 2838 est
608 2790 766 2842 populo.]
814 2791 868 2830 Ita
887 2792 998 2831 iidem
1022 2792 1102 2830 libri

65 2846 173 2886 reete.
201 2843 511 2884 CxorAN.Malim
528 2842 645 2888 ,Ullus
663 2853 748 2880 cum
769 2854 846 2880 uno
870 2842 1104 2881 Bononiensi.

67 2904 147 2936 tum
163 2925 173 2941 ,
200 2898 266 2934 vix
295 2896 338 2944 est
366 2907 450 2934 cum
472 2895 620 2943 optimo
642 2893 820 2930 Mediceo
843 2895 881 2931 ὅτ
902 2896 1007 2942 prim.
1030 2893 1101 2930 Po-

67 2946 120 2986 lit.
148 2949 186 2986 &
215 2946 379 2997 sequenti
407 2945 510 2983 versu
537 2956 603 2992 pro
634 2943 818 2994 {Quaelibet
839 2972 850 2988 ,
886 2944 1103 2994 Qamlibee.

67 3009 154 3037 nam
183 2998 297 3036 Palat.
333 2995 507 3046 Qolibet.
545 2994 645 3032 Vide
676 2998 790 3031 Notas
832 2995 875 3032 ad
907 2996 1012 3044 epist.
1051 3007 1105 3033 vx.

69 3047 217 3088 Hmns.
243 3047 300 3097 Est
318 3050 424 3086 etiam
444 3046 505 3084 hoc
525 3045 641 3095 populo
671 3059 767 3082 nemo
796 3044 922 3084 Servii.
950 3052 1042 3082 Unus
1068 3046 1107 3083 in

70 3098 130 3136 hoc
146 3099 262 3148 populo
280 3112 376 3137 nemo
394 3097 436 3146 est
453 3097 570 3146 scripti
590 3097 735 3144 plurimi
764 3096 802 3132 &
824 3096 909 3133 editi
932 3098 1081 3145 quidam
1098 3125 1108 3142 ‚

70 3149 175 3200 quod
191 3160 331 3188 temere
352 3161 429 3187 non
452 3157 608 3186 mutem.
638 3160 732 3184 nemo
754 3159 842 3183 unus
861 3146 1044 3196 eleganter
1057 3149 1111 3185 di-

72 3201 176 3238 citur.
225 3201 352 3239 Livius
379 3200 441 3237 lib.
464 3211 530 3237 111.
566 3210 621 3236 12.
669 3198 853 3234 Neminem
886 3211 997 3235 unum
1029 3198 1110 3248 este,

72 3250 167 3299 cujus
187 3252 292 3299 magis
313 3259 409 3300 opera
431 3260 527 3300 putet
556 3250 724 3299 rempubl.
752 3249 957 3295 restitutam.
985 3251 1023 3286 ὃς
1048 3260 1105 3287 IX.

75 3301 133 3340 16.
159 3306 269 3340 Nemo
287 3313 376 3339 unus
405 3301 465 3339 vir
483 3310 557 3340 erat
573 3327 584 3346 ‚
611 3313 675 3352 quo
698 3299 807 3350 magis
827 3299 954 3340 innixa
974 3314 1023 3338 res
1042 3307 1107 3338 Ro·

2096 1464 2209 1538 Ipse

1165 1613 1275 1639 mana
1286 1599 1408 1648 staret.
1439 1600 1538 1640 &ita
1560 1601 1619 1640 ille
1640 1600 1789 1649 saepius.
1818 1601 1944 1641 Senec.
1965 1613 1990 1639 1.
2018 1600 2063 1639 de
2086 1602 2208 1642 Clem.

1167 1663 1199 1690 1.
1228 1658 1339 1688 Nemo
1366 1665 1456 1688 unus
1484 1651 1582 1689 homo
1602 1681 1612 1698 ,
1653 1652 1715 1689 uni
1744 1651 1877 1691 homini
1907 1663 1981 1689 tam
2013 1665 2110 1691 carus
2142 1667 2209 1691 un-

1164 1715 1271 1752 quam
1283 1703 1372 1748 fuit.
1400 1703 1578 1751 Ulpianus
1596 1705 1666 1751 leg.
1684 1713 1738 1748 17.
1761 1704 1794 1743 §.
1810 1716 1842 1741 2.
1866 1703 1903 1740 ff.
1925 1704 1968 1740 de
1992 1712 2125 1752 recept.
2142 1706 2207 1752 qui

1163 1754 1236 1790 arb.
1286 1757 1395 1789 Nemo
1425 1766 1515 1790 unus
1559 1752 1719 1802 cogendus
1747 1755 1810 1790 erit
1841 1753 2049 1799 sementiam
2088 1754 2209 1793 dicere.

1166 1802 1323 1840 Terent.
1347 1802 1462 1840 Andr.
1486 1815 1550 1840 111.
1571 1815 1626 1841 11.
1646 1804 1703 1839 26.
1728 1809 1796 1839 Hoc
1815 1817 1866 1852 ego
1885 1804 1953 1851 scio
1969 1816 2077 1839 unum
2099 1805 2209 1841 nemi-

1161 1865 1239 1941 }em
1261 1852 1410 1902 peperisse
1427 1852 1506 1896 hic3
1535 1862 1576 1891 ut
1597 1853 1683 1891 citat
1709 1853 1875 1892 Priscian.
1896 1855 1953 1892 lib.
1966 1865 2110 1903 vx.pag.
2123 1855 2209 1904 683.

1197 1917 1300 1943 URM·

1218 1986 1276 2021 ςς.
1305 1972 1372 2022 Ipse
1392 1986 1446 2021 ego
1469 1978 1646 2030 Romanus
1668 1972 1810 2022 vasen]
1843 1971 1900 2008 Ille
1920 1984 1973 2019 ego
1984 1969 2130 2019 plurimi
2143 1981 2208 2019 ves

1166 2031 1269 2062 teres.
1298 2023 1337 2060 ὅ(
1358 2024 1469 2061 τεᾶς.
1497 2023 1597 2071 supra
1618 2023 1709 2061 libro
1732 2037 1784 2062 ιν.
1805 2023 1907 2070 Eleg.
1928 2033 1961 2058 x.

1216 2086 1278 2125 Ille
1301 2099 1355 2134 ego
1374 2087 1435 2136 qui
1444 2085 1579 2133 fuerim
1601 2097 1794 2125 tenerorum
1819 2087 1909 2138 lufhr
1931 2098 2102 2123 amorum.

1165 2146 1337 2186 Amorib.
1760 2176 1763 2179 -

1215 2208 1277 2246 Ille
1296 2223 1349 2259 ego
1376 2210 1561 2257 Musarum
1579 2219 1686 2260 purus
1708 2210 2071 2263 Phoebiquefizcerdos.

1159 2271 1267 2312 Pont.
1289 2275 1338 2313 lib
1372 2289 1396 2313 1.
1419 2276 1473 2314 El.
1493 2289 1538 2315 υ.

1214 2343 1272 2380 Ille
1293 2357 1346 2392 ego
1359 2343 1438 2391 sum
1453 2373 1462 2388 ,
1491 2344 1622 2393 lignum
1643 2346 1702 2394 qui
1723 2360 1789 2384 non
1812 2347 1987 2384 admittar
2008 2347 2044 2383 in
2066 2347 2202 2394 ullumg

1267 2393 1326 2431 Ille
1340 2408 1394 2444 ego
1411 2396 1489 2444 [um
1505 2424 1513 2439 ‚
1533 2395 1667 2444 frustra
1689 2398 1749 2446 qui
1771 2398 1855 2448 lapis
1874 2399 1930 2448 effe
1952 2398 2061 2435 velim
2077 2425 2088 2443 ,

1157 2457 1261 2506 Eleg.
1280 2469 1341 2494 111.

1210 2509 1271 2545 Ille
1291 2521 1343 2556 ego
1352 2508 1435 2557 sum
1450 2536 1460 2552 ,
1488 2507 1548 2557 qui
1568 2518 1600 2545 te
1619 2508 1716 2547 colui.

1157 2574 1195 2612 ὃ(
1218 2584 1332 2618 mox,

1160 2694 1195 2731 H
1209 2641 1270 2678 Ille
1289 2654 1340 2689 ego
1355 2668 1365 2685 ,
1393 2640 1454 2690 qui
1470 2639 1547 2678 dixi
1567 2640 1691 2689 vestros
1715 2647 1908 2691 Hymeneon
1928 2643 1975 2679 ad
1992 2641 2094 2693 ignes.

1205 2705 1304 2730 ems.

1214 2759 1271 2806 56.
1298 2760 1490 2797 Sarmatico
1520 2774 1610 2810 cogor
1633 2761 1787 2807 plurima
1816 2776 1907 2799 more
1938 2761 2067 2813 loqui]
2108 2763 2198 2804 Non

1160 2810 1348 2848 invenuste
1372 2811 1540 2849 Francos.

1211 2875 1407 2912 Sarmatica
1431 2889 1521 2924 cogor
1539 2876 1693 2924 plurima
1714 2890 1792 2914 voce
1813 2877 1915 2928 loqui.

1214 2950 1272 2984 57.
1301 2943 1353 2973 En
1373 2939 1498 2985 pudet,
1526 2951 1568 2978 <9¹
1588 2941 1726 2985 fateor,
1753 2939 1826 2983 jam
1858 2938 2077 2981 desuetudine
2102 2938 2200 2988 longa

1162 2987 1227 3024 Vix
1242 2988 1391 3075 Ιβέὂειιηῑ
1419 2987 1479 3038 ipsi
1499 2989 1607 3026 verba
1640 2991 1769 3026 Latina
1799 2989 1929 3039 mihi.]
1969 2990 2094 3040 Elegia
2119 2991 2201 3029 ulti-

1163 3050 1446 3139 maDicerixi‘aepe
1464 3090 1600 3139 aliquid
1620 3092 1781 3133 conanti,
1809 3101 1906 3139 turpe
1916 3092 2051 3137 fateri,

1273 3139 1380 3177 Verba
1400 3141 1486 3178 mihi
1508 3141 1628 3189 desunt
1649 3170 1657 3184 ,
1688 3142 1899 3191 dedidicique
1916 3143 2019 3193 loqui.

1170 3205 1336 3241 CIOFAN.
1359 3204 1526 3252 Plerique
1545 3217 1590 3241 ex
1604 3206 1759 3252 antiquis
1774 3233 1784 3251 ‚
1807 3210 1861 3242 En
1879 3205 1994 3251 pudet.
2009 3202 2204 3252 quomodo

1161 3255 1361 3346 geutpergicae
1392 3255 1585 3296 editiones.
1626 3255 1769 3295 Hans.
1816 3256 2046 3306 Desuetudine
2074 3254 2208 3301 linguae

1336 3356 1449 3397 Rrrr
1475 3367 1494 3395 2
2041 3353 2101 3391 62.
2130 3358 2202 3392 Vox
