<?xml version="1.0" encoding="UTF-8"?>
<!DOCTYPE html PUBLIC "-//W3C//DTD XHTML 1.0 Transitional//EN"
    "http://www.w3.org/TR/xhtml1/DTD/xhtml1-transitional.dtd">
<html xmlns="http://www.w3.org/1999/xhtml" xml:lang="en" lang="en">
 <head>
  <title>
</title>
<meta http-equiv="Content-Type" content="text/html;charset=utf-8" />
  <meta name='ocr-system' content='tesseract 3.04.00' />
  <meta name='ocr-capabilities' content='ocr_page ocr_carea ocr_par ocr_line ocrx_word'/>
</head>
<body>
  <div class='ocr_page' id='page_1' title='image "./publiiovidiinaso03ovid_0318.png"; bbox 0 0 2495 3675; ppageno 0'>
   <div class='ocr_carea' id='block_1_1' title="bbox 255 195 1327 281">
    <p class='ocr_par' dir='ltr' id='par_1_1' title="bbox 255 195 1327 281">
     <span class='ocr_line' id='line_1_1' title="bbox 255 195 1327 281; baseline -0.014 -15"><span class='ocrx_word' id='word_1_1' title='bbox 255 230 362 281; x_wconf 74' lang='lat'><strong>304</strong></span> <span class='ocrx_word' id='word_1_2' title='bbox 703 195 1327 279; x_wconf 12' lang='lat' dir='ltr'><strong>*ROVIDII</strong></span> 
     </span>
    </p>
   </div>
   <div class='ocr_carea' id='block_1_2' title="bbox 1402 193 1929 254">
    <p class='ocr_par' dir='ltr' id='par_1_2' title="bbox 1402 193 1929 254">
     <span class='ocr_line' id='line_1_2' title="bbox 1402 193 1929 254; baseline 0.008 -3"><span class='ocrx_word' id='word_1_3' title='bbox 1402 193 1929 254; x_wconf 86' lang='lat' dir='ltr'><strong>NASONIS</strong></span> 
     </span>
    </p>
   </div>
   <div class='ocr_carea' id='block_1_3' title="bbox 428 309 2137 1188">
    <p class='ocr_par' dir='ltr' id='par_1_3' title="bbox 428 309 2137 1188">
     <span class='ocr_line' id='line_1_3' title="bbox 563 309 1828 392; baseline -0.009 -18"><span class='ocrx_word' id='word_1_4' title='bbox 563 317 764 392; x_wconf 82' lang='lat' dir='ltr'><strong>Aspera</strong></span> <span class='ocrx_word' id='word_1_5' title='bbox 787 316 1039 390; x_wconf 81' lang='lat' dir='ltr'><strong>Robigo,</strong></span> <span class='ocrx_word' id='word_1_6' title='bbox 1076 331 1256 386; x_wconf 89' lang='lat' dir='ltr'><strong>parcas</strong></span> <span class='ocrx_word' id='word_1_7' title='bbox 1281 309 1593 366; x_wconf 80' lang='lat' dir='ltr'>Cerealibus</span> <span class='ocrx_word' id='word_1_8' title='bbox 1617 309 1828 364; x_wconf 82' lang='lat' dir='ltr'><strong>herbis:</strong></span> 
     </span>
     <span class='ocr_line' id='line_1_4' title="bbox 642 383 1876 446; baseline -0.009 0"><span class='ocrx_word' id='word_1_9' title='bbox 642 392 715 446; x_wconf 84' lang='lat' dir='ltr'><strong>Et</strong></span> <span class='ocrx_word' id='word_1_10' title='bbox 745 403 936 446; x_wconf 88' lang='lat' dir='ltr'><strong>tremat</strong></span> <span class='ocrx_word' id='word_1_11' title='bbox 959 391 1015 444; x_wconf 90' lang='lat' dir='ltr'><strong>in</strong></span> <span class='ocrx_word' id='word_1_12' title='bbox 1037 387 1241 442; x_wconf 68' lang='lat' dir='ltr'><strong>summ-21</strong></span> <span class='ocrx_word' id='word_1_13' title='bbox 1266 388 1382 440; x_wconf 87' lang='lat' dir='ltr'><strong>leve</strong></span> <span class='ocrx_word' id='word_1_14' title='bbox 1407 400 1667 438; x_wconf 80' lang='lat' dir='ltr'>cacumen</span> <span class='ocrx_word' id='word_1_15' title='bbox 1695 383 1876 437; x_wconf 81' lang='lat' dir='ltr'><strong>humo,</strong></span> 
     </span>
     <span class='ocr_line' id='line_1_5' title="bbox 570 455 1699 520; baseline -0.01 0"><span class='ocrx_word' id='word_1_16' title='bbox 570 464 667 520; x_wconf 90' lang='lat' dir='ltr'><strong>Tu</strong></span> <span class='ocrx_word' id='word_1_17' title='bbox 689 465 793 519; x_wconf 87' lang='lat' dir='ltr'><strong>sata</strong></span> <span class='ocrx_word' id='word_1_18' title='bbox 819 461 1074 518; x_wconf 87' lang='lat' dir='ltr'><strong>fideribus</strong></span> <span class='ocrx_word' id='word_1_19' title='bbox 1096 459 1235 514; x_wconf 86' lang='lat' dir='ltr'><strong>coeli</strong></span> <span class='ocrx_word' id='word_1_20' title='bbox 1258 458 1457 513; x_wconf 87' lang='lat' dir='ltr'><strong>nutrita</strong></span> <span class='ocrx_word' id='word_1_21' title='bbox 1480 455 1699 511; x_wconf 89' lang='lat' dir='ltr'><strong>secundi</strong></span> 
     </span>
     <span class='ocr_line' id='line_1_6' title="bbox 644 527 1849 602; baseline -0.01 -9"><span class='ocrx_word' id='word_1_22' title='bbox 644 536 929 598; x_wconf 80' lang='lat' dir='ltr'><strong>Crescere,</strong></span> <span class='ocrx_word' id='word_1_23' title='bbox 964 533 1097 588; x_wconf 88' lang='lat' dir='ltr'><strong>dum</strong></span> <span class='ocrx_word' id='word_1_24' title='bbox 1121 532 1248 587; x_wconf 87' lang='lat' dir='ltr'><strong>fiant</strong></span> <span class='ocrx_word' id='word_1_25' title='bbox 1276 529 1493 586; x_wconf 85' lang='lat' dir='ltr'><strong>falcibus</strong></span> <span class='ocrx_word' id='word_1_26' title='bbox 1520 543 1669 602; x_wconf 87' lang='lat' dir='ltr'><strong>apta,</strong></span> <span class='ocrx_word' id='word_1_27' title='bbox 1705 527 1849 582; x_wconf 81' lang='lat' dir='ltr'><strong>sinas,</strong></span> 
     </span>
     <span class='ocr_line' id='line_1_7' title="bbox 428 600 1984 684; baseline -0.007 -19"><span class='ocrx_word' id='word_1_28' title='bbox 428 630 526 684; x_wconf 82' lang='lat'><strong>9¹5</strong></span> <span class='ocrx_word' id='word_1_29' title='bbox 565 609 666 667; x_wconf 83' lang='lat' dir='ltr'><strong>Vis</strong></span> <span class='ocrx_word' id='word_1_30' title='bbox 691 623 780 664; x_wconf 91' lang='lat' dir='ltr'><strong>tua</strong></span> <span class='ocrx_word' id='word_1_31' title='bbox 804 623 914 662; x_wconf 89' lang='lat' dir='ltr'><strong>non</strong></span> <span class='ocrx_word' id='word_1_32' title='bbox 941 606 1068 661; x_wconf 86' lang='lat' dir='ltr'><strong>levis</strong></span> <span class='ocrx_word' id='word_1_33' title='bbox 1095 605 1182 660; x_wconf 85' lang='lat' dir='ltr'><strong>est.</strong></span> <span class='ocrx_word' id='word_1_34' title='bbox 1223 621 1358 676; x_wconf 87' lang='lat' dir='ltr'><strong>quae</strong></span> <span class='ocrx_word' id='word_1_35' title='bbox 1387 618 1444 657; x_wconf 94' lang='lat' dir='ltr'><strong>tu</strong></span> <span class='ocrx_word' id='word_1_36' title='bbox 1472 602 1737 657; x_wconf 88' lang='lat' dir='ltr'><strong>frumenta</strong></span> <span class='ocrx_word' id='word_1_37' title='bbox 1763 600 1984 664; x_wconf 83' lang='lat' dir='ltr'><strong>notasti3</strong></span> 
     </span>
     <span class='ocr_line' id='line_1_8' title="bbox 647 675 1745 738; baseline -0.005 -1"><span class='ocrx_word' id='word_1_38' title='bbox 647 680 890 738; x_wconf 85' lang='lat' dir='ltr'><strong>Moestus</strong></span> <span class='ocrx_word' id='word_1_39' title='bbox 914 679 969 734; x_wconf 92' lang='lat' dir='ltr'><strong>in</strong></span> <span class='ocrx_word' id='word_1_40' title='bbox 994 677 1184 734; x_wconf 87' lang='lat' dir='ltr'><strong>amissis</strong></span> <span class='ocrx_word' id='word_1_41' title='bbox 1211 676 1294 730; x_wconf 88' lang='lat' dir='ltr'><strong>illa</strong></span> <span class='ocrx_word' id='word_1_42' title='bbox 1318 677 1541 732; x_wconf 89' lang='lat' dir='ltr'><strong>colonus</strong></span> <span class='ocrx_word' id='word_1_43' title='bbox 1575 675 1745 731; x_wconf 88' lang='lat' dir='ltr'><strong>habet.</strong></span> 
     </span>
     <span class='ocr_line' id='line_1_9' title="bbox 582 747 2023 812; baseline -0.007 0"><span class='ocrx_word' id='word_1_44' title='bbox 582 756 711 812; x_wconf 91' lang='lat' dir='ltr'><strong>Nec</strong></span> <span class='ocrx_word' id='word_1_45' title='bbox 737 752 884 809; x_wconf 90' lang='lat' dir='ltr'><strong>venti</strong></span> <span class='ocrx_word' id='word_1_46' title='bbox 911 765 1119 807; x_wconf 87' lang='lat' dir='ltr'><strong>tantum</strong></span> <span class='ocrx_word' id='word_1_47' title='bbox 1143 749 1335 805; x_wconf 87' lang='lat' dir='ltr'><strong>Cereri</strong></span> <span class='ocrx_word' id='word_1_48' title='bbox 1361 765 1629 811; x_wconf 88' lang='lat' dir='ltr'><strong>nocuere,</strong></span> <span class='ocrx_word' id='word_1_49' title='bbox 1669 767 1768 804; x_wconf 88' lang='lat' dir='ltr'><strong>nec</strong></span> <span class='ocrx_word' id='word_1_50' title='bbox 1794 747 2023 808; x_wconf 85' lang='lat' dir='ltr'><strong>imbres;</strong></span> 
     </span>
     <span class='ocr_line' id='line_1_10' title="bbox 651 819 1761 894; baseline -0.005 -12"><span class='ocrx_word' id='word_1_51' title='bbox 651 829 768 882; x_wconf 91' lang='lat' dir='ltr'><strong>Nec</strong></span> <span class='ocrx_word' id='word_1_52' title='bbox 799 825 867 880; x_wconf 86' lang='lat' dir='ltr'><strong>fic</strong></span> <span class='ocrx_word' id='word_1_53' title='bbox 893 841 1200 880; x_wconf 87' lang='lat' dir='ltr'><strong>marmoreo</strong></span> <span class='ocrx_word' id='word_1_54' title='bbox 1224 823 1380 894; x_wconf 90' lang='lat' dir='ltr'><strong>pallet</strong></span> <span class='ocrx_word' id='word_1_55' title='bbox 1407 819 1584 875; x_wconf 85' lang='lat' dir='ltr'><strong>adusta</strong></span> <span class='ocrx_word' id='word_1_56' title='bbox 1609 823 1761 892; x_wconf 78' lang='lat' dir='ltr'><strong>gelu3</strong></span> 
     </span>
     <span class='ocr_line' id='line_1_11' title="bbox 577 892 1848 974; baseline -0.006 -18"><span class='ocrx_word' id='word_1_57' title='bbox 577 901 853 974; x_wconf 87' lang='lat' dir='ltr'><strong>Quantum</strong></span> <span class='ocrx_word' id='word_1_58' title='bbox 870 937 886 962; x_wconf 90' lang='lat'>‚</span> <span class='ocrx_word' id='word_1_59' title='bbox 924 898 961 953; x_wconf 88' lang='lat' dir='ltr'><strong>s1</strong></span> <span class='ocrx_word' id='word_1_60' title='bbox 986 899 1191 952; x_wconf 88' lang='lat' dir='ltr'><strong>culmos</strong></span> <span class='ocrx_word' id='word_1_61' title='bbox 1214 895 1384 950; x_wconf 82' lang='lat' dir='ltr'>Titan</span> <span class='ocrx_word' id='word_1_62' title='bbox 1409 892 1671 948; x_wconf 81' lang='lat' dir='ltr'>incalfacit</span> <span class='ocrx_word' id='word_1_63' title='bbox 1698 895 1848 950; x_wconf 69' lang='lat' dir='ltr'><strong>udos</strong></span> 
     </span>
     <span class='ocr_line' id='line_1_12' title="bbox 434 967 1873 1048; baseline -0.005 -21"><span class='ocrx_word' id='word_1_64' title='bbox 434 995 538 1048; x_wconf 86' lang='lat'><strong>920</strong></span> <span class='ocrx_word' id='word_1_65' title='bbox 647 973 798 1027; x_wconf 92' lang='lat' dir='ltr'><strong>Tum</strong></span> <span class='ocrx_word' id='word_1_66' title='bbox 821 972 970 1026; x_wconf 87' lang='lat' dir='ltr'><strong>locus</strong></span> <span class='ocrx_word' id='word_1_67' title='bbox 999 970 1074 1025; x_wconf 89' lang='lat' dir='ltr'><strong>est</strong></span> <span class='ocrx_word' id='word_1_68' title='bbox 1099 971 1233 1032; x_wconf 88' lang='lat' dir='ltr'><strong>irae,</strong></span> <span class='ocrx_word' id='word_1_69' title='bbox 1269 968 1409 1022; x_wconf 85' lang='lat' dir='ltr'><strong>Diva</strong></span> <span class='ocrx_word' id='word_1_70' title='bbox 1431 967 1698 1030; x_wconf 83' lang='lat' dir='ltr'><strong>timenda,</strong></span> <span class='ocrx_word' id='word_1_71' title='bbox 1736 981 1873 1022; x_wconf 87' lang='lat' dir='ltr'><strong>tuae.</strong></span> 
     </span>
     <span class='ocr_line' id='line_1_13' title="bbox 579 1039 2137 1116; baseline -0.004 -13"><span class='ocrx_word' id='word_1_72' title='bbox 579 1048 744 1104; x_wconf 84' lang='lat' dir='ltr'><strong>Parce</strong></span> <span class='ocrx_word' id='word_1_73' title='bbox 761 1085 776 1108; x_wconf 94' lang='lat'>‚</span> <span class='ocrx_word' id='word_1_74' title='bbox 814 1062 1006 1116; x_wconf 87' lang='lat' dir='ltr'><strong>precor</strong></span> <span class='ocrx_word' id='word_1_75' title='bbox 1023 1085 1037 1107; x_wconf 87' lang='lat'>‚</span> <span class='ocrx_word' id='word_1_76' title='bbox 1079 1043 1389 1113; x_wconf 83' lang='lat' dir='ltr'><strong>scabrasque</strong></span> <span class='ocrx_word' id='word_1_77' title='bbox 1415 1056 1598 1095; x_wconf 86' lang='lat' dir='ltr'><strong>manus</strong></span> <span class='ocrx_word' id='word_1_78' title='bbox 1627 1042 1656 1091; x_wconf 68' lang='lat' dir='ltr'><strong>a</strong></span> <span class='ocrx_word' id='word_1_79' title='bbox 1683 1039 1930 1095; x_wconf 81' lang='lat' dir='ltr'><strong>messibus</strong></span> <span class='ocrx_word' id='word_1_80' title='bbox 1956 1041 2137 1104; x_wconf 79' lang='lat' dir='ltr'><strong>aufer3</strong></span> 
     </span>
     <span class='ocr_line' id='line_1_14' title="bbox 656 1111 1812 1188; baseline -0.005 -14"><span class='ocrx_word' id='word_1_81' title='bbox 656 1119 808 1174; x_wconf 84' lang='lat' dir='ltr'><strong>Neve</strong></span> <span class='ocrx_word' id='word_1_82' title='bbox 836 1135 975 1173; x_wconf 88' lang='lat' dir='ltr'><strong>noce</strong></span> <span class='ocrx_word' id='word_1_83' title='bbox 1002 1117 1183 1172; x_wconf 87' lang='lat' dir='ltr'><strong>cultis:</strong></span> <span class='ocrx_word' id='word_1_84' title='bbox 1225 1114 1370 1188; x_wconf 80' lang='lat' dir='ltr'><strong>posse</strong></span> <span class='ocrx_word' id='word_1_85' title='bbox 1398 1129 1596 1169; x_wconf 89' lang='lat' dir='ltr'><strong>nocere</strong></span> <span class='ocrx_word' id='word_1_86' title='bbox 1623 1111 1696 1166; x_wconf 89' lang='lat' dir='ltr'><strong>sat</strong></span> <span class='ocrx_word' id='word_1_87' title='bbox 1723 1112 1812 1168; x_wconf 87' lang='lat' dir='ltr'><strong>est.</strong></span> 
     </span>
    </p>
   </div>
   <div class='ocr_carea' id='block_1_4' title="bbox 290 1340 1341 1587">
    <p class='ocr_par' dir='ltr' id='par_1_4' title="bbox 290 1340 1341 1587">
     <span class='ocr_line' id='line_1_15' title="bbox 291 1340 1339 1378; baseline -0.011 0"><span class='ocrx_word' id='word_1_88' title='bbox 291 1348 593 1378; x_wconf 64' lang='lat' dir='ltr'><strong>votcauatnsvs</strong></span> <span class='ocrx_word' id='word_1_89' title='bbox 627 1347 663 1373; x_wconf 83' lang='lat' dir='ltr'><strong>x.</strong></span> <span class='ocrx_word' id='word_1_90' title='bbox 691 1344 777 1372; x_wconf 68' lang='lat' dir='ltr'><strong>car..</strong></span> <span class='ocrx_word' id='word_1_91' title='bbox 805 1342 1060 1370; x_wconf 73' lang='lat' dir='ltr'><strong>SEPTEMBRES</strong></span> <span class='ocrx_word' id='word_1_92' title='bbox 1087 1340 1238 1367; x_wconf 70' lang='lat' dir='ltr'><strong>vnvm</strong></span> <span class='ocrx_word' id='word_1_93' title='bbox 1266 1341 1339 1366; x_wconf 72' lang='lat' dir='ltr'><strong>Ro·</strong></span> 
     </span>
     <span class='ocr_line' id='line_1_16' title="bbox 297 1379 1339 1430; baseline -0.012 -1"><span class='ocrx_word' id='word_1_94' title='bbox 297 1403 364 1428; x_wconf 80' lang='lat' dir='ltr'><strong>mo</strong></span> <span class='ocrx_word' id='word_1_95' title='bbox 394 1402 443 1427; x_wconf 81' lang='lat' dir='ltr'><strong>ET</strong></span> <span class='ocrx_word' id='word_1_96' title='bbox 473 1400 618 1426; x_wconf 65' lang='lat' dir='ltr'><strong>venui-2.</strong></span> <span class='ocrx_word' id='word_1_97' title='bbox 672 1386 849 1423; x_wconf 61' lang='lat' dir='ltr'><strong>Nuper.</strong></span> <span class='ocrx_word' id='word_1_98' title='bbox 902 1381 1072 1430; x_wconf 80' lang='lat' dir='ltr'><em>Robiginis</em></span> <span class='ocrx_word' id='word_1_99' title='bbox 1092 1379 1169 1417; x_wconf 91' lang='lat' dir='ltr'><strong>duo</strong></span> <span class='ocrx_word' id='word_1_100' title='bbox 1192 1379 1339 1417; x_wconf 87' lang='lat' dir='ltr'><strong>codices</strong></span> 
     </span>
     <span class='ocr_line' id='line_1_17' title="bbox 295 1431 1338 1488; baseline -0.012 -10"><span class='ocrx_word' id='word_1_101' title='bbox 295 1454 343 1477; x_wconf 84' lang='lat' dir='ltr'><strong>ex</strong></span> <span class='ocrx_word' id='word_1_102' title='bbox 369 1441 411 1478; x_wconf 87' lang='lat' dir='ltr'><strong>iis</strong></span> <span class='ocrx_word' id='word_1_103' title='bbox 434 1467 445 1485; x_wconf 92' lang='lat'>‚</span> <span class='ocrx_word' id='word_1_104' title='bbox 479 1450 573 1488; x_wconf 89' lang='lat' dir='ltr'><strong>quos</strong></span> <span class='ocrx_word' id='word_1_105' title='bbox 602 1436 756 1485; x_wconf 84' lang='lat' dir='ltr'><strong>inspexit</strong></span> <span class='ocrx_word' id='word_1_106' title='bbox 778 1433 963 1483; x_wconf 85' lang='lat' dir='ltr'><strong>Neapolis.</strong></span> <span class='ocrx_word' id='word_1_107' title='bbox 997 1440 1110 1479; x_wconf 85' lang='lat' dir='ltr'><strong>atque</strong></span> <span class='ocrx_word' id='word_1_108' title='bbox 1133 1431 1181 1468; x_wconf 86' lang='lat' dir='ltr'><strong>ita</strong></span> <span class='ocrx_word' id='word_1_109' title='bbox 1199 1441 1248 1486; x_wconf 81' lang='lat' dir='ltr'><strong>ex</strong></span> <span class='ocrx_word' id='word_1_110' title='bbox 1269 1442 1338 1468; x_wconf 83' lang='lat' dir='ltr'><strong>no·</strong></span> 
     </span>
     <span class='ocr_line' id='line_1_18' title="bbox 290 1480 1341 1530; baseline -0.009 -1"><span class='ocrx_word' id='word_1_111' title='bbox 290 1490 367 1529; x_wconf 82' lang='lat' dir='ltr'><strong>stris</strong></span> <span class='ocrx_word' id='word_1_112' title='bbox 395 1491 613 1527; x_wconf 85' lang='lat' dir='ltr'><strong>veterrimus</strong></span> <span class='ocrx_word' id='word_1_113' title='bbox 643 1486 881 1528; x_wconf 73' lang='lat' dir='ltr'><strong>petavianus,</strong></span> <span class='ocrx_word' id='word_1_114' title='bbox 910 1485 948 1522; x_wconf 65' lang='grc' dir='ltr'><strong>ὃς</strong></span> <span class='ocrx_word' id='word_1_115' title='bbox 978 1493 1094 1527; x_wconf 83' lang='lat' dir='ltr'><strong>mox,</strong></span> <span class='ocrx_word' id='word_1_116' title='bbox 1121 1480 1255 1530; x_wconf 73' lang='lat' dir='ltr'><strong>Robigo.</strong></span> <span class='ocrx_word' id='word_1_117' title='bbox 1291 1480 1341 1520; x_wconf 87' lang='lat' dir='ltr'><strong>fic</strong></span> 
     </span>
     <span class='ocr_line' id='line_1_19' title="bbox 290 1535 929 1587; baseline -0.014 -7"><span class='ocrx_word' id='word_1_118' title='bbox 290 1541 390 1580; x_wconf 80' lang='lat' dir='ltr'><strong>idem</strong></span> <span class='ocrx_word' id='word_1_119' title='bbox 412 1539 531 1578; x_wconf 83' lang='lat' dir='ltr'><strong>codex</strong></span> <span class='ocrx_word' id='word_1_120' title='bbox 552 1540 646 1578; x_wconf 89' lang='lat' dir='ltr'><strong>libro</strong></span> <span class='ocrx_word' id='word_1_121' title='bbox 662 1539 785 1587; x_wconf 80' lang='lat' dir='ltr'><strong>primo</strong></span> <span class='ocrx_word' id='word_1_122' title='bbox 803 1535 904 1584; x_wconf 89' lang='lat' dir='ltr'><strong>supra</strong></span> <span class='ocrx_word' id='word_1_123' title='bbox 918 1563 929 1579; x_wconf 91' lang='lat'><em>‚</em></span> 
     </span>
    </p>
   </div>
   <div class='ocr_carea' id='block_1_5' title="bbox 517 1597 1000 1650">
    <p class='ocr_par' dir='ltr' id='par_1_5' title="bbox 517 1597 1000 1650">
     <span class='ocr_line' id='line_1_20' title="bbox 517 1597 1000 1650; baseline -0.002 -15"><span class='ocrx_word' id='word_1_124' title='bbox 517 1597 661 1650; x_wconf 84' lang='lat' dir='ltr'><strong>scabrae</strong></span> <span class='ocrx_word' id='word_1_125' title='bbox 678 1597 850 1647; x_wconf 80' lang='lat' dir='ltr'><em>Robiginis</em></span> <span class='ocrx_word' id='word_1_126' title='bbox 873 1606 1000 1647; x_wconf 84' lang='lat' dir='ltr'><strong>expers.</strong></span> 
     </span>
    </p>
   </div>
   <div class='ocr_carea' id='block_1_6' title="bbox 291 1654 1346 2012">
    <p class='ocr_par' dir='ltr' id='par_1_6' title="bbox 291 1654 1346 2012">
     <span class='ocr_line' id='line_1_21' title="bbox 295 1654 1343 1715; baseline -0.01 -12"><span class='ocrx_word' id='word_1_127' title='bbox 295 1676 364 1715; x_wconf 86' lang='lat' dir='ltr'><strong>pro</strong></span> <span class='ocrx_word' id='word_1_128' title='bbox 384 1661 542 1713; x_wconf 85' lang='lat' dir='ltr'><strong>Robigine</strong></span> <span class='ocrx_word' id='word_1_129' title='bbox 558 1661 641 1698; x_wconf 86' lang='lat' dir='ltr'><strong>Dea</strong></span> <span class='ocrx_word' id='word_1_130' title='bbox 663 1659 764 1697; x_wconf 89' lang='lat' dir='ltr'><strong>Deus</strong></span> <span class='ocrx_word' id='word_1_131' title='bbox 791 1656 935 1705; x_wconf 81' lang='lat' dir='ltr'><strong>Robigus</strong></span> <span class='ocrx_word' id='word_1_132' title='bbox 962 1654 1011 1693; x_wconf 91' lang='lat' dir='ltr'><strong>est</strong></span> <span class='ocrx_word' id='word_1_133' title='bbox 1033 1655 1195 1693; x_wconf 88' lang='lat' dir='ltr'><strong>Varroni</strong></span> <span class='ocrx_word' id='word_1_134' title='bbox 1216 1655 1255 1694; x_wconf 86' lang='lat'>&amp;</span> <span class='ocrx_word' id='word_1_135' title='bbox 1274 1655 1343 1693; x_wconf 86' lang='lat' dir='ltr'><strong>Fe-</strong></span> 
     </span>
     <span class='ocr_line' id='line_1_22' title="bbox 292 1706 1341 1761; baseline -0.01 -7"><span class='ocrx_word' id='word_1_136' title='bbox 292 1718 363 1755; x_wconf 77' lang='lat' dir='ltr'><strong>llo.</strong></span> <span class='ocrx_word' id='word_1_137' title='bbox 388 1716 475 1753; x_wconf 89' lang='lat' dir='ltr'><strong>hinc</strong></span> <span class='ocrx_word' id='word_1_138' title='bbox 494 1709 670 1761; x_wconf 80' lang='lat' dir='ltr'><strong>Robigalia</strong></span> <span class='ocrx_word' id='word_1_139' title='bbox 691 1708 787 1758; x_wconf 82' lang='lat' dir='ltr'><strong>apud</strong></span> <span class='ocrx_word' id='word_1_140' title='bbox 808 1708 973 1746; x_wconf 88' lang='lat' dir='ltr'><strong>eosdem.</strong></span> <span class='ocrx_word' id='word_1_141' title='bbox 1001 1706 1039 1744; x_wconf 71' lang='grc' dir='ltr'><strong>δε</strong></span> <span class='ocrx_word' id='word_1_142' title='bbox 1059 1706 1096 1743; x_wconf 87' lang='lat' dir='ltr'><strong>in</strong></span> <span class='ocrx_word' id='word_1_143' title='bbox 1116 1707 1247 1744; x_wconf 88' lang='lat' dir='ltr'><strong>Veteri</strong></span> <span class='ocrx_word' id='word_1_144' title='bbox 1269 1707 1341 1744; x_wconf 82' lang='lat' dir='ltr'><strong>Ka·</strong></span> 
     </span>
     <span class='ocr_line' id='line_1_23' title="bbox 291 1757 1344 1811; baseline -0.01 -7"><span class='ocrx_word' id='word_1_145' title='bbox 291 1765 471 1805; x_wconf 79' lang='lat' dir='ltr'><strong>lendario.</strong></span> <span class='ocrx_word' id='word_1_146' title='bbox 499 1762 642 1811; x_wconf 78' lang='lat' dir='ltr'><strong>Robigus</strong></span> <span class='ocrx_word' id='word_1_147' title='bbox 655 1761 765 1798; x_wconf 87' lang='lat' dir='ltr'><strong>etiam</strong></span> <span class='ocrx_word' id='word_1_148' title='bbox 781 1759 903 1796; x_wconf 88' lang='lat' dir='ltr'><strong>Gellio</strong></span> <span class='ocrx_word' id='word_1_149' title='bbox 924 1757 986 1796; x_wconf 89' lang='lat' dir='ltr'><strong>lib.</strong></span> <span class='ocrx_word' id='word_1_150' title='bbox 1007 1769 1042 1794; x_wconf 87' lang='lat' dir='ltr'><strong>v.</strong></span> <span class='ocrx_word' id='word_1_151' title='bbox 1062 1768 1140 1804; x_wconf 85' lang='lat' dir='ltr'><strong>cap.</strong></span> <span class='ocrx_word' id='word_1_152' title='bbox 1162 1768 1344 1806; x_wconf 84' lang='lat' dir='ltr'><strong>12.quem</strong></span> 
     </span>
     <span class='ocr_line' id='line_1_24' title="bbox 297 1807 1343 1857; baseline -0.01 -2"><span class='ocrx_word' id='word_1_153' title='bbox 297 1828 385 1855; x_wconf 89' lang='lat' dir='ltr'><strong>cum</strong></span> <span class='ocrx_word' id='word_1_154' title='bbox 416 1816 637 1853; x_wconf 87' lang='lat' dir='ltr'><strong>Averrunco</strong></span> <span class='ocrx_word' id='word_1_155' title='bbox 670 1811 757 1849; x_wconf 89' lang='lat' dir='ltr'><strong>Deo</strong></span> <span class='ocrx_word' id='word_1_156' title='bbox 781 1809 985 1857; x_wconf 86' lang='lat' dir='ltr'><strong>conjungit.</strong></span> <span class='ocrx_word' id='word_1_157' title='bbox 1021 1808 1118 1857; x_wconf 87' lang='lat' dir='ltr'><strong>apud</strong></span> <span class='ocrx_word' id='word_1_158' title='bbox 1145 1807 1343 1856; x_wconf 83' lang='lat' dir='ltr'><strong>Virgilium</strong></span> 
     </span>
     <span class='ocr_line' id='line_1_25' title="bbox 295 1857 1346 1917; baseline -0.011 -10"><span class='ocrx_word' id='word_1_159' title='bbox 295 1879 452 1917; x_wconf 80' lang='lat' dir='ltr'><strong>quoque</strong></span> <span class='ocrx_word' id='word_1_160' title='bbox 471 1865 566 1904; x_wconf 89' lang='lat' dir='ltr'><strong>libro</strong></span> <span class='ocrx_word' id='word_1_161' title='bbox 585 1862 708 1912; x_wconf 89' lang='lat' dir='ltr'><strong>primo</strong></span> <span class='ocrx_word' id='word_1_162' title='bbox 740 1860 878 1910; x_wconf 88' lang='lat' dir='ltr'><strong>Georg.</strong></span> <span class='ocrx_word' id='word_1_163' title='bbox 904 1870 987 1907; x_wconf 78' lang='lat'>150.</span> <span class='ocrx_word' id='word_1_164' title='bbox 1015 1857 1135 1896; x_wconf 85' lang='lat' dir='ltr'><strong>codex</strong></span> <span class='ocrx_word' id='word_1_165' title='bbox 1152 1858 1346 1896; x_wconf 89' lang='lat' dir='ltr'><strong>Mediceus</strong></span> 
     </span>
     <span class='ocr_line' id='line_1_26' title="bbox 295 1909 1346 1967; baseline -0.01 -10"><span class='ocrx_word' id='word_1_166' title='bbox 295 1919 410 1967; x_wconf 86' lang='lat' dir='ltr'><strong>longe</strong></span> <span class='ocrx_word' id='word_1_167' title='bbox 429 1914 684 1955; x_wconf 83' lang='lat' dir='ltr'><strong>vetustiffimus</strong></span> <span class='ocrx_word' id='word_1_168' title='bbox 711 1911 869 1962; x_wconf 86' lang='lat' dir='ltr'><strong>aliique,</strong></span> <span class='ocrx_word' id='word_1_169' title='bbox 897 1920 993 1960; x_wconf 88' lang='lat' dir='ltr'><strong>quos</strong></span> <span class='ocrx_word' id='word_1_170' title='bbox 1018 1909 1160 1948; x_wconf 87' lang='lat' dir='ltr'><strong>Pierius</strong></span> <span class='ocrx_word' id='word_1_171' title='bbox 1182 1909 1346 1948; x_wconf 86' lang='lat' dir='ltr'><strong>Valeria-</strong></span> 
     </span>
     <span class='ocr_line' id='line_1_27' title="bbox 295 1966 590 2012; baseline -0.017 -3"><span class='ocrx_word' id='word_1_172' title='bbox 295 1981 365 2009; x_wconf 87' lang='lat' dir='ltr'><strong>nus</strong></span> <span class='ocrx_word' id='word_1_173' title='bbox 384 1966 590 2012; x_wconf 88' lang='lat' dir='ltr'><strong>consuluit,</strong></span> 
     </span>
    </p>
   </div>
   <div class='ocr_carea' id='block_1_7' title="bbox 529 2023 1101 2075">
    <p class='ocr_par' dir='ltr' id='par_1_7' title="bbox 529 2023 1101 2075">
     <span class='ocr_line' id='line_1_28' title="bbox 529 2023 1101 2075; baseline -0.003 -10"><span class='ocrx_word' id='word_1_174' title='bbox 529 2037 569 2065; x_wconf 85' lang='lat' dir='ltr'><strong>ut</strong></span> <span class='ocrx_word' id='word_1_175' title='bbox 592 2025 693 2066; x_wconf 88' lang='lat' dir='ltr'><strong>mala</strong></span> <span class='ocrx_word' id='word_1_176' title='bbox 713 2024 840 2064; x_wconf 88' lang='lat' dir='ltr'><strong>culmos</strong></span> <span class='ocrx_word' id='word_1_177' title='bbox 859 2023 948 2075; x_wconf 78' lang='lat' dir='ltr'><strong>Effit</strong></span> <span class='ocrx_word' id='word_1_178' title='bbox 966 2023 1101 2074; x_wconf 86' lang='lat' dir='ltr'><strong>Robigo.</strong></span> 
     </span>
    </p>
   </div>
   <div class='ocr_carea' id='block_1_8' title="bbox 294 2088 1356 2700">
    <p class='ocr_par' dir='ltr' id='par_1_8' title="bbox 294 2088 1356 2700">
     <span class='ocr_line' id='line_1_29' title="bbox 298 2088 1347 2137; baseline -0.009 -4"><span class='ocrx_word' id='word_1_179' title='bbox 298 2094 363 2133; x_wconf 89' lang='lat' dir='ltr'><strong>ubi</strong></span> <span class='ocrx_word' id='word_1_180' title='bbox 382 2093 540 2132; x_wconf 86' lang='lat' dir='ltr'><strong>Servius.</strong></span> <span class='ocrx_word' id='word_1_181' title='bbox 569 2090 655 2127; x_wconf 85' lang='lat' dir='ltr'><strong>Inde</strong></span> <span class='ocrx_word' id='word_1_182' title='bbox 671 2100 716 2130; x_wconf 71' lang='grc'><strong>(9·</strong></span> <span class='ocrx_word' id='word_1_183' title='bbox 735 2088 878 2137; x_wconf 87' lang='lat' dir='ltr'><strong>Robigus</strong></span> <span class='ocrx_word' id='word_1_184' title='bbox 899 2088 1002 2133; x_wconf 89' lang='lat' dir='ltr'><strong>deus,</strong></span> <span class='ocrx_word' id='word_1_185' title='bbox 1028 2099 1072 2128; x_wconf 69' lang='grc' dir='ltr'><strong>φ’</strong></span> <span class='ocrx_word' id='word_1_186' title='bbox 1085 2089 1190 2137; x_wconf 91' lang='lat' dir='ltr'><strong>sacra</strong></span> <span class='ocrx_word' id='word_1_187' title='bbox 1209 2088 1279 2137; x_wconf 88' lang='lat' dir='ltr'><strong>ejus</strong></span> <span class='ocrx_word' id='word_1_188' title='bbox 1290 2088 1347 2137; x_wconf 81' lang='lat' dir='ltr'><strong>se·</strong></span> 
     </span>
     <span class='ocr_line' id='line_1_30' title="bbox 297 2139 1350 2194; baseline -0.006 -12"><span class='ocrx_word' id='word_1_189' title='bbox 297 2145 406 2194; x_wconf 85' lang='lat' dir='ltr'><strong>ptimo</strong></span> <span class='ocrx_word' id='word_1_190' title='bbox 426 2143 509 2181; x_wconf 83' lang='lat' dir='ltr'><strong>Kal.</strong></span> <span class='ocrx_word' id='word_1_191' title='bbox 533 2142 654 2191; x_wconf 83' lang='lat' dir='ltr'><strong>Majas</strong></span> <span class='ocrx_word' id='word_1_192' title='bbox 671 2140 849 2190; x_wconf 82' lang='lat' dir='ltr'><strong>Robigalia</strong></span> <span class='ocrx_word' id='word_1_193' title='bbox 866 2139 1100 2190; x_wconf 82' lang='lat' dir='ltr'><strong>appellantur.</strong></span> <span class='ocrx_word' id='word_1_194' title='bbox 1147 2139 1201 2177; x_wconf 85' lang='lat' dir='ltr'><strong>Ita</strong></span> <span class='ocrx_word' id='word_1_195' title='bbox 1225 2139 1350 2177; x_wconf 87' lang='lat' dir='ltr'><strong>scribe.</strong></span> 
     </span>
     <span class='ocr_line' id='line_1_31' title="bbox 300 2189 1351 2243; baseline -0.007 -10"><span class='ocrx_word' id='word_1_196' title='bbox 300 2196 414 2243; x_wconf 83' lang='lat' dir='ltr'><strong>vulgo</strong></span> <span class='ocrx_word' id='word_1_197' title='bbox 429 2223 439 2239; x_wconf 89' lang='lat'><strong>,</strong></span> <span class='ocrx_word' id='word_1_198' title='bbox 457 2193 607 2242; x_wconf 86' lang='lat' dir='ltr'><strong>Rubigus</strong></span> <span class='ocrx_word' id='word_1_199' title='bbox 623 2198 739 2237; x_wconf 85' lang='lat' dir='ltr'><strong>Deus,</strong></span> <span class='ocrx_word' id='word_1_200' title='bbox 766 2193 805 2229; x_wconf 66' lang='grc' dir='ltr'><strong>ὅ(</strong></span> <span class='ocrx_word' id='word_1_201' title='bbox 826 2190 955 2228; x_wconf 77' lang='lat' dir='ltr'><strong>decemo</strong></span> <span class='ocrx_word' id='word_1_202' title='bbox 971 2189 1052 2228; x_wconf 82' lang='lat' dir='ltr'><strong>Kal.</strong></span> <span class='ocrx_word' id='word_1_203' title='bbox 1073 2190 1194 2239; x_wconf 87' lang='lat' dir='ltr'><strong>Majas</strong></span> <span class='ocrx_word' id='word_1_204' title='bbox 1212 2189 1351 2238; x_wconf 86' lang='lat' dir='ltr'><strong>Rubigt&#39;·</strong></span> 
     </span>
     <span class='ocr_line' id='line_1_32' title="bbox 299 2240 1350 2291; baseline -0.005 -8"><span class='ocrx_word' id='word_1_205' title='bbox 299 2245 412 2284; x_wconf 79' lang='lat' dir='ltr'><strong>nalia.</strong></span> <span class='ocrx_word' id='word_1_206' title='bbox 440 2244 499 2282; x_wconf 87' lang='lat' dir='ltr'><strong>sed</strong></span> <span class='ocrx_word' id='word_1_207' title='bbox 518 2244 639 2281; x_wconf 88' lang='lat' dir='ltr'><strong>Festus</strong></span> <span class='ocrx_word' id='word_1_208' title='bbox 659 2242 753 2280; x_wconf 86' lang='lat' dir='ltr'><strong>bene</strong></span> <span class='ocrx_word' id='word_1_209' title='bbox 773 2241 910 2291; x_wconf 83' lang='lat' dir='ltr'><strong>septimo</strong></span> <span class='ocrx_word' id='word_1_210' title='bbox 928 2240 1106 2280; x_wconf 76' lang='lat' dir='ltr'><strong>Kalendas</strong></span> <span class='ocrx_word' id='word_1_211' title='bbox 1124 2241 1245 2279; x_wconf 86' lang='lat' dir='ltr'><strong>habet.</strong></span> <span class='ocrx_word' id='word_1_212' title='bbox 1263 2251 1350 2278; x_wconf 84' lang='lat' dir='ltr'><strong>narn</strong></span> 
     </span>
     <span class='ocr_line' id='line_1_33' title="bbox 302 2293 1353 2341; baseline -0.004 -7"><span class='ocrx_word' id='word_1_213' title='bbox 302 2297 342 2334; x_wconf 88' lang='lat'>&amp;</span> <span class='ocrx_word' id='word_1_214' title='bbox 368 2308 415 2334; x_wconf 88' lang='lat' dir='ltr'><strong>eo</strong></span> <span class='ocrx_word' id='word_1_215' title='bbox 439 2295 497 2334; x_wconf 90' lang='lat' dir='ltr'><strong>die</strong></span> <span class='ocrx_word' id='word_1_216' title='bbox 522 2293 783 2332; x_wconf 84' lang='lat' dir='ltr'><strong>Kalendarium</strong></span> <span class='ocrx_word' id='word_1_217' title='bbox 811 2294 849 2329; x_wconf 91' lang='lat' dir='ltr'><strong>in</strong></span> <span class='ocrx_word' id='word_1_218' title='bbox 868 2303 1054 2329; x_wconf 89' lang='lat' dir='ltr'><strong>marmore</strong></span> <span class='ocrx_word' id='word_1_219' title='bbox 1072 2293 1229 2341; x_wconf 87' lang='lat' dir='ltr'><strong>antiquo</strong></span> <span class='ocrx_word' id='word_1_220' title='bbox 1248 2296 1353 2330; x_wconf 85' lang='lat' dir='ltr'><strong>ROB.</strong></span> 
     </span>
     <span class='ocr_line' id='line_1_34' title="bbox 299 2341 1351 2394; baseline -0.006 -8"><span class='ocrx_word' id='word_1_221' title='bbox 299 2348 378 2386; x_wconf 84' lang='lat' dir='ltr'><strong>hoc</strong></span> <span class='ocrx_word' id='word_1_222' title='bbox 403 2345 450 2385; x_wconf 89' lang='lat' dir='ltr'><strong>est</strong></span> <span class='ocrx_word' id='word_1_223' title='bbox 464 2344 662 2394; x_wconf 86' lang='lat' dir='ltr'><strong>Robigalia,</strong></span> <span class='ocrx_word' id='word_1_224' title='bbox 686 2343 860 2393; x_wconf 87' lang='lat' dir='ltr'><strong>agnoscit.</strong></span> <span class='ocrx_word' id='word_1_225' title='bbox 901 2342 1038 2380; x_wconf 86' lang='lat' dir='ltr'><strong>Plinius</strong></span> <span class='ocrx_word' id='word_1_226' title='bbox 1064 2341 1126 2380; x_wconf 88' lang='lat' dir='ltr'><strong>lib.</strong></span> <span class='ocrx_word' id='word_1_227' title='bbox 1147 2354 1245 2381; x_wconf 84' lang='lat' dir='ltr'>x11x.</span> <span class='ocrx_word' id='word_1_228' title='bbox 1273 2354 1351 2390; x_wconf 87' lang='lat' dir='ltr'><strong>cap.</strong></span> 
     </span>
     <span class='ocr_line' id='line_1_35' title="bbox 308 2393 1352 2446; baseline -0.006 -11"><span class='ocrx_word' id='word_1_229' title='bbox 308 2410 367 2446; x_wconf 90' lang='lat'><strong>19.</strong></span> <span class='ocrx_word' id='word_1_230' title='bbox 394 2396 571 2445; x_wconf 84' lang='lat' dir='ltr'><strong>Robigalia</strong></span> <span class='ocrx_word' id='word_1_231' title='bbox 592 2402 714 2433; x_wconf 83' lang='lat' dir='ltr'><strong>Numa</strong></span> <span class='ocrx_word' id='word_1_232' title='bbox 735 2393 898 2441; x_wconf 79' lang='lat' dir='ltr'><strong>instituit.</strong></span> <span class='ocrx_word' id='word_1_233' title='bbox 926 2394 964 2430; x_wconf 89' lang='lat'>&amp;</span> <span class='ocrx_word' id='word_1_234' title='bbox 983 2404 1062 2442; x_wconf 88' lang='lat' dir='ltr'><strong>cap.</strong></span> <span class='ocrx_word' id='word_1_235' title='bbox 1084 2405 1141 2441; x_wconf 88' lang='lat'><strong>19.</strong></span> <span class='ocrx_word' id='word_1_236' title='bbox 1170 2394 1252 2430; x_wconf 82' lang='lat' dir='ltr'><strong>Tria</strong></span> <span class='ocrx_word' id='word_1_237' title='bbox 1264 2402 1352 2429; x_wconf 87' lang='lat' dir='ltr'><strong>tem-</strong></span> 
     </span>
     <span class='ocr_line' id='line_1_36' title="bbox 298 2442 1353 2498; baseline -0.007 -12"><span class='ocrx_word' id='word_1_238' title='bbox 298 2458 384 2498; x_wconf 85' lang='lat' dir='ltr'><strong>pora</strong></span> <span class='ocrx_word' id='word_1_239' title='bbox 393 2447 568 2495; x_wconf 67' lang='lat' dir='ltr'><strong>frufflbus</strong></span> <span class='ocrx_word' id='word_1_240' title='bbox 599 2445 821 2489; x_wconf 78' lang='lat' dir='ltr'><strong>metuebant,</strong></span> <span class='ocrx_word' id='word_1_241' title='bbox 845 2452 978 2492; x_wconf 82' lang='lat' dir='ltr'><strong>propter</strong></span> <span class='ocrx_word' id='word_1_242' title='bbox 1005 2442 1096 2493; x_wconf 84' lang='lat' dir='ltr'><strong>quod</strong></span> <span class='ocrx_word' id='word_1_243' title='bbox 1124 2443 1353 2491; x_wconf 82' lang='lat' dir='ltr'><strong>instituerunt</strong></span> 
     </span>
     <span class='ocr_line' id='line_1_37' title="bbox 294 2493 1352 2547; baseline -0.007 -10"><span class='ocrx_word' id='word_1_244' title='bbox 294 2499 409 2547; x_wconf 85' lang='lat' dir='ltr'><strong>ferias</strong></span> <span class='ocrx_word' id='word_1_245' title='bbox 437 2499 573 2547; x_wconf 84' lang='lat' dir='ltr'><strong>diesque</strong></span> <span class='ocrx_word' id='word_1_246' title='bbox 592 2497 689 2543; x_wconf 75' lang='lat' dir='ltr'><strong>festos</strong></span> <span class='ocrx_word' id='word_1_247' title='bbox 710 2523 720 2540; x_wconf 92' lang='lat'><strong>,</strong></span> <span class='ocrx_word' id='word_1_248' title='bbox 758 2494 934 2543; x_wconf 83' lang='lat' dir='ltr'><strong>Robigalia</strong></span> <span class='ocrx_word' id='word_1_249' title='bbox 949 2521 959 2538; x_wconf 90' lang='lat'>‚</span> <span class='ocrx_word' id='word_1_250' title='bbox 989 2493 1141 2531; x_wconf 78' lang='lat' dir='ltr'><strong>Floralia</strong></span> <span class='ocrx_word' id='word_1_251' title='bbox 1156 2521 1167 2538; x_wconf 89' lang='lat'><strong>,</strong></span> <span class='ocrx_word' id='word_1_252' title='bbox 1199 2493 1352 2530; x_wconf 87' lang='lat' dir='ltr'><strong>Vinalia.</strong></span> 
     </span>
     <span class='ocr_line' id='line_1_38' title="bbox 303 2544 1353 2599; baseline -0.008 -11"><span class='ocrx_word' id='word_1_253' title='bbox 303 2549 484 2599; x_wconf 84' lang='lat' dir='ltr'><strong>Robigalia</strong></span> <span class='ocrx_word' id='word_1_254' title='bbox 505 2555 626 2586; x_wconf 83' lang='lat' dir='ltr'><strong>Numa</strong></span> <span class='ocrx_word' id='word_1_255' title='bbox 655 2546 806 2592; x_wconf 77' lang='lat' dir='ltr'><strong>instituit</strong></span> <span class='ocrx_word' id='word_1_256' title='bbox 828 2558 920 2585; x_wconf 84' lang='lat' dir='ltr'><strong>anno</strong></span> <span class='ocrx_word' id='word_1_257' title='bbox 947 2545 1042 2592; x_wconf 83' lang='lat' dir='ltr'><strong>regni</strong></span> <span class='ocrx_word' id='word_1_258' title='bbox 1067 2544 1123 2591; x_wconf 80' lang='lat' dir='ltr'><strong>sui</strong></span> <span class='ocrx_word' id='word_1_259' title='bbox 1149 2544 1353 2590; x_wconf 84' lang='lat' dir='ltr'><strong>undecimo,</strong></span> 
     </span>
     <span class='ocr_line' id='line_1_39' title="bbox 307 2593 1356 2650; baseline -0.005 -12"><span class='ocrx_word' id='word_1_260' title='bbox 307 2615 395 2650; x_wconf 87' lang='lat' dir='ltr'><strong>quae</strong></span> <span class='ocrx_word' id='word_1_261' title='bbox 416 2613 508 2637; x_wconf 71' lang='lat' dir='ltr'><strong>necno</strong></span> <span class='ocrx_word' id='word_1_262' title='bbox 530 2608 641 2648; x_wconf 84' lang='lat' dir='ltr'><strong>agunt</strong></span> <span class='ocrx_word' id='word_1_263' title='bbox 663 2599 710 2633; x_wconf 74' lang='lat' dir='ltr'><strong>aa</strong></span> <span class='ocrx_word' id='word_1_264' title='bbox 731 2610 800 2634; x_wconf 80' lang='lat' dir='ltr'><strong>vn.</strong></span> <span class='ocrx_word' id='word_1_265' title='bbox 831 2595 914 2633; x_wconf 88' lang='lat' dir='ltr'><strong>Kal.</strong></span> <span class='ocrx_word' id='word_1_266' title='bbox 937 2595 1107 2633; x_wconf 81' lang='lat' dir='ltr'><strong>Martias.</strong></span> <span class='ocrx_word' id='word_1_267' title='bbox 1132 2593 1182 2634; x_wconf 87' lang='lat' dir='ltr'><strong>fic</strong></span> <span class='ocrx_word' id='word_1_268' title='bbox 1198 2594 1291 2645; x_wconf 85' lang='lat' dir='ltr'><strong>lege.</strong></span> <span class='ocrx_word' id='word_1_269' title='bbox 1319 2595 1356 2633; x_wconf 90' lang='lat' dir='ltr'><strong>I·</strong></span> 
     </span>
     <span class='ocr_line' id='line_1_40' title="bbox 304 2646 1010 2700; baseline -0.013 -10"><span class='ocrx_word' id='word_1_270' title='bbox 304 2653 391 2690; x_wconf 86' lang='lat' dir='ltr'><strong>dem</strong></span> <span class='ocrx_word' id='word_1_271' title='bbox 423 2651 600 2700; x_wconf 85' lang='lat' dir='ltr'><strong>Virgilius</strong></span> <span class='ocrx_word' id='word_1_272' title='bbox 629 2648 765 2686; x_wconf 90' lang='lat' dir='ltr'><strong>eodem</strong></span> <span class='ocrx_word' id='word_1_273' title='bbox 783 2646 897 2691; x_wconf 91' lang='lat' dir='ltr'><strong>libro,</strong></span> <span class='ocrx_word' id='word_1_274' title='bbox 925 2658 1010 2692; x_wconf 80' lang='lat'><strong>495.</strong></span> 
     </span>
    </p>
   </div>
   <div class='ocr_carea' id='block_1_9' title="bbox 307 2704 1355 3124">
    <p class='ocr_par' dir='ltr' id='par_1_9' title="bbox 307 2704 1048 2825">
     <span class='ocr_line' id='line_1_41' title="bbox 357 2704 1048 2762; baseline -0.01 -11"><span class='ocrx_word' id='word_1_275' title='bbox 357 2715 467 2762; x_wconf 85' lang='lat' dir='ltr'><strong>Exesa</strong></span> <span class='ocrx_word' id='word_1_276' title='bbox 489 2711 644 2751; x_wconf 85' lang='lat' dir='ltr'><strong>inveniet</strong></span> <span class='ocrx_word' id='word_1_277' title='bbox 656 2708 780 2760; x_wconf 82' lang='lat' dir='ltr'><strong>scabra</strong></span> <span class='ocrx_word' id='word_1_278' title='bbox 800 2706 949 2755; x_wconf 83' lang='lat' dir='ltr'><strong>robigine</strong></span> <span class='ocrx_word' id='word_1_279' title='bbox 960 2704 1048 2754; x_wconf 87' lang='lat' dir='ltr'><strong>pila.</strong></span> 
     </span>
     <span class='ocr_line' id='line_1_42' title="bbox 307 2776 621 2825; baseline 0 -11"><span class='ocrx_word' id='word_1_280' title='bbox 307 2776 447 2825; x_wconf 83' lang='lat' dir='ltr'><strong>Georg.</strong></span> <span class='ocrx_word' id='word_1_281' title='bbox 468 2789 513 2814; x_wconf 91' lang='lat'><strong>11.</strong></span> <span class='ocrx_word' id='word_1_282' title='bbox 535 2787 621 2814; x_wconf 89' lang='lat'>220.</span> 
     </span>
    </p>

    <p class='ocr_par' dir='ltr' id='par_1_10' title="bbox 309 2828 1355 3001">
     <span class='ocr_line' id='line_1_43' title="bbox 359 2828 1192 2885; baseline -0.01 -12"><span class='ocrx_word' id='word_1_283' title='bbox 359 2842 432 2873; x_wconf 73' lang='lat' dir='ltr'><strong>Nec</strong></span> <span class='ocrx_word' id='word_1_284' title='bbox 449 2838 557 2883; x_wconf 78' lang='lat' dir='ltr'><strong>scabie</strong></span> <span class='ocrx_word' id='word_1_285' title='bbox 578 2848 621 2877; x_wconf 66' lang='grc' dir='ltr'><strong>ω’</strong></span> <span class='ocrx_word' id='word_1_286' title='bbox 631 2834 727 2885; x_wconf 69' lang='lat' dir='ltr'><strong>salja</strong></span> <span class='ocrx_word' id='word_1_287' title='bbox 750 2831 857 2871; x_wconf 83' lang='lat' dir='ltr'><strong>laedit</strong></span> <span class='ocrx_word' id='word_1_288' title='bbox 877 2828 1027 2878; x_wconf 79' lang='lat' dir='ltr'><strong>robigine</strong></span> <span class='ocrx_word' id='word_1_289' title='bbox 1038 2828 1192 2874; x_wconf 67' lang='lat' dir='ltr'><strong>ferrum}</strong></span> 
     </span>
     <span class='ocr_line' id='line_1_44' title="bbox 309 2894 1355 2950; baseline -0.005 -10"><span class='ocrx_word' id='word_1_290' title='bbox 309 2901 507 2950; x_wconf 80' lang='lat' dir='ltr'><strong>quomodo</strong></span> <span class='ocrx_word' id='word_1_291' title='bbox 530 2904 568 2940; x_wconf 71' lang='grc' dir='ltr'><strong>δε</strong></span> <span class='ocrx_word' id='word_1_292' title='bbox 589 2902 661 2939; x_wconf 87' lang='lat' dir='ltr'><strong>illic</strong></span> <span class='ocrx_word' id='word_1_293' title='bbox 681 2899 795 2937; x_wconf 86' lang='lat' dir='ltr'><strong>iidem</strong></span> <span class='ocrx_word' id='word_1_294' title='bbox 825 2894 1051 2933; x_wconf 81' lang='lat' dir='ltr'><strong>vetustissimi</strong></span> <span class='ocrx_word' id='word_1_295' title='bbox 1073 2894 1232 2932; x_wconf 88' lang='lat' dir='ltr'><strong>codices.</strong></span> <span class='ocrx_word' id='word_1_296' title='bbox 1258 2895 1355 2944; x_wconf 84' lang='lat' dir='ltr'><strong>apud</strong></span> 
     </span>
     <span class='ocr_line' id='line_1_45' title="bbox 310 2944 1304 3001; baseline -0.008 -11"><span class='ocrx_word' id='word_1_297' title='bbox 310 2952 560 2990; x_wconf 81' lang='lat' dir='ltr'><strong>Columellam</strong></span> <span class='ocrx_word' id='word_1_298' title='bbox 585 2962 737 3001; x_wconf 85' lang='lat' dir='ltr'><strong>quoque</strong></span> <span class='ocrx_word' id='word_1_299' title='bbox 757 2950 816 2988; x_wconf 90' lang='lat' dir='ltr'><strong>lib.</strong></span> <span class='ocrx_word' id='word_1_300' title='bbox 837 2960 872 2985; x_wconf 81' lang='lat' dir='ltr'><strong>x.</strong></span> <span class='ocrx_word' id='word_1_301' title='bbox 893 2944 1122 2984; x_wconf 81' lang='lat' dir='ltr'><strong>scribendum</strong></span> <span class='ocrx_word' id='word_1_302' title='bbox 1150 2945 1304 2992; x_wconf 87' lang='lat' dir='ltr'><strong>censeo,</strong></span> 
     </span>
    </p>

    <p class='ocr_par' dir='ltr' id='par_1_11' title="bbox 362 3011 1220 3064">
     <span class='ocr_line' id='line_1_46' title="bbox 362 3011 1220 3064; baseline -0.001 -14"><span class='ocrx_word' id='word_1_303' title='bbox 362 3014 453 3051; x_wconf 84' lang='lat' dir='ltr'><strong>Hinc</strong></span> <span class='ocrx_word' id='word_1_304' title='bbox 473 3017 567 3053; x_wconf 83' lang='lat' dir='ltr'><strong>mala</strong></span> <span class='ocrx_word' id='word_1_305' title='bbox 586 3016 705 3064; x_wconf 81' lang='lat' dir='ltr'><strong>Robigo</strong></span> <span class='ocrx_word' id='word_1_306' title='bbox 725 3015 856 3052; x_wconf 78' lang='lat' dir='ltr'><strong>virides</strong></span> <span class='ocrx_word' id='word_1_307' title='bbox 874 3026 915 3049; x_wconf 82' lang='lat' dir='ltr'><strong>ne</strong></span> <span class='ocrx_word' id='word_1_308' title='bbox 935 3021 1063 3049; x_wconf 84' lang='lat' dir='ltr'><strong>torreat</strong></span> <span class='ocrx_word' id='word_1_309' title='bbox 1083 3011 1220 3053; x_wconf 80' lang='lat' dir='ltr'><strong>herbas.</strong></span> 
     </span>
    </p>

    <p class='ocr_par' dir='ltr' id='par_1_12' title="bbox 307 3075 1182 3124">
     <span class='ocr_line' id='line_1_47' title="bbox 307 3075 1182 3124; baseline 0.001 -10"><span class='ocrx_word' id='word_1_310' title='bbox 307 3075 351 3114; x_wconf 86' lang='lat'><strong>-&amp;</strong></span> <span class='ocrx_word' id='word_1_311' title='bbox 371 3077 466 3124; x_wconf 83' lang='lat' dir='ltr'><strong>apud</strong></span> <span class='ocrx_word' id='word_1_312' title='bbox 486 3077 722 3114; x_wconf 85' lang='lat' dir='ltr'><strong>Prudentium</strong></span> <span class='ocrx_word' id='word_1_313' title='bbox 744 3084 871 3114; x_wconf 84' lang='lat' dir='ltr'><strong>contra</strong></span> <span class='ocrx_word' id='word_1_314' title='bbox 892 3076 1182 3124; x_wconf 80' lang='lat' dir='ltr'><strong>Symmachum:</strong></span> 
     </span>
    </p>
   </div>
   <div class='ocr_carea' id='block_1_10' title="bbox 297 3137 1354 3386">
    <p class='ocr_par' dir='ltr' id='par_1_13' title="bbox 297 3137 1354 3386">
     <span class='ocr_line' id='line_1_48' title="bbox 362 3137 1239 3190; baseline -0.005 -10"><span class='ocrx_word' id='word_1_315' title='bbox 362 3147 470 3180; x_wconf 83' lang='lat' dir='ltr'><strong>Nunc</strong></span> <span class='ocrx_word' id='word_1_316' title='bbox 493 3140 657 3190; x_wconf 81' lang='lat' dir='ltr'><strong>consumit</strong></span> <span class='ocrx_word' id='word_1_317' title='bbox 677 3141 766 3176; x_wconf 80' lang='lat' dir='ltr'><strong>edax</strong></span> <span class='ocrx_word' id='word_1_318' title='bbox 788 3140 924 3186; x_wconf 78' lang='lat' dir='ltr'><strong>segetem</strong></span> <span class='ocrx_word' id='word_1_319' title='bbox 947 3138 1068 3187; x_wconf 80' lang='lat' dir='ltr'><strong>Robigo</strong></span> <span class='ocrx_word' id='word_1_320' title='bbox 1090 3137 1239 3187; x_wconf 81' lang='lat' dir='ltr'><strong>maligni</strong></span> 
     </span>
     <span class='ocr_line' id='line_1_49' title="bbox 415 3190 704 3230; baseline -0.014 0"><span class='ocrx_word' id='word_1_321' title='bbox 415 3193 521 3230; x_wconf 76' lang='lat' dir='ltr'><strong>A‘e&#39;ris</strong></span> <span class='ocrx_word' id='word_1_322' title='bbox 541 3205 582 3228; x_wconf 86' lang='lat' dir='ltr'><strong>ex</strong></span> <span class='ocrx_word' id='word_1_323' title='bbox 603 3190 704 3227; x_wconf 66' lang='lat' dir='ltr'><strong>vitio.</strong></span> 
     </span>
     <span class='ocr_line' id='line_1_50' title="bbox 310 3239 1354 3290; baseline -0.004 -8"><span class='ocrx_word' id='word_1_324' title='bbox 310 3242 460 3283; x_wconf 61' lang='lat' dir='ltr'><strong>Gloss&#39;ae</strong></span> <span class='ocrx_word' id='word_1_325' title='bbox 480 3251 620 3281; x_wconf 79' lang='lat' dir='ltr'><strong>veteres</strong></span> <span class='ocrx_word' id='word_1_326' title='bbox 634 3269 642 3285; x_wconf 94' lang='lat'><strong>,</strong></span> <span class='ocrx_word' id='word_1_327' title='bbox 658 3244 726 3282; x_wconf 67' lang='grc' dir='ltr'><strong>Σῆς</strong></span> <span class='ocrx_word' id='word_1_328' title='bbox 747 3241 808 3276; x_wconf 70' lang='grc' dir='ltr'><strong>καὶ</strong></span> <span class='ocrx_word' id='word_1_329' title='bbox 825 3239 934 3282; x_wconf 52' lang='lat' dir='ltr'><strong>Eridu-¹,-</strong></span> <span class='ocrx_word' id='word_1_330' title='bbox 946 3267 956 3284; x_wconf 93' lang='lat'>‚</span> <span class='ocrx_word' id='word_1_331' title='bbox 977 3240 1071 3276; x_wconf 89' lang='lat' dir='ltr'><strong>tinea</strong></span> <span class='ocrx_word' id='word_1_332' title='bbox 1084 3268 1095 3284; x_wconf 90' lang='lat'><strong>,</strong></span> <span class='ocrx_word' id='word_1_333' title='bbox 1124 3239 1255 3290; x_wconf 85' lang='lat' dir='ltr'><strong>Robigo.</strong></span> <span class='ocrx_word' id='word_1_334' title='bbox 1275 3240 1354 3278; x_wconf 77' lang='lat' dir='ltr'><strong>Ne-</strong></span> 
     </span>
     <span class='ocr_line' id='line_1_51' title="bbox 306 3290 1354 3344; baseline -0.003 -11"><span class='ocrx_word' id='word_1_335' title='bbox 306 3307 380 3344; x_wconf 86' lang='lat' dir='ltr'><strong>que</strong></span> <span class='ocrx_word' id='word_1_336' title='bbox 392 3295 493 3334; x_wconf 87' lang='lat' dir='ltr'><strong>aliter</strong></span> <span class='ocrx_word' id='word_1_337' title='bbox 510 3293 637 3333; x_wconf 76' lang='lat' dir='ltr'><strong>vetusti</strong></span> <span class='ocrx_word' id='word_1_338' title='bbox 651 3291 796 3331; x_wconf 78' lang='lat' dir='ltr'><strong>codices</strong></span> <span class='ocrx_word' id='word_1_339' title='bbox 810 3291 904 3340; x_wconf 79' lang='lat' dir='ltr'><strong>apud</strong></span> <span class='ocrx_word' id='word_1_340' title='bbox 917 3292 1116 3331; x_wconf 74' lang='lat' dir='ltr'><strong>Horatium</strong></span> <span class='ocrx_word' id='word_1_341' title='bbox 1129 3292 1188 3331; x_wconf 89' lang='lat' dir='ltr'><strong>lib.</strong></span> <span class='ocrx_word' id='word_1_342' title='bbox 1201 3304 1264 3331; x_wconf 81' lang='lat' dir='ltr'><strong>iii.</strong></span> <span class='ocrx_word' id='word_1_343' title='bbox 1278 3290 1354 3332; x_wconf 86' lang='lat' dir='ltr'><strong>Od.</strong></span> 
     </span>
     <span class='ocr_line' id='line_1_52' title="bbox 297 3358 415 3386; baseline 0.017 -2"><span class='ocrx_word' id='word_1_344' title='bbox 297 3358 415 3386; x_wconf 66' lang='lat' dir='ltr'><strong>xxnx.</strong></span> 
     </span>
    </p>
   </div>
   <div class='ocr_carea' id='block_1_11' title="bbox 345 1614 496 1624">
    <p class='ocr_par' dir='ltr' id='par_1_14' title="bbox 345 1614 496 1624">
     <span class='ocr_line' id='line_1_53' title="bbox 345 1614 496 1624; baseline 0 0"><span class='ocrx_word' id='word_1_345' title='bbox 345 1614 496 1624; x_wconf 95' lang='lat' dir='ltr'><strong> </strong></span> 
     </span>
    </p>
   </div>
   <div class='ocr_carea' id='block_1_12' title="bbox 350 2041 499 2054">
    <p class='ocr_par' dir='ltr' id='par_1_15' title="bbox 350 2041 499 2054">
     <span class='ocr_line' id='line_1_54' title="bbox 350 2041 499 2054; baseline 0 1621"><span class='ocrx_word' id='word_1_346' title='bbox 350 2041 499 2054; x_wconf 95' lang='lat' dir='ltr'><strong> </strong></span> 
     </span>
    </p>
   </div>
   <div class='ocr_carea' id='block_1_13' title="bbox 2317 1185 2434 1244">
    <p class='ocr_par' dir='ltr' id='par_1_16' title="bbox 2317 1185 2434 1244">
     <span class='ocr_line' id='line_1_55' title="bbox 2317 1185 2434 1244; baseline -0.009 0"><span class='ocrx_word' id='word_1_347' title='bbox 2317 1185 2434 1244; x_wconf 88' lang='lat' dir='ltr'><strong>Nec</strong></span> 
     </span>
    </p>
   </div>
   <div class='ocr_carea' id='block_1_14' title="bbox 1395 1324 2458 2038">
    <p class='ocr_par' dir='ltr' id='par_1_17' title="bbox 1447 1324 2067 1375">
     <span class='ocr_line' id='line_1_56' title="bbox 1447 1324 2067 1375; baseline 0.003 -13"><span class='ocrx_word' id='word_1_348' title='bbox 1447 1328 1519 1362; x_wconf 86' lang='lat' dir='ltr'><strong>Nec</strong></span> <span class='ocrx_word' id='word_1_349' title='bbox 1533 1324 1740 1375; x_wconf 80' lang='lat' dir='ltr'><strong>pestilentem</strong></span> <span class='ocrx_word' id='word_1_350' title='bbox 1754 1325 1881 1375; x_wconf 87' lang='lat' dir='ltr'><strong>sentiet</strong></span> <span class='ocrx_word' id='word_1_351' title='bbox 1902 1326 2067 1372; x_wconf 82' lang='lat' dir='ltr'><strong>Africum</strong></span> 
     </span>
    </p>

    <p class='ocr_par' dir='ltr' id='par_1_18' title="bbox 1448 1375 2110 1426">
     <span class='ocr_line' id='line_1_57' title="bbox 1448 1375 2110 1426; baseline 0.003 -14"><span class='ocrx_word' id='word_1_352' title='bbox 1448 1377 1629 1414; x_wconf 79' lang='lat' dir='ltr'><strong>Foecunda</strong></span> <span class='ocrx_word' id='word_1_353' title='bbox 1647 1376 1734 1414; x_wconf 80' lang='lat' dir='ltr'><strong>vitis</strong></span> <span class='ocrx_word' id='word_1_354' title='bbox 1747 1404 1757 1422; x_wconf 92' lang='lat'><strong>,</strong></span> <span class='ocrx_word' id='word_1_355' title='bbox 1787 1390 1845 1414; x_wconf 77' lang='lat' dir='ltr'><strong>nec</strong></span> <span class='ocrx_word' id='word_1_356' title='bbox 1856 1375 2007 1424; x_wconf 81' lang='lat' dir='ltr'><strong>sterilem</strong></span> <span class='ocrx_word' id='word_1_357' title='bbox 2019 1377 2110 1426; x_wconf 89' lang='lat' dir='ltr'><strong>seges</strong></span> 
     </span>
    </p>

    <p class='ocr_par' dir='ltr' id='par_1_19' title="bbox 1395 1426 2458 2038">
     <span class='ocr_line' id='line_1_58' title="bbox 1447 1426 1656 1477; baseline 0.014 -13"><span class='ocrx_word' id='word_1_358' title='bbox 1447 1426 1656 1477; x_wconf 84' lang='lat' dir='ltr'><strong>Robiginem.</strong></span> 
     </span>
     <span class='ocr_line' id='line_1_59' title="bbox 1396 1476 2442 1527; baseline 0.002 -11"><span class='ocrx_word' id='word_1_359' title='bbox 1396 1478 1493 1527; x_wconf 90' lang='lat' dir='ltr'><strong>apud</strong></span> <span class='ocrx_word' id='word_1_360' title='bbox 1512 1479 1734 1526; x_wconf 78' lang='lat' dir='ltr'><strong>juvenalem</strong></span> <span class='ocrx_word' id='word_1_361' title='bbox 1757 1479 1935 1518; x_wconf 85' lang='lat' dir='ltr'><strong>Sat.x111.</strong></span> <span class='ocrx_word' id='word_1_362' title='bbox 1960 1478 2041 1526; x_wconf 84' lang='lat'>148.</span> <span class='ocrx_word' id='word_1_363' title='bbox 2077 1479 2294 1517; x_wconf 87' lang='lat' dir='ltr'><strong>veterrimae</strong></span> <span class='ocrx_word' id='word_1_364' title='bbox 2317 1476 2442 1518; x_wconf 59' lang='lat' dir='ltr'><strong>memi</strong></span> 
     </span>
     <span class='ocr_line' id='line_1_60' title="bbox 1395 1528 2442 1580; baseline 0.004 -13"><span class='ocrx_word' id='word_1_365' title='bbox 1395 1529 1529 1567; x_wconf 87' lang='lat' dir='ltr'><strong>branae</strong></span> <span class='ocrx_word' id='word_1_366' title='bbox 1548 1557 1560 1576; x_wconf 90' lang='lat'><strong>,</strong></span> <span class='ocrx_word' id='word_1_367' title='bbox 1608 1530 1735 1567; x_wconf 82' lang='lat' dir='ltr'><strong>Pocula</strong></span> <span class='ocrx_word' id='word_1_368' title='bbox 1763 1530 1963 1567; x_wconf 82' lang='lat' dir='ltr'><strong>adorandae</strong></span> <span class='ocrx_word' id='word_1_369' title='bbox 1993 1528 2174 1578; x_wconf 73' lang='lat' dir='ltr'><strong>Robiginis·</strong></span> <span class='ocrx_word' id='word_1_370' title='bbox 2211 1530 2249 1567; x_wconf 91' lang='lat'>&amp;</span> <span class='ocrx_word' id='word_1_371' title='bbox 2277 1532 2442 1580; x_wconf 80' lang='lat' dir='ltr'><strong>optimus</strong></span> 
     </span>
     <span class='ocr_line' id='line_1_61' title="bbox 1398 1579 2446 1631; baseline 0.001 -13"><span class='ocrx_word' id='word_1_372' title='bbox 1398 1579 1603 1618; x_wconf 85' lang='lat' dir='ltr'><strong>Thuaneus</strong></span> <span class='ocrx_word' id='word_1_373' title='bbox 1624 1580 1721 1629; x_wconf 88' lang='lat' dir='ltr'><strong>apud</strong></span> <span class='ocrx_word' id='word_1_374' title='bbox 1741 1581 1949 1619; x_wconf 84' lang='lat' dir='ltr'><strong>Martialem</strong></span> <span class='ocrx_word' id='word_1_375' title='bbox 1971 1581 2062 1620; x_wconf 88' lang='lat' dir='ltr'><strong>libro</strong></span> <span class='ocrx_word' id='word_1_376' title='bbox 2082 1592 2117 1617; x_wconf 91' lang='lat' dir='ltr'><strong>v.</strong></span> <span class='ocrx_word' id='word_1_377' title='bbox 2144 1579 2282 1628; x_wconf 89' lang='lat' dir='ltr'><strong>Ep.29.</strong></span> <span class='ocrx_word' id='word_1_378' title='bbox 2309 1581 2446 1631; x_wconf 65' lang='lat' dir='ltr'><strong>Robigia</strong></span> 
     </span>
     <span class='ocr_line' id='line_1_62' title="bbox 1400 1630 2445 1681; baseline 0.004 -13"><span class='ocrx_word' id='word_1_379' title='bbox 1400 1630 1471 1674; x_wconf 76' lang='lat' dir='ltr'><strong>nofi</strong></span> <span class='ocrx_word' id='word_1_380' title='bbox 1486 1631 1612 1669; x_wconf 81' lang='lat' dir='ltr'><strong>dentes.</strong></span> <span class='ocrx_word' id='word_1_381' title='bbox 1639 1632 1687 1669; x_wconf 91' lang='lat' dir='ltr'><strong>fic</strong></span> <span class='ocrx_word' id='word_1_382' title='bbox 1708 1632 1746 1669; x_wconf 70' lang='grc' dir='ltr'><strong>ὃ(</strong></span> <span class='ocrx_word' id='word_1_383' title='bbox 1766 1632 1850 1680; x_wconf 87' lang='lat' dir='ltr'><strong>lego</strong></span> <span class='ocrx_word' id='word_1_384' title='bbox 1872 1631 1968 1681; x_wconf 86' lang='lat' dir='ltr'><strong>apud</strong></span> <span class='ocrx_word' id='word_1_385' title='bbox 1989 1631 2224 1668; x_wconf 66' lang='lat' dir='ltr'><strong>Laetantium</strong></span> <span class='ocrx_word' id='word_1_386' title='bbox 2244 1630 2335 1669; x_wconf 90' lang='lat' dir='ltr'><strong>libro</strong></span> <span class='ocrx_word' id='word_1_387' title='bbox 2347 1646 2375 1670; x_wconf 90' lang='lat'><strong>1.</strong></span> <span class='ocrx_word' id='word_1_388' title='bbox 2396 1632 2445 1672; x_wconf 89' lang='lat' dir='ltr'><strong>de</strong></span> 
     </span>
     <span class='ocr_line' id='line_1_63' title="bbox 1398 1681 2446 1732; baseline 0.001 -13"><span class='ocrx_word' id='word_1_389' title='bbox 1398 1681 1494 1719; x_wconf 76' lang='lat' dir='ltr'><strong>Fal-se</strong></span> <span class='ocrx_word' id='word_1_390' title='bbox 1510 1682 1730 1732; x_wconf 78' lang='lat' dir='ltr'><strong>Religione:</strong></span> <span class='ocrx_word' id='word_1_391' title='bbox 1746 1689 1838 1719; x_wconf 87' lang='lat' dir='ltr'><strong>Haec</strong></span> <span class='ocrx_word' id='word_1_392' title='bbox 1861 1683 1953 1720; x_wconf 85' lang='lat' dir='ltr'><strong>enim</strong></span> <span class='ocrx_word' id='word_1_393' title='bbox 1965 1683 2098 1731; x_wconf 80' lang='lat' dir='ltr'><strong>semper</strong></span> <span class='ocrx_word' id='word_1_394' title='bbox 2116 1681 2287 1730; x_wconf 79' lang='lat' dir='ltr'><strong>excusatio</strong></span> <span class='ocrx_word' id='word_1_395' title='bbox 2308 1681 2351 1727; x_wconf 78' lang='lat' dir='ltr'><strong>esl</strong></span> <span class='ocrx_word' id='word_1_396' title='bbox 2371 1681 2446 1720; x_wconf 86' lang='lat' dir='ltr'><strong>illo-</strong></span> 
     </span>
     <span class='ocr_line' id='line_1_64' title="bbox 1400 1732 2448 1784; baseline 0.001 -14"><span class='ocrx_word' id='word_1_397' title='bbox 1400 1746 1481 1770; x_wconf 87' lang='lat' dir='ltr'><strong>rum</strong></span> <span class='ocrx_word' id='word_1_398' title='bbox 1497 1760 1506 1777; x_wconf 89' lang='lat'>‚</span> <span class='ocrx_word' id='word_1_399' title='bbox 1534 1734 1594 1784; x_wconf 85' lang='lat' dir='ltr'><strong>qui</strong></span> <span class='ocrx_word' id='word_1_400' title='bbox 1613 1733 1710 1770; x_wconf 89' lang='lat' dir='ltr'><strong>mala</strong></span> <span class='ocrx_word' id='word_1_401' title='bbox 1721 1735 1790 1781; x_wconf 85' lang='lat' dir='ltr'><strong>sua</strong></span> <span class='ocrx_word' id='word_1_402' title='bbox 1807 1743 1865 1782; x_wconf 86' lang='lat' dir='ltr'><strong>pro</strong></span> <span class='ocrx_word' id='word_1_403' title='bbox 1885 1733 1964 1770; x_wconf 81' lang='lat' dir='ltr'><strong>Diis</strong></span> <span class='ocrx_word' id='word_1_404' title='bbox 1982 1732 2110 1770; x_wconf 83' lang='lat' dir='ltr'><strong>habent</strong></span> <span class='ocrx_word' id='word_1_405' title='bbox 2123 1760 2134 1777; x_wconf 92' lang='lat'><strong>,</strong></span> <span class='ocrx_word' id='word_1_406' title='bbox 2155 1741 2196 1769; x_wconf 88' lang='lat' dir='ltr'><strong>ut</strong></span> <span class='ocrx_word' id='word_1_407' title='bbox 2215 1733 2363 1770; x_wconf 80' lang='lat' dir='ltr'><strong>Romani</strong></span> <span class='ocrx_word' id='word_1_408' title='bbox 2382 1738 2448 1771; x_wconf 87' lang='lat' dir='ltr'><strong>Ro-</strong></span> 
     </span>
     <span class='ocr_line' id='line_1_65' title="bbox 1401 1782 2447 1833; baseline 0.003 -13"><span class='ocrx_word' id='word_1_409' title='bbox 1401 1783 1547 1832; x_wconf 83' lang='lat' dir='ltr'><strong>biginem</strong></span> <span class='ocrx_word' id='word_1_410' title='bbox 1570 1796 1615 1824; x_wconf 66' lang='lat'><strong>(9¹</strong></span> <span class='ocrx_word' id='word_1_411' title='bbox 1650 1784 1803 1822; x_wconf 81' lang='lat' dir='ltr'><strong>Febrem.</strong></span> <span class='ocrx_word' id='word_1_412' title='bbox 1829 1783 1926 1833; x_wconf 83' lang='lat' dir='ltr'><strong>apud</strong></span> <span class='ocrx_word' id='word_1_413' title='bbox 1955 1782 2233 1832; x_wconf 79' lang='lat' dir='ltr'><strong>Agrimensores</strong></span> <span class='ocrx_word' id='word_1_414' title='bbox 2255 1796 2264 1821; x_wconf 90' lang='lat'>:</span> <span class='ocrx_word' id='word_1_415' title='bbox 2302 1786 2447 1823; x_wconf 67' lang='lat' dir='ltr'><strong>Fruelus</strong></span> 
     </span>
     <span class='ocr_line' id='line_1_66' title="bbox 1401 1833 2450 1881; baseline 0.001 -9"><span class='ocrx_word' id='word_1_416' title='bbox 1401 1834 1561 1881; x_wconf 87' lang='lat' dir='ltr'><strong>Robigine</strong></span> <span class='ocrx_word' id='word_1_417' title='bbox 1579 1835 1785 1872; x_wconf 74' lang='lat' dir='ltr'><strong>occidentur.</strong></span> <span class='ocrx_word' id='word_1_418' title='bbox 1809 1836 1955 1873; x_wconf 61' lang='lat' dir='ltr'><strong>Hiems.</strong></span> <span class='ocrx_word' id='word_1_419' title='bbox 1996 1834 2109 1872; x_wconf 86' lang='lat' dir='ltr'><strong>DEO</strong></span> <span class='ocrx_word' id='word_1_420' title='bbox 2138 1833 2341 1872; x_wconf 82' lang='lat' dir='ltr'><strong>RVBIGO</strong></span> <span class='ocrx_word' id='word_1_421' title='bbox 2371 1833 2450 1873; x_wconf 87' lang='lat' dir='ltr'><strong>SA-</strong></span> 
     </span>
     <span class='ocr_line' id='line_1_67' title="bbox 1403 1885 2458 1936; baseline 0.002 -13"><span class='ocrx_word' id='word_1_422' title='bbox 1403 1885 1558 1923; x_wconf 87' lang='lat' dir='ltr'><strong>CRVM</strong></span> <span class='ocrx_word' id='word_1_423' title='bbox 1586 1886 1674 1934; x_wconf 83' lang='lat' dir='ltr'><strong>lapis</strong></span> <span class='ocrx_word' id='word_1_424' title='bbox 1704 1887 1740 1923; x_wconf 90' lang='lat' dir='ltr'><strong>in</strong></span> <span class='ocrx_word' id='word_1_425' title='bbox 1769 1885 1972 1924; x_wconf 86' lang='lat' dir='ltr'><strong>suburbano</strong></span> <span class='ocrx_word' id='word_1_426' title='bbox 1991 1885 2091 1923; x_wconf 89' lang='lat' dir='ltr'><strong>Foro</strong></span> <span class='ocrx_word' id='word_1_427' title='bbox 2109 1885 2192 1933; x_wconf 92' lang='lat' dir='ltr'><strong>Julii</strong></span> <span class='ocrx_word' id='word_1_428' title='bbox 2209 1912 2219 1930; x_wconf 94' lang='lat'><strong>,</strong></span> <span class='ocrx_word' id='word_1_429' title='bbox 2246 1897 2359 1936; x_wconf 85' lang='lat' dir='ltr'><strong>quern</strong></span> <span class='ocrx_word' id='word_1_430' title='bbox 2387 1885 2458 1933; x_wconf 63' lang='lat' dir='ltr'><strong>de-T‘</strong></span> 
     </span>
     <span class='ocr_line' id='line_1_68' title="bbox 1403 1936 2450 1986; baseline 0.002 -11"><span class='ocrx_word' id='word_1_431' title='bbox 1403 1936 1535 1976; x_wconf 86' lang='lat' dir='ltr'><strong>derunt</strong></span> <span class='ocrx_word' id='word_1_432' title='bbox 1566 1937 1669 1975; x_wconf 82' lang='lat' dir='ltr'><strong>Basil.</strong></span> <span class='ocrx_word' id='word_1_433' title='bbox 1695 1936 1888 1974; x_wconf 81' lang='lat' dir='ltr'><strong>Zancarol.</strong></span> <span class='ocrx_word' id='word_1_434' title='bbox 1919 1936 2085 1986; x_wconf 89' lang='lat' dir='ltr'><strong>Cydonii</strong></span> <span class='ocrx_word' id='word_1_435' title='bbox 2125 1937 2257 1984; x_wconf 85' lang='lat' dir='ltr'><strong>Antiq.</strong></span> <span class='ocrx_word' id='word_1_436' title='bbox 2285 1936 2450 1986; x_wconf 82' lang='lat' dir='ltr'><strong>Forojul.</strong></span> 
     </span>
     <span class='ocr_line' id='line_1_69' title="bbox 1402 1986 2452 2038; baseline 0.001 -13"><span class='ocrx_word' id='word_1_437' title='bbox 1402 1988 1463 2026; x_wconf 86' lang='lat' dir='ltr'><strong>lib.</strong></span> <span class='ocrx_word' id='word_1_438' title='bbox 1482 2001 1509 2026; x_wconf 89' lang='lat'><strong>1.</strong></span> <span class='ocrx_word' id='word_1_439' title='bbox 1537 1999 1619 2037; x_wconf 89' lang='lat' dir='ltr'><strong>pag.</strong></span> <span class='ocrx_word' id='word_1_440' title='bbox 1641 2000 1698 2034; x_wconf 81' lang='lat'><strong>44.</strong></span> <span class='ocrx_word' id='word_1_441' title='bbox 1728 1989 1765 2024; x_wconf 67' lang='grc' dir='ltr'><strong>ὃς</strong></span> <span class='ocrx_word' id='word_1_442' title='bbox 1782 1987 1939 2035; x_wconf 87' lang='lat' dir='ltr'><strong>Philipp.</strong></span> <span class='ocrx_word' id='word_1_443' title='bbox 1958 1998 1979 2024; x_wconf 89' lang='lat' dir='ltr'><strong>a</strong></span> <span class='ocrx_word' id='word_1_444' title='bbox 1997 1986 2121 2025; x_wconf 88' lang='lat' dir='ltr'><strong>Turre</strong></span> <span class='ocrx_word' id='word_1_445' title='bbox 2140 1986 2186 2025; x_wconf 88' lang='lat' dir='ltr'><strong>de</strong></span> <span class='ocrx_word' id='word_1_446' title='bbox 2204 1986 2286 2026; x_wconf 88' lang='lat' dir='ltr'><strong>Diis</strong></span> <span class='ocrx_word' id='word_1_447' title='bbox 2297 1987 2452 2038; x_wconf 50' lang='lat' dir='ltr'><strong>Aquilef</strong></span> 
     </span>
    </p>
   </div>
   <div class='ocr_carea' id='block_1_15' title="bbox 1396 2038 2054 2088">
    <p class='ocr_par' dir='ltr' id='par_1_20' title="bbox 1396 2038 2054 2088">
     <span class='ocr_line' id='line_1_70' title="bbox 1396 2038 2054 2088; baseline -0.003 -11"><span class='ocrx_word' id='word_1_448' title='bbox 1396 2039 1558 2088; x_wconf 86' lang='lat' dir='ltr'><strong>jenfibus</strong></span> <span class='ocrx_word' id='word_1_449' title='bbox 1572 2067 1583 2083; x_wconf 91' lang='lat'>‚</span> <span class='ocrx_word' id='word_1_450' title='bbox 1610 2040 1675 2088; x_wconf 89' lang='lat' dir='ltr'><strong>qui</strong></span> <span class='ocrx_word' id='word_1_451' title='bbox 1689 2038 1839 2081; x_wconf 65' lang='lat' dir='ltr'><strong>,erudite</strong></span> <span class='ocrx_word' id='word_1_452' title='bbox 1858 2038 2054 2076; x_wconf 84' lang='lat' dir='ltr'><strong>illustravit.</strong></span> 
     </span>
    </p>
   </div>
   <div class='ocr_carea' id='block_1_16' title="bbox 1405 2087 2454 2231">
    <p class='ocr_par' dir='ltr' id='par_1_21' title="bbox 1405 2087 2454 2231">
     <span class='ocr_line' id='line_1_71' title="bbox 1452 2087 2447 2139; baseline -0.003 -11"><span class='ocrx_word' id='word_1_453' title='bbox 1452 2090 1543 2139; x_wconf 87' lang='lat'>908.</span> <span class='ocrx_word' id='word_1_454' title='bbox 1570 2095 1666 2127; x_wconf 83' lang='lat' dir='ltr'><strong>Exta</strong></span> <span class='ocrx_word' id='word_1_455' title='bbox 1689 2088 1784 2126; x_wconf 88' lang='lat' dir='ltr'><strong>canis</strong></span> <span class='ocrx_word' id='word_1_456' title='bbox 1793 2088 1991 2139; x_wconf 85' lang='lat' dir='ltr'><strong>flammis.]</strong></span> <span class='ocrx_word' id='word_1_457' title='bbox 2041 2088 2161 2128; x_wconf 87' lang='lat' dir='ltr'><strong>Rufus</strong></span> <span class='ocrx_word' id='word_1_458' title='bbox 2181 2087 2252 2126; x_wconf 78' lang='lat' dir='ltr'><strong>effe</strong></span> <span class='ocrx_word' id='word_1_459' title='bbox 2273 2088 2447 2132; x_wconf 83' lang='lat' dir='ltr'><strong>debebat;</strong></span> 
     </span>
     <span class='ocr_line' id='line_1_72' title="bbox 1405 2138 2454 2231; baseline -0.004 -51"><span class='ocrx_word' id='word_1_460' title='bbox 1405 2141 1667 2231; x_wconf 43' lang='lat' dir='ltr'><strong>immetflazcatulus</strong></span> <span class='ocrx_word' id='word_1_461' title='bbox 1717 2141 1756 2178; x_wconf 61' lang='grc' dir='ltr'><strong>ὃς</strong></span> <span class='ocrx_word' id='word_1_462' title='bbox 1794 2140 1941 2179; x_wconf 67' lang='grc' dir='ltr'><strong>Ιειέίειῑε.</strong></span> <span class='ocrx_word' id='word_1_463' title='bbox 1990 2139 2027 2178; x_wconf 89' lang='lat' dir='ltr'><strong>id</strong></span> <span class='ocrx_word' id='word_1_464' title='bbox 2064 2151 2125 2177; x_wconf 90' lang='lat' dir='ltr'><strong>me</strong></span> <span class='ocrx_word' id='word_1_465' title='bbox 2167 2138 2296 2176; x_wconf 92' lang='lat' dir='ltr'><strong>docuit</strong></span> <span class='ocrx_word' id='word_1_466' title='bbox 2336 2138 2454 2184; x_wconf 51' lang='lat' dir='ltr'><strong>Colue</strong></span> 
     </span>
    </p>
   </div>
   <div class='ocr_carea' id='block_1_17' title="bbox 1409 2257 2373 2661">
    <p class='ocr_par' dir='ltr' id='par_1_22' title="bbox 1458 2257 2349 2309">
     <span class='ocr_line' id='line_1_73' title="bbox 1458 2257 2349 2309; baseline -0.003 -10"><span class='ocrx_word' id='word_1_467' title='bbox 1458 2268 1552 2299; x_wconf 86' lang='lat' dir='ltr'><strong>Haec</strong></span> <span class='ocrx_word' id='word_1_468' title='bbox 1574 2274 1615 2298; x_wconf 88' lang='lat' dir='ltr'><strong>ne</strong></span> <span class='ocrx_word' id='word_1_469' title='bbox 1634 2259 1800 2297; x_wconf 84' lang='lat' dir='ltr'><strong>ruricolae</strong></span> <span class='ocrx_word' id='word_1_470' title='bbox 1812 2268 2015 2309; x_wconf 84' lang='lat' dir='ltr'><strong>paterentur</strong></span> <span class='ocrx_word' id='word_1_471' title='bbox 2037 2257 2186 2307; x_wconf 82' lang='lat' dir='ltr'><strong>monstra</strong></span> <span class='ocrx_word' id='word_1_472' title='bbox 2196 2258 2349 2307; x_wconf 85' lang='lat' dir='ltr'><strong>salutis;</strong></span> 
     </span>
    </p>

    <p class='ocr_par' dir='ltr' id='par_1_23' title="bbox 1459 2310 2290 2361">
     <span class='ocr_line' id='line_1_74' title="bbox 1459 2310 2290 2361; baseline -0.005 -12"><span class='ocrx_word' id='word_1_473' title='bbox 1459 2312 1534 2361; x_wconf 84' lang='lat' dir='ltr'><strong>Ipsa</strong></span> <span class='ocrx_word' id='word_1_474' title='bbox 1554 2325 1664 2348; x_wconf 86' lang='lat' dir='ltr'><strong>novas</strong></span> <span class='ocrx_word' id='word_1_475' title='bbox 1681 2321 1773 2348; x_wconf 84' lang='lat' dir='ltr'><strong>artes</strong></span> <span class='ocrx_word' id='word_1_476' title='bbox 1791 2313 1896 2347; x_wconf 86' lang='lat' dir='ltr'><strong>varia</strong></span> <span class='ocrx_word' id='word_1_477' title='bbox 1919 2310 2126 2360; x_wconf 80' lang='lat' dir='ltr'><strong>experientia</strong></span> <span class='ocrx_word' id='word_1_478' title='bbox 2149 2324 2266 2346; x_wconf 87' lang='lat' dir='ltr'><strong>rerum</strong></span> <span class='ocrx_word' id='word_1_479' title='bbox 2280 2338 2290 2354; x_wconf 92' lang='lat'><strong>,</strong></span> 
     </span>
    </p>

    <p class='ocr_par' dir='ltr' id='par_1_24' title="bbox 1461 2361 2324 2410">
     <span class='ocr_line' id='line_1_75' title="bbox 1461 2361 2324 2410; baseline -0.001 -11"><span class='ocrx_word' id='word_1_480' title='bbox 1461 2367 1509 2399; x_wconf 86' lang='lat' dir='ltr'><strong>Et</strong></span> <span class='ocrx_word' id='word_1_481' title='bbox 1533 2362 1629 2399; x_wconf 87' lang='lat' dir='ltr'><strong>labor</strong></span> <span class='ocrx_word' id='word_1_482' title='bbox 1659 2361 1799 2408; x_wconf 85' lang='lat' dir='ltr'><strong>ostendit</strong></span> <span class='ocrx_word' id='word_1_483' title='bbox 1822 2362 1975 2410; x_wconf 74' lang='lat' dir='ltr'><strong>miseris,</strong></span> <span class='ocrx_word' id='word_1_484' title='bbox 2003 2366 2146 2408; x_wconf 68' lang='lat' dir='ltr'><strong>ususque</strong></span> <span class='ocrx_word' id='word_1_485' title='bbox 2167 2361 2324 2408; x_wconf 84' lang='lat' dir='ltr'><strong>magister</strong></span> 
     </span>
    </p>

    <p class='ocr_par' dir='ltr' id='par_1_25' title="bbox 1460 2412 2273 2461">
     <span class='ocr_line' id='line_1_76' title="bbox 1460 2412 2273 2461; baseline -0.004 -11"><span class='ocrx_word' id='word_1_486' title='bbox 1460 2412 1623 2450; x_wconf 80' lang='lat' dir='ltr'><strong>Prodidit</strong></span> <span class='ocrx_word' id='word_1_487' title='bbox 1644 2412 1798 2461; x_wconf 85' lang='lat' dir='ltr'><strong>agricolis</strong></span> <span class='ocrx_word' id='word_1_488' title='bbox 1820 2422 1942 2448; x_wconf 85' lang='lat' dir='ltr'><strong>ventos</strong></span> <span class='ocrx_word' id='word_1_489' title='bbox 1962 2412 2079 2459; x_wconf 82' lang='lat' dir='ltr'><strong>sedare</strong></span> <span class='ocrx_word' id='word_1_490' title='bbox 2090 2413 2273 2458; x_wconf 66' lang='lat' dir='ltr'><strong>fluentes,</strong></span> 
     </span>
    </p>

    <p class='ocr_par' dir='ltr' id='par_1_26' title="bbox 1458 2463 2208 2512">
     <span class='ocr_line' id='line_1_77' title="bbox 1458 2463 2208 2512; baseline -0.003 -12"><span class='ocrx_word' id='word_1_491' title='bbox 1458 2467 1506 2500; x_wconf 78' lang='lat' dir='ltr'><strong>Et</strong></span> <span class='ocrx_word' id='word_1_492' title='bbox 1525 2463 1752 2512; x_wconf 76' lang='lat' dir='ltr'><strong>tempestatem</strong></span> <span class='ocrx_word' id='word_1_493' title='bbox 1774 2463 1888 2510; x_wconf 86' lang='lat' dir='ltr'><strong>Tuscis</strong></span> <span class='ocrx_word' id='word_1_494' title='bbox 1907 2474 2062 2498; x_wconf 83' lang='lat' dir='ltr'><strong>avertere</strong></span> <span class='ocrx_word' id='word_1_495' title='bbox 2075 2463 2185 2509; x_wconf 83' lang='lat' dir='ltr'><strong>sacris</strong></span> <span class='ocrx_word' id='word_1_496' title='bbox 2198 2478 2208 2498; x_wconf 93' lang='grc'><strong>.·</strong></span> 
     </span>
    </p>

    <p class='ocr_par' dir='ltr' id='par_1_27' title="bbox 1458 2512 2373 2562">
     <span class='ocr_line' id='line_1_78' title="bbox 1458 2512 2373 2562; baseline 0 -11"><span class='ocrx_word' id='word_1_497' title='bbox 1458 2515 1551 2551; x_wconf 84' lang='lat' dir='ltr'><strong>Hinc</strong></span> <span class='ocrx_word' id='word_1_498' title='bbox 1569 2513 1666 2550; x_wconf 89' lang='lat' dir='ltr'><strong>mala</strong></span> <span class='ocrx_word' id='word_1_499' title='bbox 1684 2512 1833 2562; x_wconf 84' lang='lat' dir='ltr'><strong>Rubigo,</strong></span> <span class='ocrx_word' id='word_1_500' title='bbox 1861 2513 1992 2549; x_wconf 82' lang='lat' dir='ltr'><strong>virides</strong></span> <span class='ocrx_word' id='word_1_501' title='bbox 2018 2526 2058 2549; x_wconf 88' lang='lat' dir='ltr'><strong>ne</strong></span> <span class='ocrx_word' id='word_1_502' title='bbox 2078 2522 2206 2548; x_wconf 85' lang='lat' dir='ltr'><strong>torreat</strong></span> <span class='ocrx_word' id='word_1_503' title='bbox 2229 2513 2373 2559; x_wconf 64' lang='lat' dir='ltr'><strong>herbas,</strong></span> 
     </span>
    </p>

    <p class='ocr_par' dir='ltr' id='par_1_28' title="bbox 1409 2563 2346 2661">
     <span class='ocr_line' id='line_1_79' title="bbox 1459 2563 2296 2613; baseline -0.001 -11"><span class='ocrx_word' id='word_1_504' title='bbox 1459 2564 1631 2613; x_wconf 85' lang='lat' dir='ltr'><strong>Sanguine</strong></span> <span class='ocrx_word' id='word_1_505' title='bbox 1649 2563 1808 2600; x_wconf 63' lang='lat' dir='ltr'><strong>lactentis</strong></span> <span class='ocrx_word' id='word_1_506' title='bbox 1827 2563 1937 2600; x_wconf 85' lang='lat' dir='ltr'><strong>catuli</strong></span> <span class='ocrx_word' id='word_1_507' title='bbox 1951 2563 2114 2611; x_wconf 82' lang='lat' dir='ltr'><strong>placatur</strong></span> <span class='ocrx_word' id='word_1_508' title='bbox 2136 2573 2180 2602; x_wconf 68' lang='grc' dir='ltr'><strong>ω’</strong></span> <span class='ocrx_word' id='word_1_509' title='bbox 2198 2565 2296 2601; x_wconf 80' lang='lat' dir='ltr'><strong>extis.</strong></span> 
     </span>
     <span class='ocr_line' id='line_1_80' title="bbox 1409 2613 2346 2661; baseline -0.007 -5"><span class='ocrx_word' id='word_1_510' title='bbox 1409 2615 1591 2656; x_wconf 53' lang='lat' dir='ltr'><strong>Nenos.</strong></span> <span class='ocrx_word' id='word_1_511' title='bbox 1618 2619 1715 2651; x_wconf 83' lang='lat' dir='ltr'><strong>Exta</strong></span> <span class='ocrx_word' id='word_1_512' title='bbox 1733 2626 1860 2652; x_wconf 83' lang='lat' dir='ltr'><strong>canum</strong></span> <span class='ocrx_word' id='word_1_513' title='bbox 1871 2622 1942 2652; x_wconf 89' lang='lat' dir='ltr'><strong>tres</strong></span> <span class='ocrx_word' id='word_1_514' title='bbox 1960 2614 2062 2657; x_wconf 86' lang='lat' dir='ltr'><strong>libri;</strong></span> <span class='ocrx_word' id='word_1_515' title='bbox 2085 2621 2124 2651; x_wconf 88' lang='lat' dir='ltr'><strong>ut</strong></span> <span class='ocrx_word' id='word_1_516' title='bbox 2145 2614 2240 2651; x_wconf 88' lang='lat' dir='ltr'><strong>lib.1.</strong></span> <span class='ocrx_word' id='word_1_517' title='bbox 2262 2613 2346 2661; x_wconf 74' lang='lat'>389.</span> 
     </span>
    </p>
   </div>
   <div class='ocr_carea' id='block_1_18' title="bbox 1410 2682 2453 2933">
    <p class='ocr_par' dir='ltr' id='par_1_29' title="bbox 1410 2682 2453 2933">
     <span class='ocr_line' id='line_1_81' title="bbox 1461 2682 2452 2735; baseline -0.006 -10"><span class='ocrx_word' id='word_1_518' title='bbox 1461 2699 1547 2735; x_wconf 85' lang='lat'><em>912.</em></span> <span class='ocrx_word' id='word_1_519' title='bbox 1576 2691 1622 2723; x_wconf 85' lang='lat' dir='ltr'><strong>Et</strong></span> <span class='ocrx_word' id='word_1_520' title='bbox 1644 2696 1774 2724; x_wconf 84' lang='lat' dir='ltr'><strong>tremat</strong></span> <span class='ocrx_word' id='word_1_521' title='bbox 1794 2687 1832 2724; x_wconf 85' lang='lat' dir='ltr'><strong>in</strong></span> <span class='ocrx_word' id='word_1_522' title='bbox 1852 2683 2000 2734; x_wconf 61' lang='lat' dir='ltr'><strong>summai</strong></span> <span class='ocrx_word' id='word_1_523' title='bbox 2025 2684 2096 2721; x_wconf 84' lang='lat' dir='ltr'><strong>lene</strong></span> <span class='ocrx_word' id='word_1_524' title='bbox 2120 2695 2279 2718; x_wconf 84' lang='lat' dir='ltr'><strong>cacumen</strong></span> <span class='ocrx_word' id='word_1_525' title='bbox 2302 2682 2452 2733; x_wconf 62' lang='lat' dir='ltr'><strong>huma]</strong></span> 
     </span>
     <span class='ocr_line' id='line_1_82' title="bbox 1411 2734 2451 2775; baseline -0.002 -1"><span class='ocrx_word' id='word_1_526' title='bbox 1411 2743 1526 2774; x_wconf 85' lang='lat' dir='ltr'><strong>Laeve</strong></span> <span class='ocrx_word' id='word_1_527' title='bbox 1545 2749 1710 2774; x_wconf 84' lang='lat' dir='ltr'><strong>cacumen</strong></span> <span class='ocrx_word' id='word_1_528' title='bbox 1727 2738 1888 2775; x_wconf 87' lang='lat' dir='ltr'><strong>omn-ino</strong></span> <span class='ocrx_word' id='word_1_529' title='bbox 1909 2734 2134 2774; x_wconf 88' lang='lat' dir='ltr'><strong>scribendum</strong></span> <span class='ocrx_word' id='word_1_530' title='bbox 2158 2744 2240 2769; x_wconf 87' lang='lat' dir='ltr'><strong>cum</strong></span> <span class='ocrx_word' id='word_1_531' title='bbox 2268 2734 2451 2772; x_wconf 83' lang='lat' dir='ltr'><strong>nonnullis</strong></span> 
     </span>
     <span class='ocr_line' id='line_1_83' title="bbox 1410 2784 2453 2836; baseline -0.003 -11"><span class='ocrx_word' id='word_1_532' title='bbox 1410 2787 1645 2826; x_wconf 84' lang='lat' dir='ltr'><strong>membranis.</strong></span> <span class='ocrx_word' id='word_1_533' title='bbox 1672 2788 1776 2836; x_wconf 90' lang='lat' dir='ltr'><strong>quod</strong></span> <span class='ocrx_word' id='word_1_534' title='bbox 1805 2787 1923 2825; x_wconf 83' lang='lat' dir='ltr'><strong>codex</strong></span> <span class='ocrx_word' id='word_1_535' title='bbox 1950 2795 2041 2822; x_wconf 87' lang='lat' dir='ltr'><strong>unus</strong></span> <span class='ocrx_word' id='word_1_536' title='bbox 2063 2784 2200 2819; x_wconf 87' lang='lat' dir='ltr'><strong>Moreti</strong></span> <span class='ocrx_word' id='word_1_537' title='bbox 2225 2784 2320 2820; x_wconf 63' lang='lat' dir='ltr'><strong>reae</strong></span> <span class='ocrx_word' id='word_1_538' title='bbox 2345 2785 2453 2822; x_wconf 90' lang='lat' dir='ltr'><strong>inter-</strong></span> 
     </span>
     <span class='ocr_line' id='line_1_84' title="bbox 1410 2833 2453 2886; baseline -0.004 -9"><span class='ocrx_word' id='word_1_539' title='bbox 1410 2847 1570 2886; x_wconf 84' lang='lat' dir='ltr'><strong>pretatur</strong></span> <span class='ocrx_word' id='word_1_540' title='bbox 1591 2837 1666 2886; x_wconf 83' lang='lat' dir='ltr'><strong>fine</strong></span> <span class='ocrx_word' id='word_1_541' title='bbox 1696 2837 1860 2886; x_wconf 75' lang='lat' dir='ltr'><strong>rubigine,</strong></span> <span class='ocrx_word' id='word_1_542' title='bbox 1903 2834 1996 2883; x_wconf 83' lang='lat' dir='ltr'><strong>apud</strong></span> <span class='ocrx_word' id='word_1_543' title='bbox 2025 2833 2269 2872; x_wconf 77' lang='lat' dir='ltr'><strong>Claudianum</strong></span> <span class='ocrx_word' id='word_1_544' title='bbox 2304 2844 2453 2884; x_wconf 83' lang='lat' dir='ltr'><strong>quoque</strong></span> 
     </span>
     <span class='ocr_line' id='line_1_85' title="bbox 1411 2883 2289 2933; baseline -0.005 -7"><span class='ocrx_word' id='word_1_545' title='bbox 1411 2889 1515 2928; x_wconf 88' lang='lat' dir='ltr'><strong>Bello</strong></span> <span class='ocrx_word' id='word_1_546' title='bbox 1538 2888 1637 2927; x_wconf 87' lang='lat' dir='ltr'><strong>Gild.</strong></span> <span class='ocrx_word' id='word_1_547' title='bbox 1654 2901 1688 2925; x_wconf 91' lang='lat' dir='ltr'><strong>v.</strong></span> <span class='ocrx_word' id='word_1_548' title='bbox 1712 2901 1796 2933; x_wconf 85' lang='lat'><strong>215.</strong></span> <span class='ocrx_word' id='word_1_549' title='bbox 1824 2886 1955 2933; x_wconf 86' lang='lat' dir='ltr'><strong>opinor</strong></span> <span class='ocrx_word' id='word_1_550' title='bbox 1975 2885 2103 2930; x_wconf 79' lang='lat' dir='ltr'><strong>reponi</strong></span> <span class='ocrx_word' id='word_1_551' title='bbox 2134 2883 2289 2922; x_wconf 79' lang='lat' dir='ltr'><strong>debere:</strong></span> 
     </span>
    </p>
   </div>
   <div class='ocr_carea' id='block_1_19' title="bbox 1463 2948 2311 2999">
    <p class='ocr_par' dir='ltr' id='par_1_30' title="bbox 1463 2948 2311 2999">
     <span class='ocr_line' id='line_1_86' title="bbox 1463 2948 2311 2999; baseline -0.001 -12"><span class='ocrx_word' id='word_1_552' title='bbox 1463 2953 1591 2989; x_wconf 84' lang='lat' dir='ltr'><strong>Laevis</strong></span> <span class='ocrx_word' id='word_1_553' title='bbox 1611 2964 1654 2992; x_wconf 66' lang='grc' dir='ltr'><strong>ω’</strong></span> <span class='ocrx_word' id='word_1_554' title='bbox 1671 2951 1801 2999; x_wconf 73' lang='lat' dir='ltr'><strong>excuffiz</strong></span> <span class='ocrx_word' id='word_1_555' title='bbox 1820 2950 1942 2987; x_wconf 80' lang='lat' dir='ltr'><strong>micuit</strong></span> <span class='ocrx_word' id='word_1_556' title='bbox 1961 2948 2115 2996; x_wconf 78' lang='lat' dir='ltr'><strong>rubigine</strong></span> <span class='ocrx_word' id='word_1_557' title='bbox 2138 2962 2249 2986; x_wconf 84' lang='lat' dir='ltr'><strong>conus.</strong></span> <span class='ocrx_word' id='word_1_558' title='bbox 2308 2952 2311 2955; x_wconf 51' lang='lat'><em>⁴</em></span> 
     </span>
    </p>
   </div>
   <div class='ocr_carea' id='block_1_20' title="bbox 1409 3010 2450 3162">
    <p class='ocr_par' dir='ltr' id='par_1_31' title="bbox 1409 3010 2450 3162">
     <span class='ocr_line' id='line_1_87' title="bbox 1409 3010 2450 3060; baseline -0.003 -11"><span class='ocrx_word' id='word_1_559' title='bbox 1409 3022 1636 3060; x_wconf 85' lang='lat' dir='ltr'><strong>quamquam</strong></span> <span class='ocrx_word' id='word_1_560' title='bbox 1657 3013 1695 3048; x_wconf 92' lang='lat' dir='ltr'><strong>in</strong></span> <span class='ocrx_word' id='word_1_561' title='bbox 1716 3011 1848 3060; x_wconf 80' lang='lat' dir='ltr'><strong>scriptis</strong></span> <span class='ocrx_word' id='word_1_562' title='bbox 1871 3010 2049 3059; x_wconf 82' lang='lat' dir='ltr'><strong>editisque</strong></span> <span class='ocrx_word' id='word_1_563' title='bbox 2064 3039 2072 3053; x_wconf 90' lang='lat'>‚</span> <span class='ocrx_word' id='word_1_564' title='bbox 2101 3022 2194 3059; x_wconf 84' lang='lat' dir='ltr'><strong>quos</strong></span> <span class='ocrx_word' id='word_1_565' title='bbox 2221 3011 2380 3060; x_wconf 83' lang='lat' dir='ltr'><strong>inspexi,</strong></span> <span class='ocrx_word' id='word_1_566' title='bbox 2407 3014 2450 3047; x_wconf 84' lang='lat' dir='ltr'><strong>Et</strong></span> 
     </span>
     <span class='ocr_line' id='line_1_88' title="bbox 1409 3061 2449 3110; baseline 0.001 -13"><span class='ocrx_word' id='word_1_567' title='bbox 1409 3061 1496 3098; x_wconf 86' lang='lat' dir='ltr'><strong>levis</strong></span> <span class='ocrx_word' id='word_1_568' title='bbox 1512 3062 1694 3110; x_wconf 78' lang='lat' dir='ltr'><strong>,leg-atur:</strong></span> <span class='ocrx_word' id='word_1_569' title='bbox 1716 3062 1820 3099; x_wconf 85' lang='lat' dir='ltr'><strong>laeve</strong></span> <span class='ocrx_word' id='word_1_570' title='bbox 1838 3063 1937 3099; x_wconf 89' lang='lat' dir='ltr'><strong>enim</strong></span> <span class='ocrx_word' id='word_1_571' title='bbox 1958 3061 2079 3098; x_wconf 81' lang='lat' dir='ltr'><strong>scabro</strong></span> <span class='ocrx_word' id='word_1_572' title='bbox 2097 3064 2307 3109; x_wconf 84' lang='lat' dir='ltr'><strong>opponitur.</strong></span> <span class='ocrx_word' id='word_1_573' title='bbox 2320 3068 2449 3099; x_wconf 77' lang='lat' dir='ltr'><strong>Laeva-</strong></span> 
     </span>
     <span class='ocr_line' id='line_1_89' title="bbox 1410 3112 2324 3162; baseline 0.003 -13"><span class='ocrx_word' id='word_1_574' title='bbox 1410 3113 1549 3161; x_wconf 82' lang='lat' dir='ltr'><strong>resaxa</strong></span> <span class='ocrx_word' id='word_1_575' title='bbox 1569 3112 1666 3161; x_wconf 89' lang='lat' dir='ltr'><strong>apud</strong></span> <span class='ocrx_word' id='word_1_576' title='bbox 1688 3113 1841 3150; x_wconf 86' lang='lat' dir='ltr'><strong>Statium</strong></span> <span class='ocrx_word' id='word_1_577' title='bbox 1864 3113 1934 3150; x_wconf 89' lang='lat' dir='ltr'><strong>Via</strong></span> <span class='ocrx_word' id='word_1_578' title='bbox 1956 3112 2174 3149; x_wconf 84' lang='lat' dir='ltr'><strong>Domitiana</strong></span> <span class='ocrx_word' id='word_1_579' title='bbox 2201 3114 2252 3155; x_wconf 55' lang='lat' dir='ltr'><strong>&gt;lli</strong></span> <span class='ocrx_word' id='word_1_580' title='bbox 2268 3126 2324 3162; x_wconf 84' lang='lat'><strong>5¹·</strong></span> 
     </span>
    </p>
   </div>
   <div class='ocr_carea' id='block_1_21' title="bbox 1459 3172 2201 3273">
    <p class='ocr_par' dir='ltr' id='par_1_32' title="bbox 1459 3172 2201 3273">
     <span class='ocr_line' id='line_1_90' title="bbox 1461 3172 2201 3222; baseline -0.001 -12"><span class='ocrx_word' id='word_1_581' title='bbox 1461 3173 1511 3210; x_wconf 84' lang='lat' dir='ltr'><strong>Hi</strong></span> <span class='ocrx_word' id='word_1_582' title='bbox 1532 3172 1680 3210; x_wconf 86' lang='lat' dir='ltr'><strong>caedunt</strong></span> <span class='ocrx_word' id='word_1_583' title='bbox 1700 3187 1819 3211; x_wconf 88' lang='lat' dir='ltr'><strong>nemus</strong></span> <span class='ocrx_word' id='word_1_584' title='bbox 1836 3184 2028 3222; x_wconf 81' lang='lat' dir='ltr'><strong>eruuntque</strong></span> <span class='ocrx_word' id='word_1_585' title='bbox 2046 3183 2177 3209; x_wconf 83' lang='lat' dir='ltr'><strong>montes</strong></span> <span class='ocrx_word' id='word_1_586' title='bbox 2190 3201 2201 3218; x_wconf 91' lang='lat'><strong>,</strong></span> 
     </span>
     <span class='ocr_line' id='line_1_91' title="bbox 1459 3223 2151 3273; baseline -0.003 -11"><span class='ocrx_word' id='word_1_587' title='bbox 1459 3223 1507 3262; x_wconf 83' lang='lat' dir='ltr'><strong>Hi</strong></span> <span class='ocrx_word' id='word_1_588' title='bbox 1515 3224 1611 3269; x_wconf 85' lang='lat' dir='ltr'><strong>ferro</strong></span> <span class='ocrx_word' id='word_1_589' title='bbox 1624 3224 1774 3273; x_wconf 85' lang='lat' dir='ltr'><strong>scopulos</strong></span> <span class='ocrx_word' id='word_1_590' title='bbox 1795 3225 1973 3272; x_wconf 84' lang='lat' dir='ltr'><strong>trabesque</strong></span> <span class='ocrx_word' id='word_1_591' title='bbox 1991 3223 2151 3261; x_wconf 78' lang='lat' dir='ltr'><strong>laevam.</strong></span> 
     </span>
    </p>
   </div>
   <div class='ocr_carea' id='block_1_22' title="bbox 1409 3284 2452 3327">
    <p class='ocr_par' dir='ltr' id='par_1_33' title="bbox 1409 3284 2452 3327">
     <span class='ocr_line' id='line_1_92' title="bbox 1409 3284 2452 3327; baseline -0.005 -1"><span class='ocrx_word' id='word_1_592' title='bbox 1409 3287 1466 3327; x_wconf 87' lang='lat' dir='ltr'><strong>Ita</strong></span> <span class='ocrx_word' id='word_1_593' title='bbox 1484 3286 1604 3325; x_wconf 83' lang='lat' dir='ltr'><strong>versus</strong></span> <span class='ocrx_word' id='word_1_594' title='bbox 1624 3285 1677 3324; x_wconf 89' lang='lat' dir='ltr'><strong>isti</strong></span> <span class='ocrx_word' id='word_1_595' title='bbox 1697 3287 1953 3324; x_wconf 81' lang='lat' dir='ltr'><strong>constituendi.</strong></span> <span class='ocrx_word' id='word_1_596' title='bbox 1990 3298 2073 3323; x_wconf 85' lang='lat' dir='ltr'><strong>nam</strong></span> <span class='ocrx_word' id='word_1_597' title='bbox 2108 3287 2144 3321; x_wconf 80' lang='lat' dir='ltr'><strong>jn</strong></span> <span class='ocrx_word' id='word_1_598' title='bbox 2168 3286 2304 3324; x_wconf 86' lang='lat' dir='ltr'><strong>vetusta</strong></span> <span class='ocrx_word' id='word_1_599' title='bbox 2323 3284 2452 3323; x_wconf 63' lang='lat' dir='ltr'><strong>editio-⁴</strong></span> 
     </span>
    </p>
   </div>
   <div class='ocr_carea' id='block_1_23' title="bbox 1409 3337 2451 3433">
    <p class='ocr_par' dir='ltr' id='par_1_34' title="bbox 1409 3337 2451 3433">
     <span class='ocr_line' id='line_1_93' title="bbox 1409 3337 2451 3423; baseline -0.012 -44"><span class='ocrx_word' id='word_1_600' title='bbox 1409 3349 1482 3387; x_wconf 82' lang='lat' dir='ltr'><strong>ne,</strong></span> <span class='ocrx_word' id='word_1_601' title='bbox 1509 3348 1606 3390; x_wconf 81' lang='lat' dir='ltr'><strong>quae</strong></span> <span class='ocrx_word' id='word_1_602' title='bbox 1624 3337 1775 3377; x_wconf 87' lang='lat' dir='ltr'><strong>Parmae</strong></span> <span class='ocrx_word' id='word_1_603' title='bbox 1795 3337 1928 3388; x_wconf 80' lang='lat' dir='ltr'><strong>prodiit</strong></span> <span class='ocrx_word' id='word_1_604' title='bbox 1951 3349 2050 3376; x_wconf 85' lang='lat' dir='ltr'><strong>anno</strong></span> <span class='ocrx_word' id='word_1_605' title='bbox 2077 3348 2355 3423; x_wconf 54' lang='lat' dir='ltr'><strong>nicccctxxmb</strong></span> <span class='ocrx_word' id='word_1_606' title='bbox 2377 3345 2451 3370; x_wconf 85' lang='lat' dir='ltr'><strong>tra-</strong></span> 
     </span>
     <span class='ocr_line' id='line_1_94' title="bbox 2357 3394 2448 3433; baseline -0.033 -11"><span class='ocrx_word' id='word_1_607' title='bbox 2357 3394 2448 3433; x_wconf 60' lang='lat' dir='ltr'><strong>&amp;qul</strong></span> 
     </span>
    </p>
   </div>
  </div>
 </body>
</html>
