2495 3675
158 170 271 236 886
674 164 1219 226 P.OVIDII

1291 160 1828 223 NASONIS

462 269 679 343 Perque
703 284 787 327 tot
813 288 1073 326 annorum
1100 268 1320 330 seriem,
1357 280 1492 342 quot
1521 269 1775 326 habemus
1801 285 2058 349 uterque,

529 345 656 401 Non
685 347 840 409 mihi,

876 360 1037 415 quam
1064 341 1214 396 fratri
1240 340 1431 407 frater,
1471 359 1644 400 amate
1669 345 1859 400 minus

466 416 560 474 Tu
589 419 758 475 bonus
781 420 1025 473 hortator
1044 458 1056 477 ‚
1098 428 1156 469 tu
1182 414 1403 487 duxque
1428 434 1719 491 comesque
1746 418 1887 476 fuisti
1902 455 1920 485 ,

542 493 686 547 Cum
713 505 957 560 regerem
983 489 1167 542 tenera
1190 487 1338 543 frena
1363 491 1569 545 novella
1595 509 1774 546 manu.

319 583 390 634 25
468 564 637 637 Saepe
663 580 766 633 ego
794 562 1009 616 correxi
1036 561 1128 615 sub
1155 575 1208 615 te
1237 561 1456 617 censore
1483 563 1718 628 libellos;

538 639 703 708 Saepe
730 635 825 689 tibi
850 634 1133 689 admonitu
1157 633 1291 689 fasta
1317 635 1472 690 litura
1496 653 1620 692 meo
1645 638 1749 693 est:

471 711 707 781 Dignam
734 707 1001 763 Maeoniis
1029 708 1324 763 Phaeacida
1350 709 1589 766 condere
1617 712 1810 769 chartis

546 783 692 837 Cum
717 795 771 837 te
798 781 1038 836 Pierides
1062 782 1395 854 perdocuere
1434 797 1570 839 tuae.

470 855 586 912 Hic
613 871 798 919 tenor,
838 855 969 910 haec
996 855 1152 909 viridi
1182 855 1474 911 concordia
1501 871 1694 932 coepta
1727 862 1951 933 juventa

327 948 395 997 30

548 929 717 983 Venit
742 929 809 983 ad
838 928 1072 983 albentes
1097 929 1387 983 illabefaRa
1415 948 1612 986 comas.

465 1003 625 1076 Quae
654 1001 746 1056 nisi
773 1015 824 1057 te
854 1014 1136 1062 moveant,
1175 1002 1316 1056 duro
1342 1003 1437 1056 tihi
1465 1004 1680 1073 peff'cora
1704 1006 1852 1063 ferro

545 1074 693 1138 Effe,
731 1076 816 1129 vel
844 1074 1041 1130 invielo
1067 1076 1236 1129 clausa
1261 1077 1542 1129 adamante
1567 1090 1769 1148 putem.

480 1149 588 1205 Sed
617 1149 761 1220 prius
787 1148 911 1202 huic
937 1147 1106 1202 desint
1138 1149 1192 1201 &
1221 1148 1417 1203 bellurn
1444 1149 1491 1202 ἃ
1524 1149 1722 1222 frigora
1749 1165 1949 1219 terrae,

553 1222 751 1277 Invisus
779 1220 931 1275 nobis
959 1239 1097 1294 quae
1122 1222 1235 1274 duo
1260 1221 1466 1276 Pontus
1496 1222 1690 1286 habet;

324 1315 391 1368 35
465 1295 538 1351 Et
563 1294 776 1366 tepidus
805 1294 1030 1358 Boreas,
1072 1293 1127 1347 δε
1153 1294 1213 1347 fit
1238 1294 1592 1367 praefrigidus
1620 1297 1842 1365 Auster,

551 1367 622 1422 Et
649 1365 808 1438 poffit
832 1366 1000 1422 fatum
1030 1367 1238 1422 mollius
1264 1367 1368 1422 effe
1398 1386 1611 1432 meum;

477 1442 658 1516 Quam
688 1454 777 1494 tua
804 1438 902 1494 sint
926 1440 1068 1512 lapso
1095 1441 1410 1511 praecordia
1438 1442 1572 1496 dura
1597 1443 1776 1499 sodali.

557 1515 670 1569 Hic
697 1514 940 1568 cumulus
968 1513 1155 1568 nostris
1187 1514 1342 1578 abfit‚
1380 1514 1658 1589 abestque,
1695 1518 1860 1574 malis.

473 1589 568 1644 Tu
598 1587 765 1641 modo
795 1604 888 1658 per
913 1587 1175 1659 SuperOS,
1214 1605 1447 1670 quorum
1474 1590 1793 1646 certiffimus
1821 1594 1907 1652 ille
1932 1600 2035 1664 est,

331 1668 405 1735 '40

189 1927 264 1967 lare
288 1926 325 1965 in
348 1925 510 1965 carmine
533 1935 610 1962 non
641 1922 784 1974 poss'um
808 1952 818 1969 ,
854 1932 939 1962 utor
973 1923 1072 1961 notis
1090 1924 1240 1972 quibus-

190 1990 338 2028 cunque
357 1986 510 2027 potero‚
540 1976 637 2012 unde
676 1975 854 2023 intelligar
885 1984 920 2012 te
945 1973 1166 2021 significasse.
1195 1975 1239 2012 Id

191 2031 295 2078 quod
324 2029 440 2067 statim
471 2027 598 2075 Elegia
619 2026 661 2063 ab
692 2026 759 2063 hac
788 2026 892 2063 tertia
920 2025 1096 2074 sequente
1125 2025 1238 2071 facit,

191 2081 251 2118 ubi
274 2082 345 2118 ait:

243 2155 335 2187 Haec
361 2148 427 2186 tibi
455 2147 649 2185 mittuntur
671 2175 680 2193 ‚
720 2159 820 2200 quem
844 2151 925 2197 sum
963 2149 1061 2187 modo
1082 2150 1237 2189 carmine

393 2215 430 2236 tte
462 2214 498 2236 us
512 2227 521 2243 ‚

264 2278 269 2282 .
307 2215 388 2287 Nori
406 2200 527 2300 assoeitum
549 2251 700 2288 numeris
730 2264 851 2288 namen
873 2249 996 2290 habere
1013 2253 1106 2292 meis.

191 2313 372 2353 Micrtt.
401 2318 628 2366 Quumque
646 2315 743 2352 modo
765 2327 867 2353 unus.

246 2391 307 2429 23.
334 2384 384 2416 Tu
404 2379 582 2431 duxque]
616 2378 709 2417 Mihi
729 2378 868 2429 duxque
891 2378 1005 2419 Servii
1029 2381 1065 2420 ὅ(
1081 2382 1188 2422 Leid.

247 2453 309 2494 25.
338 2442 473 2494 Saepe]
506 2448 634 2491 Nempe
656 2443 809 2480 Moreti.

248 2513 310 2550 26.
337 2509 578 2560 Admonita]
616 2514 654 2546 A
675 2508 811 2546 monitu
833 2509 939 2556 prim.
959 2507 1026 2545 Ed.
1046 2509 1100 2546 tus·
1120 2509 1241 2545 admo-

200 2564 278 2601 nitu
301 2566 404 2611 fac'la
435 2562 546 2599 litura
575 2574 652 2598 mea
682 2561 725 2607 esi
755 2560 854 2598 Serv.
882 2560 972 2597 mihi
991 2562 1126 2598 monitu
1140 2562 1242 2608 facia

201 2615 310 2652 litura
331 2626 388 2651 tuo
428 2614 465 2652 P.
492 2613 593 2652 Dan.

250 2685 311 2719 27.
340 2673 495 2722 Dignam
520 2670 690 2709 Maeoniis
701 2669 900 2708 Phaeacida
922 2670 1060 2707 condere
1082 2665 1243 2716 chartis.]

204 2724 292 2762 Non
314 2725 361 2762 est
393 2727 441 2761 ita
475 2722 708 2762 materialiter
737 2720 1002 2769 exponendum
1028 2749 1037 2765 ‚
1077 2721 1248 2757 Maeoniis

203 2775 356 2820 chartis,
384 2774 484 2823 quasi
505 2775 624 2818 dicat,
651 2772 760 2811 simili
784 2773 905 2809 charta
927 2771 1149 2810 scribendam
1174 2771 1244 2809 else

202 2827 379 2865 Tuticani
399 2826 635 2864 Phaeacidam
660 2826 691 2861 ei
708 2851 718 2868 ,
746 2835 818 2873 qua
840 2823 1030 2861 Homerus
1054 2824 1132 2861 usus
1153 2824 1241 2860 fuit:

205 2879 291 2925 quid
315 2879 412 2915 enim
434 2877 459 2914 1'1
490 2878 568 2914 talis
599 2877 697 2914 nulla
724 2884 804 2913 tum
835 2874 973 2923 reliqua
1005 2872 1158 2912 fuisset?
1186 2873 1246 2912 sed

203 2928 457 2973 συνεκδοχικῶς
473 2956 482 2973 ,
512 2937 572 2965 aut
593 2939 655 2975 per
676 2926 950 2976 metonymiam
971 2925 1246 2974 accipiendum,

206 2987 248 3015 ut
272 2978 416 3026 dignam
437 2981 568 3016 chartis
583 2979 743 3015 Homeri
770 2985 905 3020 vocet,
933 2977 1243 3025 qnaepoffitcum

205 3028 371 3066 Homeri
399 3030 531 3077 scriptis
560 3027 775 3077 comparari.
808 3028 1128 3077 quemadmodum
1157 3028 1248 3065 <lici-

206 3090 313 3123 mus‚
342 3081 551 3116 orationem
572 3081 737 3118 olentem
764 3079 1024 3116 Demosthenis
1043 3079 1248 3123 lucernam,

209 3142 289 3168 non
303 3141 397 3179 quae
417 3131 461 3167 ad
481 3131 578 3167 idem
604 3131 690 3168 illud
717 3131 844 3168 oleum
872 3130 1097 3167 Atheniense
1119 3129 1246 3179 scripta

210 3183 346 3226 fuerit,
373 3181 433 3218 sed
463 3192 557 3228 quae
585 3180 688 3218 slmlli
719 3181 837 3219 studio
861 3192 903 3218 ac
933 3181 1118 3229 diligentia
1140 3192 1248 3218 com·

214 3234 330 3282 posita
359 3232 412 3270 fit.
440 3231 616 3268 chrtt.
647 3232 801 3278 Dignam
829 3244 874 3269 ex
893 3231 1027 3279 scriptis
1050 3232 1247 3269 nonnullis.

214 3287 251 3321 ὅ(
267 3283 414 3321 Pierides
436 3293 516 3319 tuae
531 3308 541 3325 ,
563 3292 628 3328 pro
654 3286 796 3323 Deaeex
817 3282 955 3322 Mureti
970 3283 1074 3324 libro,
1104 3283 1248 3324 Herus,

212 3336 441 3389 fraedqcejere
457 3333 565 3384 prims
582 3331 679 3374 Edit,

553 1661 684 1735 Quo
709 1673 829 1717 tuus
854 1659 1071 1717 adfidue
1095 1659 1347 1737 Prinmpe
1373 1662 1543 1718 crevit
1570 1663 1777 1728 honor;

2202 1799 2342 1858 Effi-·

1296 1939 1408 2016 MS30.
1436 1927 1501 1965 Ad
1517 1927 1708 1982 albentes.]
1741 1938 1781 1970 In
1802 1932 1955 1973 albentes
1972 1934 2119 1983 Junian.
2141 1940 2178 1979 δί
2203 1941 2339 1984 Bersm.

1315 2054 1317 2056 -
1348 2042 1402 2077 32.
1435 2030 1567 2067 Invic'io
1593 2031 1709 2083 clausa
1729 2034 1923 2073 adamante
1936 2039 2086 2090 putem]
2120 2042 2219 2082 Libri
2241 2057 2340 2084 non-

1293 2081 1380 2119 nulli
1407 2090 1571 2126 veteres,
1599 2085 1714 2121 invito
1734 2113 1743 2129 ‚
1783 2088 1819 2124 ὅ(
1844 2088 1981 2125 invecto
2005 2091 2209 2133 adamante.
2240 2097 2338 2135 unde

1293 2132 1363 2169 fuit
1383 2145 1465 2170 cum
1488 2134 1628 2170 inducto
1649 2136 1843 2174 adamante
1861 2139 2044 2179 censerem
2067 2143 2137 2182 effe
2157 2158 2343 2196 reponen-

1293 2182 1381 2222 dum
1407 2211 1418 2229 ,
1447 2196 1488 2221 ea
1512 2184 1777 2233 significatione
1792 2217 1801 2232 ,
1828 2191 1979 2237 qualib.
1999 2205 2079 2230 xw.
2101 2197 2196 2235 Met.
2333 2189 2342 2196 ⁸

1602 2253 1803 2304 calidusque
1822 2256 1837 2291 'e
1858 2265 1986 2303 corpore
2001 2260 2145 2307 sanguis

1349 2299 1492 2338 Indm‘lo
1509 2301 1638 2349 pallore
1650 2306 1756 2353 fugit.

1296 2367 1451 2404 InduHis
1469 2368 1615 2405 nubibus
1640 2382 1722 2405 atra
1738 2369 1807 2406 dies
1826 2372 1863 2407 in
1886 2369 1999 2409 ibide.
2027 2372 2064 2409 &
2086 2373 2231 2412 indum
2251 2379 2340 2417 nube

1296 2419 1365 2455 dies
1390 2421 1562 2475 premitur
1588 2420 1695 2457 Tvt'st.
1716 2434 1744 2462 1.
1778 2421 1863 2468 eleg
1896 2434 1983 2458 vul.
2010 2422 2194 2462 inductum
2213 2441 2340 2478 aequor

1297 2470 1437 2506 harenis
1459 2471 1551 2508 Met.
1574 2484 1624 2508 xx.
1645 2472 1831 2508 induciam
1850 2477 2007 2509 cornibus
2026 2487 2155 2512 aurum
2182 2479 2342 2518 Metam.

1299 2533 1371 2558 vix.
1392 2534 1486 2570 quae
1505 2523 1576 2559 illic
1603 2535 1685 2559 vera
1707 2523 1831 2560 lectio.
1855 2524 1891 2561 ἃ
1912 2524 1970 2561 lib.
1991 2536 2079 2564 viu.
2099 2527 2243 2566 indum
2261 2544 2342 2567 con—

1301 2572 1337 2608 di
1363 2573 1561 2621 praecordia
1594 2573 1702 2611 terni.
1731 2574 1814 2611 vide
1845 2575 1945 2623 plura
1969 2578 2066 2614 not-is
2093 2578 2137 2615 ad
2156 2580 2252 2619 Met.
2283 2594 2341 2623 lv„

1299 2624 1354 2667 fis.
1373 2628 1462 2672 405.
1482 2625 1543 2662 lib.
1565 2632 1618 2662 ix.

1354 2691 1523 2734 contegat
1543 2685 1705 2722 indueras
1726 2684 1910 2722 morientia
1931 2685 2069 2724 Iumina
2088 2698 2215 2729 cortex.

1304 2749 1374 2798 Ep.
1394 2761 1464 2787 v11.

1350 2815 1433 2846 Uror
1445 2837 1456 2853 ‚
1484 2819 1522 2846 ut
1543 2808 1682 2846 indum
1701 2819 1834 2847 ceratae
1843 2810 1982 2860 sulfure
1999 2813 2131 2851 taedae.

1301 2873 1464 2910 Inducere
1495 2873 1637 2922 pedibus
1668 2874 1914 2911 calceamenta.
1960 2875 2004 2912 de
2042 2887 2120 2925 quo
2155 2877 2343 2916 Salmasius

1302 2925 1347 2961 ad
1380 2924 1532 2961 l’allium
1567 2924 1801 2962 Tertulliani.
1865 2926 1976 2962 Nunc
2004 2934 2129 2964 tamen
2159 2929 2339 2977 vulgatam

1301 2975 1512 3023 scripturam
1546 2987 1622 3012 non
1659 2974 1730 3012 effe
1766 2976 1981 3013 mutandam
2021 2977 2168 3026 opinor.
2216 2988 2255 3015 ut
2293 2978 2345 3015 al-

1303 3026 1425 3063 luserit
1461 3026 1582 3063 noster
1617 3026 1661 3063 ad
1690 3026 1869 3064 Graecam
1912 3029 2094 3077 originem
2130 3028 2346 3069 adamantis.

1304 3080 1510 3124 mansurum
1542 3077 1770 3114 adamantem
1807 3078 1899 3116 dixit
1932 3080 2150 3116 Claudianus
2179 3079 2271 3116 libro
2300 3092 2344 3119 11.

1302 3128 1348 3165 de
1386 3128 1493 3165 laude
1531 3128 1725 3165 Stiliconis.
1761 3129 1857 3177 apud
1893 3129 1982 3167 alios
2018 3128 2150 3164 Poetas
2186 3131 2343 3176 perennis

1300 3179 1449 3215 adamas
1492 3190 1777 3228 nonnumquam
1816 3180 1986 3217 occurrit.
2028 3180 2226 3226 quomodo
2265 3182 2344 3218 Sta-

1299 3230 1369 3266 tius
1398 3229 1521 3267 Theb.
1554 3242 1626 3267 vir.
1674 3232 1816 3267 Solinus
1848 3239 1924 3274 cap.
1956 3239 2040 3265 xxx.
2088 3229 2134 3266 de
2173 3230 2341 3279 Hyacin-

1303 3280 1370 3316 tho
1390 3280 1509 3329 lapide
1534 3293 1541 3316 :
1580 3293 1638 3316 nec
1665 3291 1784 3316 tamen
1809 3280 1944 3325 penitus
1970 3279 2125 3316 invib‘t'us
2155 3281 2212 3327 est.
2257 3295 2343 3319 nam

1303 3330 1496 3383 adamante
1514 3330 1692 3381 scriblam
1729 3327 1830 3367 idem
1863 3340 1938 3378 cap.
1962 3341 2110 3370 xxxvn.
2146 3331 2344 3370 chalazias

2245 3382 2345 3433 duri·
