2495 3675
224 166 332 217 ‘754

734 149 796 206 P.
873 148 1298 208 OVIDII
1369 145 1903 210 NASONIS

525 241 603 299 Di
628 244 724 301 tibi
749 247 880 303 dent
906 251 1094 304 annos!
1139 250 1167 301 a
1191 259 1246 300 te
1271 261 1394 299 nam
1419 256 1604 300 cetera
1624 245 1837 312 sumes3

599 319 715 375 Sint
752 321 921 376 modo
955 321 1138 374 virtuti
1165 330 1408 391 tempora
1430 319 1588 391 longa
1614 333 1751 376 tuae.

387 406 453 459 55
526 391 696 465 Quod
726 413 918 466 precor
943 394 1173 447 eveniet.
1210 392 1329 446 sunt
1356 392 1612 463 quiddam
1643 397 1854 450 oracula
1878 407 2074 456 vatum.

450 475 452 477 ’
600 466 738 522 Nam
767 468 915 520 Deus
940 467 1144 534 optanti
1175 466 1423 536 prospera
1448 465 1587 537 signa
1614 468 1784 523 dedit.

529 539 621 594 Te
652 556 869 610 quoque
893 536 1154 593 viciorem
1182 538 1437 610 Tarpejas
1464 540 1719 595 scandere
1743 541 1800 596 in
1822 560 1966 600 arces

601 611 769 664 Laeta
795 613 1065 665 coronatis
1091 611 1268 667 Roma
1296 612 1500 666 videbit
1528 615 1695 686 equis,

529 682 884 756 Maturosque
908 684 1068 740 Pater
1091 686 1197 740 nati
1227 684 1476 757 speci-abit
1504 686 1763 752 honoreS,

383 759 452 809 60

600 755 812 810 Gaudia
841 760 1168 829 percipienS,
1209 777 1346 832 quae
1375 758 1527 813 dedit
1555 760 1662 831 ipse
1689 762 1804 816 suis,

520 827 636 897 Jam
664 846 805 883 nunc
834 830 964 886 haec
991 834 1018 885 a
1046 850 1160 894 me,
1194 833 1450 901 juvenum
1481 832 1728 906 belloque
1758 833 1994 907 togaque

600 901 871 967 Maxime,
911 905 1048 958 dicta
1081 906 1174 959 tibi
1203 905 1518 959 vaticinante
1542 921 1684 960 nota.

527 973 699 1029 Hunc
726 993 946 1048 quoque
972 978 1292 1033 carminibus
1321 977 1547 1033 referam
1572 979 1787 1035 fortasse
1812 981 2170 1056 triumphum:

599 1046 846 1103 Sufficiet
871 1050 1059 1106 nostris
1087 1051 1124 1106 fi
1151 1051 1320 1106 modo
1345 1051 1452 1105 vita
1480 1052 1641 1106 malis,

386 1123 451 1188 65
525 1119 775 1175 Imbuero
804 1122 1075 1198 Scythicas
1101 1124 1136 1179 si
1165 1143 1273 1180 non
1304 1125 1446 1195 prius
1473 1124 1580 1195 ipse
1602 1125 1838 1196 sagittas:

599 1195 1001 1271 Abstuleritque
1029 1198 1189 1253 ferox
1216 1199 1321 1252 hoc
1347 1211 1506 1268 caput
1533 1197 1654 1252 ense
1681 1197 1870 1255 Getes,

530 1266 701 1339 Quod
727 1269 761 1322 fi
787 1308 802 1333 ‚
840 1288 928 1324 me
954 1271 1093 1325 salvo
1110 1311 1124 1335 ‚
1150 1271 1362 1325 dabitur
1387 1269 1483 1324 tibi
1508 1270 1680 1327 laurea
1708 1271 1951 1345 templi83

602 1340 800 1397 Omina
828 1343 907 1399 bis
934 1344 1081 1399 dices
1108 1362 1231 1399 vera
1255 1342 1405 1399 fuisse
1433 1360 1566 1399 mea.

232 1604 390 1655 praelata
419 1600 534 1641 fuiss‘e.
569 1602 828 1649 Interpretatio
852 1603 1022 1642 Merulae
1045 1603 1168 1642 minus
1190 1614 1284 1642 con-

233 1656 409 1699 veniens,
438 1653 704 1704 qui,deceptus
731 1654 828 1692 libris
851 1656 1030 1702 corruptis
1051 1655 1132 1693 fuit.
1160 1654 1283 1694 Fam.

235 1705 307 1755 Effe
327 1706 472 1744 Merula
491 1705 600 1754 legit,
616 1707 652 1742 ὃ(
673 1704 723 1741 ita
744 1705 926 1745 editiones
943 1706 1155 1745 nonnullae.

288 1778 349 1816 51.
376 1773 446 1803 Nec
466 1765 605 1816 muri.]
638 1771 718 1802 Non
738 1767 834 1804 muri
855 1769 927 1806 Ms-
950 1766 1089 1807 Bersm.

293 1845 353 1883 52·
381 1830 558 1880 Ingenio.]
589 1835 644 1867 Ex
661 1829 771 1879 pofitu
799 1832 950 1869 Putean.

290 1910 349 1947 54.
377 1894 547 1945 Virtuti.]
580 1896 727 1933 Virtutis
748 1897 863 1934 Servii
886 1895 1019 1934 codex.

289 1975 349 2012 ςς.
377 1959 564 2010 Eveniet.]
614 1960 767 1998 Eveniat
796 1961 951 1999 Putean.
983 1961 1023 1998 δε
1045 1959 1175 2000 Servii.
1196 1973 1283 2012 quae

233 2022 289 2064 pr.
307 2012 467 2050 evenient
490 2011 578 2050 duo.
598 2014 766 2050 eveniant
787 2021 962 2061 quatuor.

292 2091 352 2127 ςς,
379 2084 467 2115 Sunt
490 2078 663 2128 quaedam
684 2077 824 2115 oracula
845 2076 1015 2125 vatum]
1045 2077 1205 2125 Repone
1224 2075 1284 2114 vel

238 2128 314 2168 fine
334 2129 551 2167 auetoritate
573 2137 740 2167 veterum
762 2130 935 2166 librorum
954 2157 963 2172 ,
984 2127 1073 2177 sunt
1095 2127 1281 2177 quiddam.

238 2181 314 2218 hoc
331 2180 401 2222 est,
429 2180 508 2218 sunt
539 2179 688 2228 aliquid.
725 2179 826 2218 Vide
859 2180 978 2217 Notas
1004 2183 1084 2216 Art.
1107 2180 1279 2216 Amator.

236 2231 298 2269 lib.
320 2243 383 2268 111.
409 2230 462 2273 iss.
486 2242 568 2279 755.
596 2232 768 2278 proximo
792 2230 895 2268 versu
916 2242 982 2278 pro
1007 2237 1103 2266 Nam
1128 2230 1251 2267 malim
1268 2257 1278 2273 ,

238 2282 346 2328 Jam.
367 2281 511 2319 Herus.
549 2285 594 2316 Et
622 2287 710 2318 Deus
731 2282 838 2330 prim.
859 2281 957 2330 Edit.
978 2281 1015 2317 δε
1040 2282 1160 2329 Marg.
1180 2280 1280 2318 Bers-

239 2333 379 2370 manni.
399 2332 502 2380 quod
521 2331 655 2380 placuit
676 2332 889 2370 Electorum
914 2331 1086 2370 Etonens.
1116 2332 1282 2369 Aueiori.

238 2383 409 2432 quiddam
423 2384 533 2420 etiam
550 2383 790 2426 Heumanno¹
804 2384 839 2421 in
864 2383 1021 2433 Parergis
1034 2382 1284 2432 Criticis.sunt

241 2433 340 2484 longa
358 2434 511 2483 pericula
533 2445 663 2471 vatum
684 2436 833 2472 Putean.

299 2509 358 2542 57.
389 2496 550 2544 Tarpeias
569 2495 728 2542 scandere
753 2497 793 2533 in
821 2496 950 2546 αντη]
990 2497 1155 2534 Scandere
1176 2507 1288 2534 turres

241 2548 405 2596 quinque
428 2555 582 2584 veteres.
618 2546 752 2592 Forte,
779 2558 885 2597 rupes.
904 2549 1070 2597 Propert.
1097 2559 1258 2585 iv.1v.1.

295 2612 476 2659 Tarpeium
498 2621 619 2645 nemus
635 2636 644 2651 ,
656 2619 698 2649 <9¹
711 2611 853 2658 Tarpeia
871 2609 909 2647 in
930 2619 1010 2660 rupe
1021 2609 1252 2660 sepulchrum.

245 2673 301 2710 Ita
328 2673 471 2722 legebat
509 2684 638 2721 parens
669 2683 774 2710 meus
795 2700 806 2718 ,
846 2685 921 2711 non
946 2701 959 2718 ,
1008 2675 1151 2723 Tarpeia
1178 2681 1285 2723 turpe.

244 2723 387 2762 Hiems.
413 2724 522 2772 Prop.
544 2735 638 2761 1V.1.
668 2735 703 2770 7.

300 2790 521 2837 Tarpejusque
542 2798 641 2833 pater
657 2788 753 2825 nuda
774 2787 816 2825 do
835 2798 915 2838 rupe
932 2788 1091 2829 tonabat.

246 2841 438 2878 Aueron.
459 2838 586 2875 Eron.
609 2839 757 2877 Emer.

299 2906 358 2954 58.
386 2910 493 2941 Laeta
514 2906 682 2942 coronatis
704 2912 810 2944 Roma
840 2909 975 2947 videbit
1001 2909 1132 2961 equia]
1186 2910 1284 2951 Vide

245 2968 341 3007 quae
363 2956 491 2992 notavi
511 2955 636 3004 Elegia
658 2968 704 2993 11.
722 2957 781 2996 lib.
803 2971 856 2999 ιν.
887 2961 996 2999 Trist.
1020 2963 1191 3001 emma.

246 3076 280 3115 E
300 3038 359 3112 φῖ).
387 3029 612 3073 Maturosque
645 3025 821 3078 honores.]
879 3029 937 3068 Sic
971 3031 1105 3071 Horat.
1134 3032 1195 3072 lib.
1227 3044 1285 3072 11.

322 3084 330 3112 ι
350 3104 359 3112 .

246 3087 473 3217 Ερὲναεβηνί
492 3124 556 3162 tibi
575 3136 729 3166 maturos
754 3129 925 3180 largimur
945 3130 1096 3173 honores.

282 3189 415 3218 xorem.

2262 1472 2389 1532 Em-

1997 1605 2101 1645 Libri
2118 1613 2285 1655 veteres,
2311 1610 2391 1661 ipsi.

1341 1655 1510 1693 emma.
1538 1655 1592 1694 Ita
1613 1657 1651 1693 δὲ
1674 1657 1838 1706 plerique
1855 1657 2023 1702 codices;
2054 1671 2159 1708 usque
2178 1660 2323 1705 Junian.
2345 1665 2386 1702 &

1340 1707 1416 1806 ἓξὲξ)
1431 1707 1532 1795 31:31OE
1530 1707 1664 1796 {audia
1677 1709 1878 1758 prospiciens
1891 1708 1998 1747 Leid.
2022 1710 2229 1760 praecipiens
2247 1711 2387 1753 Excer-

1392 1809 1454 1845 61.
1482 1809 1578 1854 Jam
1599 1822 1692 1846 nunc
1720 1810 1842 1862 haec.]
1896 1809 2059 1851 Duriora
2087 1811 2179 1852 haec
2216 1815 2385 1855 emollire

1340 1858 1489 1903 liceret,
1517 1858 1543 1895 fi
1562 1860 1766 1908 legeretur,

1389 1927 1486 1972 Jam
1513 1938 1634 1966 tamen
1662 1929 1745 1967 haec
1765 1944 1787 1968 a
1809 1945 1876 1969 me.

1338 2002 1431 2028 mox
1447 2020 1457 2036 ,
1478 1994 1702 2032 vaticinante
1717 2005 1806 2046 puta
1825 1999 1971 2046 Junian.
1992 2000 2031 2039 δε
2053 2009 2213 2050 quatuor
2236 2004 2306 2043 alii.

1389 2051 1449 2100 63.
1478 2058 1580 2090 Hunc
1600 2055 1772 2105 quoque.]
1837 2064 1940 2095 Hunc
1968 2072 2021 2107 ego
2053 2060 2126 2099 Ms.
2146 2060 2282 2101 Bersm.
2302 2074 2382 2103 tum

1339 2104 1487 2148 referam
1515 2106 1722 2157 quandoque
1747 2109 1891 2147 nostrae
1911 2110 2161 2151 membranae.
2177 2113 2381 2153 videndum

1337 2164 1382 2190 an
1420 2154 1514 2192 bene
1545 2157 1724 2205 conjungi
1754 2161 1898 2207 poffint.
1951 2161 2130 2199 Auesson
2170 2163 2379 2204 Ειεετοκ.

1338 2204 1466 2241 ΕτοΝ.
1504 2205 1546 2242 In
1574 2207 1758 2253 Juniarm,
1786 2216 1921 2259 qique,
1948 2213 2052 2259 quod
2075 2213 2254 2261 ll-Ieinfius
2273 2225 2381 2254 nota-

1336 2254 1395 2291 bat
1418 2253 1488 2292 effe
1502 2284 1512 2300 ,
1531 2258 1758 2309 quandoque,
1774 2261 1987 2308 &placebat
2007 2264 2263 2312 praefortalle3
2295 2279 2382 2314 pro·

1338 2306 1452 2394 fmittit
1473 2308 1572 2364 enim
1592 2321 1670 2347 non
1691 2309 1898 2349 dubitanter
1916 2314 2077 2350 carmina
2091 2341 2102 2357 ,
2130 2314 2154 2351 si
2178 2315 2296 2354 modo
2308 2316 2383 2356 suf-

1368 2365 1438 2395 ciet
1464 2367 1548 2395 vita.
1596 2370 1601 2376 ·

1391 2407 1452 2457 64.
1481 2409 1677 2459 Sufficiat.]
1707 2411 1854 2460 sufficiet
1876 2414 2059 2452 meliores.
2091 2415 2232 2454 Hsms.
2278 2419 2380 2458 Nam

1344 2459 1478 2496 Noster
1499 2461 1551 2499 his
1572 2462 1753 2510 particulis
1773 2491 1783 2506 ,
1811 2462 1848 2511 si
1877 2464 1975 2501 modo
1995 2493 2006 2509 ‚
2035 2465 2276 2506 indicativum
2296 2482 2380 2508 mo-

1343 2509 1432 2548 dum
1452 2510 1666 2561 subjungere
1694 2523 1805 2552 amat.
1825 2515 1900 2553 vid.
1921 2515 2012 2564 supr.
2030 2515 2092 2554 lib.
2112 2530 2139 2554 1.
2159 2530 2192 2556 x.
2217 2528 2276 2568 39.
2300 2533 2380 2560 xvx.

1343 2560 1453 2609 Epist.
1472 2564 1560 2610 295.
1597 2564 1852 2614 &moxEleg.
1873 2565 1946 2616 seq.
1959 2565 2224 2616 48.&videbis
2250 2573 2381 2610 incon·

1340 2610 1506 2650 stantiam
1529 2613 1683 2653 Heinsu'.

1392 2678 1456 2726 65.
1488 2679 1644 2718 Imbuero
1670 2683 1848 2733 Scythicas
1868 2685 2060 2735 sagitta5.]
2119 2689 2262 2727 induero
2290 2691 2381 2729 Lei-¹

1341 2727 1470 2768 denfis.
1511 2731 1675 2770 Inducere
1696 2737 1832 2783 penora
1861 2736 1936 2773 telis
1961 2737 2069 2774 habes
2099 2738 2234 2778 Amor.
2251 2741 2311 2779 lib.
2332 2754 2379 2780 11.

1340 2779 1445 2830 Eleg.
1463 2793 1499 2820 x.
1526 2782 1671 2822 Heius.
1702 2792 1783 2822 Non
1798 2787 1891 2835 prior
1912 2787 1997 2824 edit.
2019 2789 2124 2834 prim.

1392 2834 1451 2877 67.
1479 2833 1635 2870 Dabitur
1660 2846 1724 2873 tua
1752 2838 1871 2874 laurea
1901 2837 2074 2889 templi5.]

1393 1603 1456 1642 60.
1486 1605 1590 1652 Qae
1612 1604 1710 1644 dedit
1726 1615 1808 1643 ante
1822 1605 1943 1656 suia]

2134 2842 2288 2879 Dabitur
2313 2842 2380 2880 tibi

1341 2883 1558 2922 concinnius
1578 2886 1683 2924 multi
1713 2900 1758 2925 ex
1776 2889 1932 2936 scriptis:
1963 2887 1981 2926 a
2003 2898 2062 2934 te,
2092 2894 2150 2930 vel
2171 2906 2233 2940 per
2249 2902 2286 2930 te
2314 2892 2379 2930 da-

1341 2933 1450 2973 bitur.
1480 2936 1626 2975 Hnms.
1655 2938 1775 2976 Gloria
1793 2939 1944 2977 Putean.
1967 2942 2004 2977 ὅ(
2027 2942 2188 2980 Leid.an
2207 2955 2275 2992 pro
2294 2943 2379 2981 ado-

1342 2995 1428 3024 rea?

1393 3036 1453 3074 68.
1481 3037 1611 3074 Omina
1632 3039 1723 3091 his.]
1753 3042 1813 3080 Sic
1831 3042 1943 3081 iidem
1967 3042 2045 3080 libri
2066 3055 2174 3087 vere:
2205 3053 2243 3082 ut
2266 3046 2304 3082 δε
2323 3050 2381 3084 re-⁴

1341 3087 1399 3125 Cte
1418 3087 1675 3137 interpretatur
1702 3094 1844 3131 Merula
1865 3122 1873 3135 .
1912 3095 1948 3130 in
1983 3094 2119 3131 excusis
2152 3104 2274 3133 autem
2297 3099 2381 3146 qui-

1340 3138 1490 3176 busdam
1525 3141 1597 3184 est,
1627 3143 1758 3181 omnia.
1788 3145 1955 3181 Crofm.
2010 3143 2063 3181 Ita
2091 3147 2128 3181 &
2164 3146 2209 3181 Gv
2232 3147 2381 3187 Canter.

1342 3189 1482 3229 Novar.
1497 3190 1600 3230 [πᾶ.
1614 3204 1641 3231 1.
1662 3193 1696 3232 8.
1724 3194 1882 3232 carmina
1893 3192 2046 3233 Putean.
2068 3196 2188 3235 &tres
2207 3198 2279 3236 alii.

2230 3387 2261 3416 ι.
2288 3382 2391 3416 Υιπεέ
