2495 3675
231 161 334 217 470
751 115 1304 185 P.OV1D11

536 234 730 293 Navita
749 271 763 296 ‚
792 223 1058 285 confessus
1083 220 1264 293 gelido
1287 215 1486 286 pallore
1506 213 1760 294 timorem
1776 253 1792 278 ,

748 303 983 375 sequitur
1011 296 1233 354 vifflxm,
1271 306 1381 345 non
1405 300 1542 357 regit
1574 299 1937 349 arte‚ratem,

536 383 723 453 thue
749 392 934 449 parum
960 371 1159 423 validus
1188 381 1298 419 non
1323 359 1656 433 proficientia
1684 358 1859 413 re6³tor

766 450 860 504 'eis
885 443 1088 516 rigidae
1114 439 1261 494 frena
1287 432 1511 490 remittit
1537 449 1710 505 equo:

612 456 776 508 Cervl

410 554 464 602 15
542 531 627 586 Sic
656 543 764 581 non
794 535 904 593 quo
929 515 1097 569 voluit
1116 549 1131 574 ,
1169 510 1258 565 sed
1285 525 1396 579 quo
1426 505 1558 578 rapit
1585 507 1820 578 impetus
1846 503 2050 574 undae,

619 598 877 666 Aurigam
904 588 1066 645 video
1088 586 1202 641 vela
1229 579 1428 636 dediffe
1456 581 1571 634 rati.

542 672 711 749 Quod
739 667 830 722 nili
857 676 1084 717 mutatas
1107 655 1336 714 emiserit
1365 652 1555 708 AEolus
1579 671 1757 716 auras;

617 754 671 800 ln
702 744 817 797 loca
840 736 943 807 jam
969 734 1122 790 nobis
1149 747 1259 786 non
1284 725 1531 782 adeunda
1555 726 1707 780 ferar.

546 822 688 876 Nam
713 811 903 886 procul
927 807 1111 882 Illyriis
1134 805 1283 859 laeva
1311 800 1380 855 de
1405 814 1554 871 parte
1581 797 1773 855 relitPtis
1791 839 1807 865 ‚

616 882 907 947 interdieta
932 881 1061 936 mihi
1083 877 1327 933 cernitur
1351 873 1509 927 ltalia.

544 963 763 1024 Des1nat
788 959 842 1013 in
867 956 1058 1010 vetitas
1083 948 1280 1026 quaeso
1307 944 1640 1001 contendere
1679 959 1880 1011 terras,

616 1039 689 1094 Et
716 1046 933 1088 mecum
963 1042 1159 1100 magno
1184 1035 1363 1097 pareat
1391 1036 1515 1075 aura
1540 1018 1682 1073 Deo,

396 919 468 954 20

253 1263 292 1305 in
329 1273 405 1311 quo
441 1268 553 1296 naves
583 1251 801 1291 fabricantur
821 1273 831 1289 ‚
868 1242 1066 1281 textrinum
1110 1237 1308 1295 dicebatur.

256 1315 387 1354 austor
413 1312 557 1349 Servius
587 1307 625 1343 in
651 1299 788 1341 schedis
815 1295 984 1334 nondum
1018 1290 1182 1340 vulgans.
1235 1289 1309 1326 Im·

257 1368 365 1405 nius:

314 1432 409 1469 Idem
429 1435 566 1473 campus
586 1419 688 1458 habet
710 1415 908 1455 textrinum
928 1409 1080 1449 navibus
1098 1406 1217 1457 longis.

257 1495 350 1533 Hoc
369 1493 419 1531 est
435 1520 446 1538 ,
472 1488 672 1532 νκυπήγιον.
696 1485 746 1520 τὰ
767 1480 841 1528 ὕφη
863 1480 941 1521 νεῶς
960 1476 1052 1515 dixit
1075 1470 1311 1512 Archimelus

256 1551 371 1596 poeta
391 1546 426 1581 in
447 1551 580 1582 navem
606 1535 805 1575 Hieronis:

307 1603 442 1649 Ἄςρων
461 1604 533 1650 ’γὰρ
557 1599 660 1643 ψαύει
680 1594 859 1641 καρχήσια
873 1620 883 1636 ,
913 1592 976 1627 καὶ
996 1588 1225 1633 τριελίκτους

365 1658 536 1698 &asponae
557 1651 731 1697 μεγάλων
751 1645 855 1688 ἐντὸς
877 1643 958 1690 ἔχει
978 1641 1105 1688 ἑφέωυ.

259 1716 362 1757 Male
382 1716 483 1754 enim
504 1711 601 1762 apud
623 1710 859 1749 Athenaeum
883 1706 1027 1754 νεφέων.
1044 1702 1229 1743 Ovidius:

317 1778 463 1817 Texitur
481 1788 524 1818 (15¹
546 1774 637 1821 costis
651 1772 772 1824 panda
797 1771 916 1809 carina
928 1770 1019 1818 ficis.

264 1840 394 1882 Silius:

318 1906 539 1946 Flumineam
563 1900 675 1950 texit,
707 1914 776 1953 qua
799 1898 1012 1939 transvehat
1039 1897 1206 1948 agmina,
1234 1894 1320 1946 clas-

437 1959 525 2005 sem.

263 2019 435 2058 Cmrm.
462 2017 551 2057 Vid.
571 2016 619 2055 ad
639 2028 718 2055 xxv.
742 2016 838 2054 Met.
861 2026 946 2065 531.
974 2012 1128 2062 transtra
1148 2012 1207 2050 hic
1224 2011 1314 2050 Lei-

262 2071 631 2171 degsisbulstflridore
651 2116 850 2169 rudentes]
879 2117 1005 2166 Elegia
1027 2129 1062 2154 x.

318 2195 425 2227 Nunc
446 2201 578 2238 quoque
599 2186 749 2223 contenti
764 2185 914 2232 strident
936 2183 1293 2233 Aquilonerudentes.

265 2255 440 2292 crona.
469 2250 620 2286 Strtdere
640 2248 798 2285 omniuo
821 2244 1049 2283 scribendum
1075 2271 1085 2285 ,
1114 2243 1167 2280 uti
1187 2239 1320 2278 dofris-

264 2305 360 2344 fimo
384 2302 547 2340 Daumio
572 2299 686 2337 videri
709 2298 887 2335 Graevius
918 2296 1038 2332 noller
1065 2306 1127 2330 me
1160 2292 1320 2329 monuit.

265 2357 358 2394 nihil
379 2355 510 2392 certius
531 2352 623 2388 infra
647 2350 747 2398 hleg.
771 2362 805 2385 x.
844 2344 1179 2392 Contentistridunt
1203 2343 1320 2393 Aqui-

266 2407 342 2444 lone
360 2405 533 2442 rudentes.
561 2403 708 2439 Herus.

322 2469 380 2496 ¹2.
409 2455 502 2500 Jam
521 2454 679 2504 sequitur
700 2451 815 2487 vibius
828 2477 838 2492 ‚
867 2461 935 2484 non
954 2446 1040 2496 regit
1057 2455 1135 2482 arte
1149 2443 1315 2494 ,ratem.]

267 2509 403 2546 vietam
425 2505 557 2544 refiius
577 2505 694 2552 legas,
725 2500 791 2538 nifi
811 2499 973 2551 sequitur
993 2497 1085 2535 votis
1109 2498 1318 2546 praeferen-

264 2561 355 2599 dum
380 2567 494 2608 putas.
523 2566 563 2593 ut
583 2554 672 2593 Fast.
695 2565 759 2591 ur.

447 2636 505 2659 nec
517 2623 597 2671 jam
619 2619 813 2656 moderator
833 2613 978 2653 habenis

317 2675 459 2718 Utitur,
488 2684 526 2710 at
548 2671 651 2708 votis.
682 2680 808 2691 ·-···-·

269 2742 309 2780 δε
328 2743 420 2779 iufra
443 2742 543 2790 Eleg.
558 2753 592 2778 x.

323 2812 610 2861 Ipse'gubernator
625 2838 634 2853 ‚
658 2806 778 2845 tollens
799 2805 847 2841 ad
860 2803 974 2853 sidera
987 2803 1140 2853 palmas,⁴

379 2863 530 2909 Expes'cit
551 2861 663 2904 votis,
689 2859 871 2895 immemor
890 2855 977 2892 artis
992 2882 1003 2901 ,
1030 2865 1133 2905 opem.

268 2932 346 2969 'duo
366 2926 529 2973 antiqui,
551 2923 691 2973 fletEus.
718 2933 788 2960 tres
809 2951 819 2965 ‚
858 2932 992 2958 ventos.
1025 2920 1183 2958 totidem
1200 2947 1210 2964 ‚
1234 2917 1318 2968 geli-

271 2983 312 3020 do
333 2978 484 3030 pallore,
511 2987 586 3011 nou
611 2975 761 3021 gelidum
781 2973 953 3020 superiori
975 2971 1092 3009 versu.
1120 2972 1262 3008 i-izms.

325 3043 381 3070 12·
411 3025 628 3073 Proficicmia
649 3022 793 3069 retiam]
826 3023 932 3058 l'iflor
955 3022 1058 3060 multi
1073 3031 1228 3060 veteres.
1246 3022 1318 3060 Vi-

269 3086 316 3124 de
337 3083 454 3119 Notas
480 3077 574 3113 Artis
606 3075 665 3111 lib.
685 3085 747 3110 ω.
777 3076 813 3110 ὃ(
837 3073 889 3114 ss.
912 3085 994 3120 554¹.
1034 3073 1179 3111 Heius.
1232 3073 1318 3110 Imo

269 3137 376 3175 reflor
405 3125 637 3166 retnenduzn
685 3126 786 3160 aliter
813 3123 909 3159 nulla
939 3123 987 3159 est
1016 3124 1202 3171 oppositio
1224 3126 1320 3162 inter

268 3186 428 3232 aurigam
451 3176 614 3225 sequenti
638 3174 790 3212 disticho
809 3202 817 3215 ,
847 3175 884 3209 &t
909 3175 1081 3210 rectorem.
1104 3177 1209 3211 rector
1228 3187 1320 3214 vero

269 3239 319 3277 est
339 3247 416 3273 vox
439 3230 583 3277 utrique
608 3225 833 3263 conveniens
850 3252 859 3267 ‚
886 3225 948 3271 qui
973 3236 1087 3270 equos
1109 3234 1170 3261 aut
1184 3238 1322 3272 currus,

266 3290 307 3329 &
329 3294 463 3327 navem
483 3280 586 3329 regit.
624 3278 674 3316 ita
696 3286 762 3326 pro
794 3275 896 3314 navis
919 3274 1166 3324 gubernatore
1189 3277 1322 3317 Noster

1378 110 1951 172 NASONIS*

2264 1097 2414 1158 Dum

1370 1242 1422 1270 11.
1442 1231 1540 1288 Met.
1564 1229 1647 1268 186.
1683 1230 1722 1269 δε
1744 1242 1797 1269 vr.
1826 1242 1910 1282 232.
1947 1243 2014 1282 pro
2046 1233 2172 1284 equite
2200 1234 2292 1275 sumi
2317 1238 2416 1278 reete

1366 1283 1495 1339 docuit
1516 1281 1571 1320 Cl.
1594 1282 1874 1321 Drakenborch.
1894 1283 1938 1322 ad
1961 1284 2128 1323 Sil.xv11.
2155 1287 2235 1334 138.
2265 1288 2326 1328 ubi
2340 1291 2438 1338 plu--

1366 1334 1460 1391 ribus
1481 1334 1519 1371 ὅ(
1553 1332 1696 1390 erudite
1728 1333 1774 1371 de
1802 1334 2022 1374 confusione
2052 1336 2186 1375 horum
2217 1341 2416 1381 nominum

1365 1393 1450 1442 agit.
1478 1397 1640 1433 aurigam
1658 1395 1749 1422 vero
1769 1396 1836 1434 pro
1857 1386 2102 1433 gubernatore
2128 1390 2230 1427 navis
2251 1393 2341 1438 poni
2363 1403 2419 1430 ra-

1364 1436 1506 1492 riusn&
1533 1435 1746 1475 insolentius
1766 1436 1827 1474 est.
1856 1436 1917 1476 sed
1945 1436 2048 1487 quod
2079 1449 2124 1476 ex
2154 1440 2288 1479 eodem
2314 1444 2421 1482 fonte

1366 1486 1498 1531 fluxit,
1539 1499 1791 1544 quo-currum
1814 1499 1881 1537 pro
1911 1500 2028 1533 nave,
2059 1502 2191 1527 currere
2218 1503 2286 1540 pro
2315 1495 2423 1532 navi·
2452 1483 2470 1514 1¹

1365 1550 1450 1595 gare
1471 1537 1660 1594 &similia
1683 1548 1825 1578 veteres
1853 1539 2050 1585 dixerunt,
2079 1550 2119 1579 ut
2136 1542 2217 1590 jam
2240 1544 2348 1582 toties
2369 1546 2424 1584 vi-
2451 1562 2458 1571 ¹
2486 1570 2488 1576 ›

1367 1601 1395 1627 ri
1420 1589 1521 1628 doeh
1542 1589 1792 1628 observarunt.
1838 1591 1929 1629 Non
1953 1600 2078 1630 tamen
2100 1593 2204 1630 nullo
2224 1606 2424 1642 praeeunte

1369 1641 1529 1679 Ovidius
1551 1641 1712 1690 aurigam
1736 1641 1850 1689 dixin
1877 1643 1927 1680 ita
1941 1671 1950 1686 ,
1973 1651 2012 1680 ut
2032 1652 2139 1681 notat
2159 1645 2306 1684 Voffius
2321 1675 2330 1690 ‚
2359 1647 2424 1688 lib.
2446 1640 2460 1678 3'

1367 1704 1421 1731 ιν.
1442 1692 1525 1731 Inst.
1560 1693 1664 1730 Orat.
1685 1704 1768 1740 cap.
1786 1704 1839 1730 VI.
1859 1694 2020 1743 Antiqui
2039 1694 2178 1734 Poetae
2193 1697 2360 1744 versum,
2487 1701 2489 1707 '

1424 1760 1456 1791 Τ
1453 1754 1560 1804 iphyn
1579 1754 1743 1803 aurigam
1765 1755 1882 1792 celeres
1892 1757 2002 1804 fecere
2022 1757 2162 1794 carinae
2175 1786 2185 1802 ‚
2457 1774 2461 1791 τ

1373 1805 1584 1855 producunt
1604 1804 1916 1845 Charifiuslib.1r.
1935 1819 2015 1856 pag.
2037 1820 2121 1858 243.
2158 1810 2339 1850 Diomed.
2361 1812 2424 1852 lib.
2461 1808 2463 1817 ‘

1379 1869 1435 1894 11.
1459 1869 1539 1907 pag.
1558 1869 1643 1905 45¹·
1672 1858 1710 1895 &
1737 1857 1907 1897 Donatus
1927 1858 1973 1896 de
1996 1858 2224 1910 Tropispag.
2246 1864 2427 1911 1775.ubi
2460 1896 2462 1899 v
2490 1895 2491 1898 η

1373 1908 1596 1956 legendum
1627 1907 1741 1946 celeris
1760 1909 1921 1947 carinae:
1951 1921 2035 1948 nam
2056 1910 2224 1961 intelligit
2246 1914 2351 1963 Argo
2363 1926 2429 1954 na-

1372 1972 1470 1998 vem.
1486 1959 1532 1998 Et
1546 1959 1902 1999 Diomedesibidem
1923 1970 2049 1999 contra
2064 1963 2346 2012 ‚gubernatorem
2357 1978 2426 2017 pro
2494 1963 2495 1967 ¹

1372 2012 1495 2061 auriga
1518 2011 1589 2049 dici
1611 2012 1741 2060 probat
1767 2023 1811 2049 ex
1833 2011 1907 2050 alio
1933 2012 2065 2058 versu,

1432 2079 1593 2123 Cumque
1607 2072 1819 2121 gubernator
1840 2086 1964 2123 magno
1984 2073 2143 2123 contorsit
2163 2089 2257 2126 equo.

1372 2138 1433 2177 ubi
1456 2136 1655 2187 legendum
1668 2137 1740 2179 est.
1755 2150 1885 2186 magna
1907 2137 2065 2187 contorsst
2086 2152 2214 2185 equum
2238 2139 2280 2176 vi
2289 2155 2300 2183 ;
2330 2152 2426 2190 quae

1373 2190 1503 2227 ultima
1531 2188 1668 2226 vocula
1689 2189 1835 2236 abrepta
1863 2188 1977 2226 versui
1998 2188 2135 2226 transiit
2153 2189 2188 2226 in
2209 2190 2426 2240 sequentem

1376 2240 1443 2278 hic.
1471 2240 1509 2278 &
1528 2240 1576 2277 ita
1599 2240 1685 2276 citat
1706 2238 1886 2287 Quineiil.
1904 2239 1962 2276 lib.
1986 2250 2077 2276 vm.
2099 2250 2177 2288 cap.
2189 2243 2222 2279 6.
2251 2243 2310 2279 ubi
2330 2245 2428 2292 ejus-

1377 2292 1462 2330 dem
1495 2290 1734 2338 metaphorae
1759 2289 1855 2326 aliud
1874 2301 1919 2326 ex
1951 2289 2112 2338 Virgilio
2136 2302 2187 2328 vr.
2223 2291 2375 2332 AEneid.
2397 2307 2427 2334 1.

1378 2341 1590 2391 exemplum
1605 2341 1744 2390 promit
1759 2368 1768 2384 ,
1790 2338 1946 2391 claffique
1968 2339 2138 2378 immittit
2157 2341 2320 2382 habenas.
2337 2347 2375 2383 &
2387 2354 2427 2384 ut

1367 2396 1476 2442 frena
1505 2393 1678 2430 remittere
1707 2391 1840 2429 Noster
1869 2392 1930 2429 hic
1949 2390 1995 2429 de
2018 2403 2143 2441 equo,
2172 2395 2221 2432 ita
2249 2395 2296 2433 de
2316 2398 2429 2444 navi,

1376 2446 1527 2483 11.Met.
1550 2444 1630 2482 186.
1658 2445 1695 2481 &
1718 2442 1846 2480 limilia
1870 2443 1932 2479 ὅσοι
1953 2442 2057 2484 κόνις.
2082 2442 2217 2484 Euam.
2453 2450 2458 2454 ‘

1429 2509 1487 2544 14.
1517 2493 1698 2544 Rigidae.]
1730 2493 1849 2542 Rigida
1868 2495 2004 2542 Regius
2027 2495 2064 2531 ὃς
2087 2495 2187 2533 alius.

1430 2560 1488 2597 15.
1512 2546 1616 2596 Rapit
1634 2543 1810 2595 impetus]
1841 2545 1966 2581 Trahit
1988 2545 2105 2583 Voffii
2127 2547 2164 2584 ὅ(
2187 2546 2263 2586 duo
2277 2548 2346 2586 alii.
2363 2549 2427 2597 sed

1373 2599 1457 2649 quia
1480 2598 1631 2635 Moreti.
1659 2609 1749 2634 mox
1763 2595 1828 2643 sed
1839 2595 1904 2645 nisi
1918 2595 2088 2634 Bernens.
2109 2598 2146 2635 ὃς
2160 2609 2252 2636 unus
2272 2600 2429 2642 Heinfii.

1374 2649 1496 2688 AEolus
1514 2648 1591 2684 alas
1612 2648 1742 2685 Voffii.
1759 2647 1941 2695 immiserit
1962 2649 2072 2685 etiam
2094 2647 2182 2686 duo.

1433 2711 1489 2747 ¹9·
1518 2699 1664 2747 Illyricis
1683 2699 1786 2735 laeva
1807 2699 1849 2735 de
1863 2708 1964 2747 parte
1978 2697 2136 2747 reunia]
2167 2700 2427 2748 Scribendum,
2472 2723 2474 2725 >

1374 2749 1506 2798 Illyrici
1522 2750 1643 2787 relicti.
1693 2750 1868 2798 Illyricum
1891 2749 2007 2797 regio.
2025 2748 2072 2786 de
2091 2760 2168 2798 quo
2189 2751 2232 2789 ad
2255 2752 2429 2792 Claudia-

1373 2814 1480 2840 num.
1508 2801 1750 2849 Tanaquillus
1783 2800 1907 2838 Faber.
1926 2801 1992 2847 Ep.
2012 2799 2072 2837 lib.
2095 2812 2121 2837 1.
2144 2813 2259 2840 xxm.
2298 2804 2428 2854 Illyriis

1375 2852 1501 2891 relictis
1528 2851 1627 2900 legit.
1649 2850 1697 2888 sic
1724 2851 1819 2900 apud
1850 2850 2082 2898 Propertium
2117 2854 2285 2904 11.Eleg.
2309 2867 2367 2905 13.

1428 2917 1498 2955 Dic
1515 2915 1606 2953 alias
1625 2917 1752 2953 iterum
1771 2916 1915 2964 naviget
1937 2919 2089 2968 Illyrias.

1375 2977 1522 3032 Hiems.
1537 2978 1666 3015 Ethoc
1676 2977 1818 3015 reorum
1834 2986 1948 3026 puto:
1965 2988 2004 3017 ut
2016 2982 2114 3019 enim
2129 2983 2328 3034 Hispaniae,
2341 2987 2427 3025 Gal-

1375 3027 1466 3072 liae,
1496 3029 1568 3065 &c.
1597 3029 1645 3065 ita
1666 3029 1704 3065 &
1728 3028 1866 3076 Illyriae
1883 3029 2108 3069 dicebantur.

1429 3090 1491 3136 32.
1519 3083 1565 3114 Et
1585 3092 1718 3115 mecum
1739 3092 1862 3128 magno
1877 3090 2000 3129 pareat
2019 3082 2116 3118 unda
2139 3085 2249 3136 Deo.]
2291 3087 2425 3128 Voluit

1378 3141 1478 3168 enim
1500 3129 1632 3166 Caesar
1652 3142 1714 3168 me
1738 3131 1772 3167 in
1797 3131 1982 3178 Scythiam
2006 3132 2203 3179 proficisci,
2235 3139 2273 3175 δε
2295 3139 2330 3176 in
2354 3139 2426 3177 Ita-

1375 3181 1460 3219 liam
1486 3192 1563 3218 non
1594 3180 1724 3219 redire.
1772 3181 1896 3229 Cupio
1927 3181 2036 3229 igitur
2065 3195 2136 3233 ego
2169 3187 2328 3227 Ovidius
2348 3216 2361 3234 ,
2386 3191 2426 3228 &

1382 3231 1536 3276 Caesar,
1566 3242 1677 3280 quem
1711 3231 1952 3268 vehementer
1972 3234 2090 3274 timeo
2110 3264 2122 3282 ‚
2154 3237 2260 3287 jubet
2276 3241 2316 3279 in
2338 3240 2427 3290 Scy-

1381 3282 1499 3322 thiam
1518 3282 1724 3332 pervenire.
1744 3281 1846 3331 supra
1865 3282 1968 3332 Eleg.
1990 3295 2037 3324 11.

2357 3342 2433 3386 Eat-2·
