2495 3675
413 130 1392 243 -FASTORUM
1500 175 1804 239 L1n.I.

2134 186 2200 251 67

355 270 358 273 Ι
442 301 686 374 Eptimus
718 300 840 354 hinc
864 295 1058 374 Oriens
1083 307 1207 345 cum
1233 289 1286 345 se
1312 289 1585 345 demiserit
1607 291 1796 360 undis;

351 304 435 440 S
513 373 756 446 Fulgebit
781 383 900 423 toto
917 383 1025 436 Jam
1050 364 1195 445 Lyra
1218 364 1357 418 nulla
1384 365 1528 434 polo.

211 454 315 520 655
441 449 590 502 Idere
615 448 677 499 ab
705 445 836 504 hoc,
873 439 1008 510 ignis
1034 437 1271 518 venienti
1296 436 1456 492 nocte
1486 437 1701 518 Leonis·

353 458 437 587 S
513 518 620 591 Qui
647 514 806 569 micat
831 515 887 567 in
911 510 1093 566 med1o
1119 507 1369 580 pectore,
1407 510 1603 565 mersus
1628 523 1746 564 erit.

485 593 571 647 ER
594 601 781 660 quater
806 583 983 639 evolvi
1008 582 1265 654 signantes
1291 595 1532 654 tempora
1556 581 1766 646 Fastos;

348 595 482 732 T
554 662 671 717 Nec
697 657 1000 713 Sementiva
1023 656 1097 710 est
1123 656 1224 710 ulla
1248 668 1455 728 reperta
1479 655 1617 712 dies:

63 897 282 935 occurrunt,
309 898 403 937 quae
423 885 528 925 Festo
557 884 636 922 sunt
657 880 880 919 sementinae.
909 879 947 917 &
974 878 1047 917 illic
1065 879 1104 935 in

65 943 206 982 duobus
225 940 408 978 codicibus
429 936 671 975 bibliothecae
699 930 908 974 Leidenfis,
937 936 1105 987 Sementt-

66 1007 144 1030 vae.
168 990 363 1041 quomodo
386 990 423 1026 in
445 986 616 1025 Varronis
633 994 785 1034 quoque
807 993 848 1019 ac
868 982 1020 1038 Catonis
1042 992 1106 1038 ex-

66 1041 279 1091 emplaribus
299 1040 432 1087 scriptis
448 1037 584 1075 exstare
604 1042 735 1072 monet
763 1032 1106 1089 PetrusVietorius.

67 1093 152 1132 hinc
175 1092 212 1129 δε
239 1091 316 1141 pira
337 1088 536 1140 sementiva
564 1086 701 1124 Catoni
732 1096 774 1122 ac
802 1083 923 1122 Plinio
956 1083 1016 1121 hb.
1043 1094 1106 1120 xv.

66 1152 107 1181 ut
127 1141 223 1180 retste
251 1142 329 1180 libri
353 1150 492 1178 veteres
514 1166 524 1184 ‚
561 1139 598 1175 ὃς
621 1139 806 1183 frumenta
827 1133 1026 1183 sementiva
1053 1134 1105 1171 ei·
1132 1178 1135 1180 ,

68 1194 154 1231 dem
177 1192 294 1230 Plinio
319 1191 377 1229 lib,
397 1202 512 1229 xv111.
532 1199 609 1236 cap.
628 1198 663 1232 7.
708 1184 906 1241 vasr0.¹¹b.⁴
931 1198 964 1221 v.
993 1185 1038 1240 L
1060 1184 1105 1220 L.

68 1242 281 1281 sementinae
291 1241 403 1289 feriae
417 1269 426 1286 ,
454 1240 522 1278 dies
543 1238 571 1276 is
585 1266 595 1283 ,
623 1236 719 1286 quia
740 1234 959 1282 Pontificibus
979 1235 1105 1278 diceus,

66 1292 254 1342 appellatus
273 1292 298 1329 a
318 1298 470 1329 semente
492 1319 501 1335 ‚
534 1289 623 1340 quod
643 1287 790 1325 Sationis
810 1285 914 1342 causei
929 1286 1106 1341 susceptae.

69 1343 212 1386 Scribe,
241 1344 455 1380 Sementivae
467 1341 599 1388 feriae,
628 1339 696 1375 dies
725 1337 778 1381 is,
804 1348 864 1383 qut
889 1335 915 1373 a
936 1335 1108 1391 Pontifici-

68 1394 130 1431 bus
147 1393 315 1430 indicitur
329 1421 339 1437 ‚
353 1392 541 1442 appellatae
558 1389 582 1427 ιὶ
595 1392 756 1437 semente.
781 1386 949 1423 indicitur
966 1397 1002 1422 in
1018 1385 1110 1440 Var-

71 1455 162 1483 rone
191 1443 418 1482 scribendum
453 1440 523 1479 effe
561 1452 605 1478 ex
628 1440 702 1477 hoc
735 1437 890 1475 Nasonis
915 1436 1001 1473 loco
1031 1435 1109 1473 satis

69 1502 229 1543 apparet.
272 1492 489 1530 sementivae
528 1501 678 1540 quoque
718 1487 887 1525 dicuntur
914 1485 1108 1524 Macrobio

69 1546 130 1583 lib.
153 1557 178 1581 1.
206 1544 278 1581 Sat.
309 1544 345 1580 in
371 1543 568 1580 veterrimo
600 1539 728 1578 codice
758 1536 1015 1585 Neapolitano.
1045 1549 1110 1574 an-

71 1594 288 1643 tiquiffimus
311 1593 400 1631 liber
419 1590 648 1630 columellae
670 1618 681 1634 ,
718 1588 781 1638 qui
802 1588 973 1626 Lutetiae
990 1587 1034 1625 ad
1060 1588 1109 1626 D.

73 1643 464 1683 Germaniadservatur
486 1643 531 1680 L.
559 1641 673 1678 IVNI
702 1638 995 1676 MODERATI
1018 1639 1112 1677 CO-

75 1694 372 1734 LVMELLAE
400 1693 485 1731 REI
524 1689 792 1730 RVST1CAE
829 1689 983 1727 LIBER
1010 1691 1112 1728 PRi-

77 1745 188 1783 MUS
223 1744 501 1782 EXPLICIT:
550 1742 749 1780 INCIPIT
784 1739 819 1778 II
857 1741 1113 1779 SEMENTI-

77 1796 178 1833 VVS
215 1795 368 1833 LIBER
404 1793 680 1833 SECVNDVS
725 1791 873 1830 HAEC
917 1792 1112 1831 CONTI-

77 1845 202 1884 NET.
235 1845 332 1884 idem
370 1846 490 1884 codex
528 1845 634 1882 initio
664 1843 755 1881 librii
783 1843 879 1881 tertii
918 1844 963 1881 L.
996 1844 1111 1882 IVNI

76 1896 366 1934 MODERATI
404 1893 782 1934 COLVMELLAE
819 1893 906 1930 REI
935 1895 1113 1933 RVSTI-

79 1947 184 1984 CAE
209 1947 362 1985 LIBER
382 1946 419 1985 11
441 1944 784 1985 SEMENTIVVS
812 1944 1029 1984 INCIPIT.
1042 1955 1112 1984 tres

77 1997 267 2045 sequentes
286 1998 364 2035 libri
385 1998 422 2035 in
443 1996 578 2035 eodem
600 1996 728 2034 codice
766 1995 1112 2035 SVRCVLARES

74 2048 324 2086 inscribuntur.
360 2048 577 2085 sementivae
609 2055 733 2085 autem
765 2045 884 2083 dictae
904 2058 923 2084 a
951 2051 1115 2086 Semente.

81 2097 215 2136 Cicero
239 2098 382 2136 Catone
404 2099 556 2146 majore.
584 2109 662 2146 cap.
683 2109 744 2134 xv.
772 2098 873 2145 {Luae
895 2110 971 2133 cum
988 2098 1116 2147 gremio

76 2148 193 2186 molito
213 2162 252 2186 ac
267 2149 408 2195 subaffo
420 2150 608 2196 sementem
627 2149 766 2196 excepit.
779 2147 826 2183 iic
839 2148 1000 2194 optimus
1013 2161 1118 2187 meus

77 2199 210 2238 codex.
228 2199 360 2249 vulgo,
390 2199 545 2245 mollito,
573 2200 751 2248 &semem
775 2198 918 2235 Heius.

129 2263 214 2301 660.
242 2267 278 2298 A
291 2261 425 2312 fastis]
471 2267 510 2299 A
523 2262 644 2312 saevis
664 2262 816 2299 Putean.
835 2262 935 2299 alter.
963 2261 1001 2299 in
1019 2262 1120 2310 fastis

75 2312 245 2362 Excerpt.
265 2313 422 2350 Kloekh.

128 2379 210 2415 661.
236 2378 288 2415 Sic
310 2388 452 2428 tempore
472 2377 602 2428 certo.]
651 2378 785 2416 Semen
817 2377 878 2416 ubi
899 2377 1040 2425 ,iactum
1059 2390 1066 2414 :
1099 2376 1119 2415 a

82 2438 159 2474 quo
181 2427 336 2465 inditum
372 2429 444 2466 diei
472 2441 626 2467 nomen.
663 2430 808 2476 Repeto
831 2428 962 2466 iterum
989 2429 1116 2465 locum

85 2476 279 2513 Varronis:
306 2478 661 2522 sementinaeferiae,
681 2479 788 2514 diesis
801 2506 810 2521 ,
824 2479 884 2526 qui
898 2478 922 2514 ὰ
943 2477 1119 2523 Pontifici-

83 2525 146 2562 bus
155 2526 481 2573 dir‘ltts,appellatus
500 2527 524 2561 ὰ
542 2532 692 2561 semente
705 2552 715 2568 ,
737 2528 826 2574 quod
840 2527 988 2573 sationis
1006 2527 1121 2573 cauffd

79 2577 260 2625 susceptae.
296 2575 494 2624 Pompejus
513 2575 654 2612 Festus:
684 2576 898 2611 sementinae
909 2575 1019 2620 feriae
1040 2577 1121 2621 sue-

83 2637 168 2662 runt
188 2625 366 2672 institutae
387 2653 398 2670 ,
433 2623 530 2673 quasi
555 2639 596 2661 ex
622 2625 663 2662 iis
681 2626 798 2672 fruges
816 2626 1032 2673 grandescere
1048 2626 1123 2673 pos-

78 2674 165 2725 fint.
193 2677 368 2713 Neapor.
422 2680 582 2724 Tempora
600 2686 689 2712 certa
710 2675 814 2712 multi
837 2687 880 2712 cx
898 2675 1121 2712 melioribus.

81 2726 192 2764 reete.
219 2727 254 2764 &
274 2727 461 2775 profizcris
489 2726 607 2763 Ursini
634 2725 751 2763 codex
776 2725 908 2775 aliique
939 2725 1123 2770 nonnulli,

76 2777 179 2826 sacra
203 2775 257 2823 est.
283 2776 450 2814 nonnulli
471 2804 481 2820 ‚
522 2776 616 2824 sacri
634 2776 677 2823 est
697 2804 708 2819 ‚
745 2775 844 2824 sacro
880 2777 1119 2821 Petavianus,

85 2828 224 2864 Mazar.
254 2827 291 2864 ὅ(
329 2839 419 2865 unus
449 2828 602 2865 Moreti.
639 2826 763 2875 probe.
796 2827 961 2875 sequenti
993 2826 1120 2871 versu,

85 2876 275 2914 Seminibus
308 2876 406 2914 laetis
446 2878 552 2915 multi
588 2889 633 2915 ex
665 2877 927 2916 vetustioribus.
976 2878 1123 2916 Hiems.

86 2926 274 2964 Seminibus
293 2927 391 2965 laetis
418 2928 591 2966 Arundel.
612 2940 643 2965 a.
665 2940 715 2965 m.
734 2940 785 2976 pr.
813 2930 910 2976 prior
934 2929 1055 2966 Vatic.
1084 2930 1123 2966 &

87 2979 252 3027 quinque
276 2978 346 3016 alii.
374 2978 532 3016 venuste.
559 2987 600 3016 ut
631 2978 740 3015 laetae
761 2982 885 3028 segetes
912 2980 950 3017 δε
981 2979 1122 3016 similia.

87 3027 136 3066 fic
161 3027 255 3076 apud
277 3029 426 3067 Colum.
441 3042 482 3066 11.
496 3029 540 3067 de
560 3030 605 3066 R.
620 3030 762 3067 Runa.
783 3037 861 3066 Aut
881 3030 919 3066 in
933 3030 1124 3067 maritimis

87 3078 175 3115 areis
188 3079 384 3127 salinarum
402 3080 496 3129 gigni
510 3079 592 3129 poffe
618 3079 709 3116 laeta
723 3081 919 3127 frumenta.
948 3081 1001 3119 lta
1025 3080 1122 3119 Cod.

93 3127 128 3165 S.
145 3129 455 3180 Germani.vulgo
478 3132 587 3168 ctiam
605 3158 615 3174 ,
631 3131 741 3180 jal‘la.
769 3131 898 3169 Bunm.

142 3198 224 3248 663.
249 3203 343 3235 state
364 3198 565 3249 coronata]
619 3199 746 3238 Putavi
778 3200 866 3238 olim
889 3213 954 3249 pro
984 3201 1122 3239 vincite

91 3245 156 3283 hic
174 3260 326 3285 coronare
346 3250 644 3298 intelligendum;
675 3249 773 3299 quasi
788 3279 798 3294 ,
827 3252 923 3290 State
945 3253 1057 3290 vineti
1078 3252 1122 3290 ad

94 3296 282 3346 praesepe·-
309 3300 421 3339 motis
448 3312 547 3342 etam
576 3301 725 3348 inscius,
754 3313 800 3341 ex
827 3315 903 3353 quo
933 3304 1046 3343 boves
1068 3304 1123 3354 fe:

2058 729 2201 788 Cum

1158 877 1217 916 riis
1238 877 1332 916 serto
1356 878 1436 917 fuso
1456 891 1519 928 per
1539 891 1675 918 cornua
1698 878 1822 919 labore
1842 879 2030 921 vacabant.
2066 880 2201 928 Tibul-‚

1157 928 1212 967 lus
1229 928 1290 968 lib.
1310 942 1353 967 11.
1381 929 1507 979 Elegia
1526 930 1665 980 prima:

1210 997 1299 1029 Luce
1311 994 1416 1041 sacra
1435 995 1618 1043 requiescat
1639 994 1767 1032 humus
1780 1023 1791 1040 ,
1819 995 2003 1044 requiescat
2023 1007 2165 1042 arator,

1262 1047 1309 1080 Et
1324 1057 1436 1092 grave
1446 1045 1602 1093 suspenfi)
1624 1059 1761 1083 vomere
1781 1046 1869 1094 ceffet
1887 1056 1977 1094 opus.

1213 1093 1345 1130 Solvite
1361 1095 1482 1131 vincla
1496 1096 1589 1144 jugis
1603 1124 1612 1141 2
1637 1109 1730 1133 nunc
1751 1097 1799 1133 ad
1810 1097 1979 1146 praesepia
1998 1096 2117 1134 debent

1262 1145 1372 1182 Plena
1391 1157 1546 1183 coronato
1558 1147 1651 1194 stare
1673 1147 1771 1185 boves
1795 1147 1911 1197 capite.

1161 1209 1406 1248 Membranae
1433 1211 1613 1260 quaedam
1644 1211 1779 1249 habent
1797 1240 1809 1256 ‚
1847 1211 1974 1248 vertice
1985 1210 2076 1259 stare
2096 1210 2207 1252 boves.

1162 1260 1376 1309 Utrumque
1396 1261 1541 1299 admitti
1571 1262 1706 1311 potest3
1737 1261 1796 1299 sed
1825 1263 1985 1309 primum
2017 1262 2130 1310 magis
2150 1274 2206 1300 re·

1164 1309 1267 1347 dolet
1286 1311 1437 1348 mollem
1470 1312 1573 1349 suum
1597 1321 1732 1350 vatem.
1762 1312 1947 1355 Observa,
1975 1312 2076 1350 sodes
2092 1340 2102 1355 ‚
2130 1313 2210 1350 obi-

1164 1367 1219 1396 ter
1239 1360 1400 1398 nostrum
1424 1362 1556 1400 Ovidii
1582 1374 1727 1401 carmen
1751 1362 1795 1401 ab
1823 1364 1897 1401 hoc
1916 1362 2048 1401 ultimo
2068 1362 2210 1402 Tibulli

1164 1410 1346 1449 haustum.
1374 1412 1500 1450 Nm».

1216 1473 1299 1518 664.
1329 1478 1407 1510 Vere
1429 1474 1552 1511 redibit
1573 1474 1690 1526 opu5.]
1714 1475 1825 1513 Maro
1839 1503 1848 1521 ,
1869 1475 1920 1513 rei
1941 1474 2096 1513 rurestris
2113 1474 2211 1524 peri·⁴

1163 1521 1334 1567 tiffimus‚
1350 1523 1470 1572 primo
1485 1527 1724 1576 Georgicffin:

1218 1579 1296 1611 Vere
1319 1588 1408 1611 novo
1422 1604 1430 1620 ,
1456 1577 1589 1624 gelidus
1609 1577 1704 1614 canis
1724 1590 1802 1613 cum
1825 1575 1999 1613 montibus
2016 1575 2142 1613 humor

1218 1625 1388 1674 Liquitur
1401 1653 1411 1670 ,
1438 1638 1483 1665 ω’
1503 1627 1659 1675 Zephyro
1679 1628 1792 1675 putris
1806 1628 1842 1672 se
1856 1627 1953 1675 gleba
1973 1627 2138 1675 resolvit3

1214 1676 1366 1724 Depreſjo
1384 1676 1525 1725 incipiat
1540 1680 1618 1726 jam
1638 1688 1714 1714 tum
1739 1677 1827 1714 mihi
1846 1689 1969 1713 taurus
1988 1688 2107 1713 aratro

1218 1732 1388 1774 Ingemere
1400 1754 1410 1771 ,
1439 1739 1482 1767 ω’
1495 1727 1588 1774 sulco
1606 1728 1753 1765 attritus
1761 1728 1986 1776 splendescere
2005 1740 2136 1764 vomer.

1165 1788 1293 1825 Uni&
1313 1789 1414 1826 alteri
1429 1790 1502 1827 vati
1516 1790 1577 1828 lux
1599 1792 1665 1829 erit
1687 1789 1707 1827 a
1727 1787 1936 1827 Columella
1955 1789 2073 1827 lib.11.
2091 1792 2215 1838 cap.2.‘

1167 1839 1213 1877 de
1234 1839 1288 1876 Re
1309 1839 1466 1879 Rustica.
1487 1841 1665 1880 Nzapot..
1703 1847 1803 1877 Dum
1824 1840 1935 1890 tepido
1947 1840 2215 1878 volebatFran-

1167 1902 1254 1928 crus.

1217 1942 1303 1989 665.
1330 1940 1520 1992 Rusticus.]
1557 1943 1698 1980 Villicus
1719 1942 1842 1980 Urfini
1865 1942 1954 1980 liber
1975 1943 2013 1980 &
2036 1953 2130 1980 unus
2149 1942 2217 1980 Pa-

1166 1993 1323 2032 tavinus.
1350 1994 1514 2041 sequenti
1540 1995 1642 2032 versu
1659 2023 1668 2039 ‚
1690 1994 1824 2043 frigida
1846 1993 1973 2031 humus
1993 2021 2003 2036 ,
2041 2005 2117 2030 non
2141 1993 2216 2041 fri-

1165 2057 1244 2092 gore
1270 2044 1370 2083 idem
1405 2044 1528 2083 Ursini
1549 2073 1559 2089 ‚
1595 2046 1737 2083 Zulich.
1761 2047 1898 2082 Mazar.
1923 2045 1960 2081 ὃς
1987 2044 2115 2081 decem
2144 2044 2217 2081 alii.

1171 2094 1278 2131 bene.
1305 2097 1449 2133 Hiems.
1481 2097 1657 2146 Suspendit
1681 2097 1792 2133 etiam
1813 2095 1929 2133 multi.
1962 2094 2064 2142 paulo
2075 2093 2219 2144 suspen-

1159 2144 1229 2181 .dit
1248 2145 1354 2184 Bern.
1371 2148 1409 2184 ὅ(
1426 2147 1575 2184 Putean.
1597 2148 1697 2184 alter.

1226 2197 1310 2246 665.
1339 2197 1422 2234 Palo
1443 2197 1619 2246 suspendit
1648 2195 1854 2246 aratrum]
1900 2196 2005 2235 Palus
2030 2195 2095 2234 hle
2116 2195 2217 2234 idem

1177 2249 1279 2296 quod
1303 2248 1431 2293 ςάλιξ.
1462 2250 1637 2286 NEAPOL.

1227 2299 1311 2346 665,
1339 2300 1517 2347 Suspendit
1538 2297 1742 2348 aratrum]
1784 2299 1894 2342 Hoc,
1923 2299 1959 2336 ὃς
1981 2299 2219 2336 instrumenta

1174 2349 1264 2393 alia,
1294 2350 1317 2387 si
1337 2351 1440 2399 operi
1472 2350 1602 2388 rustico
1627 2351 1705 2399 jam
1730 2350 1805 2387 usui
1833 2349 1903 2387 effe
1920 2361 1997 2387 non
2026 2356 2219 2397 poterant,

1175 2400 1344 2438 intriviis
1362 2401 1649 2439 collocabantur.
1679 2401 1790 2438 Ratio
1811 2400 1906 2448 apud
1927 2400 2147 2437 Scholiasten
2169 2400 2218 2436 A.

1172 2450 1281 2488 Perfii
1301 2452 1345 2490 ad
1366 2452 1454 2490 illud
1478 2452 1623 2501 Satyrae
1645 2464 1699 2490 xv.
1722 2456 1860 2499 pertusa
1881 2451 2036 2497 compita.
2073 2450 2108 2486 in
2140 2449 2217 2486 his:

1174 2504 1302 2536 Frac‘la
1322 2502 1402 2547 iuga
1422 2501 1466 2536 ab
1485 2502 1640 2548 agricolis
1660 2510 1838 2549 ponuntur
1862 2527 1872 2543 ,
1909 2500 2006 2534 velut
2026 2498 2070 2534 ab
2095 2497 2219 2535 emeri-

1176 2549 1243 2590 tis;
1273 2551 1363 2597 quod
1390 2549 1433 2595 est
1464 2549 1631 2585 elaborati
1662 2550 1764 2598 operis
1791 2549 1960 2585 indicium
1984 2577 1994 2591 ‚
2024 2547 2101 2597 five
2125 2547 2217 2600 quod

1175 2611 1274 2634 omne
1292 2598 1559 2646 instrumentum
1577 2599 1774 2646 existimant
1786 2600 1938 2646 filtrum.
1967 2600 2091 2637 NEAP.

1226 2650 1309 2692 667.
1340 2649 1454 2685 Villice
1481 2650 1527 2685 da
1547 2651 1696 2699 requiem
1727 2650 1864 2698 terris.]
1915 2650 2014 2698 Apte
2043 2650 2220 2699 praecipit

1178 2698 1330 2743 villico,
1358 2698 1447 2736 finat
1470 2701 1576 2738 otiari
1604 2701 1778 2738 familiam
1810 2700 1887 2748 post
1909 2701 2045 2750 jactam
2075 2701 2222 2738 semen-

1176 2756 1276 2786 tem:
1305 2761 1390 2787 nam
1413 2749 1450 2787 id
1469 2751 1576 2788 villici
1599 2760 1673 2789 erat
1694 2763 1847 2794 munus,
1874 2754 1937 2801 qui
1961 2751 2095 2789 cuncto
2115 2751 2220 2800 operi

1175 2800 1308 2837 rustico
1333 2809 1495 2849 praeerat
1516 2816 1526 2845 ;
1569 2802 1665 2840 unde
1688 2802 1844 2839 villicari
1865 2830 1874 2846 ,
1912 2802 2017 2839 villae
2038 2802 2219 2851 praeesse,

1177 2850 1346 2889 dixerunt
1370 2861 1521 2889 veteres.
1549 2852 1777 2901 Pomponius
1805 2852 1900 2901 apud
1924 2854 2093 2891 Nonium
2116 2854 2219 2890 Mar-

1180 2901 1342 2939 cellum:
1383 2908 1480 2939 Nam
1509 2902 1603 2951 longe
1623 2904 1666 2940 ab
1695 2903 1775 2940 urbe
1804 2903 1998 2940 villicarier
2020 2932 2030 2948 ,
2067 2918 2132 2955 quo
2160 2903 2220 2940 he-

1178 2965 1238 2988 rus
1265 2963 1420 2989 rarenter
1451 2954 1550 2990 venit
1576 2981 1586 2996 ‚
1622 2967 1690 2990 non
1712 2953 1906 2990 villicarier
1925 2983 1935 2998 ‚
1955 2955 2018 3003 sed
2048 2953 2222 2992 dominari

1178 3002 1257 3039 med
1267 3003 1446 3051 frementia
1467 3004 1521 3049 est.
1569 3004 1758 3053 Turpilius
1778 3005 1814 3042 in
1837 3005 1971 3042 eodem
1997 3019 2004 3043 :
2035 3006 2103 3042 Hic
2124 3006 2221 3041 villi-

1178 3065 1232 3089 cor
1251 3064 1333 3090 ante
1352 3052 1468 3090 urbem
1482 3083 1490 3097 ‚
1521 3068 1613 3092 nunc
1633 3069 1690 3092 rus
1710 3069 1755 3093 ea.
1793 3056 1971 3104 Comperi
1992 3058 2101 3094 etiam
2122 3055 2223 3092 villi-

1176 3116 1255 3140 cum
1286 3116 1353 3153 pro
1381 3106 1547 3154 quolibet
1579 3106 1725 3145 custode
1753 3106 1813 3145 seu
1837 3106 2022 3155 praefecto
2050 3106 2069 3145 a
2101 3107 2222 3156 po'e'tis

1176 3164 1380 3202 receptum.
1409 3157 1449 3193 In
1468 3157 1627 3206 >Priapeis
1646 3158 1749 3206 lego:

1231 3206 1372 3244 Villicus
1395 3207 1509 3244 aerari
1533 3209 1730 3258 quondam,
1760 3222 1852 3246 nunc
1871 3208 1978 3246 cultor
2001 3208 2111 3258 agelli.

1179 3255 1292 3305 Apud
1314 3259 1530 3303 juvenalem
1546 3258 1736 3307 Satyraiv.
1763 3261 1913 3311 Pegasus
1933 3253 2222 3310 praet‘ec'tusurbi

1179 3308 1218 3347 ὃς
1238 3308 1379 3348 villicus
1406 3309 1549 3349 dicitur.
1569 3311 1695 3351 Neip.

1398 3357 1401 3359 ·
1432 3360 1448 3398 1
1477 3371 1498 3398 ι
2062 3357 2147 3404 667.
2174 3363 2230 3407 se-⁴
