2495 3675
445 123 1074 253 TRisTitJM

144 800 266 862 *40

55 1198 133 1231 tem
166 1187 428 1238 quaestuariam
460 1192 684 1223 exercerent.
719 1184 779 1223 sed
805 1183 905 1223 doeti
932 1184 1097 1223 Britanni

58 1241 268 1279 emendatio
299 1237 400 1277 nullo
427 1237 555 1275 codice
574 1235 722 1274 subnixa
742 1264 752 1280 ,
789 1237 934 1285 longius
961 1235 1098 1273 recedit

59 1303 80 1330 a
100 1290 253 1340 vestigiis
271 1289 451 1328 leetionis.
479 1288 516 1324 in
535 1287 593 1324 sex
623 1299 711 1324 vero
734 1288 828 1325 libris
841 1286 889 1324 est
904 1315 915 1332 ‚
937 1285 1098 1333 faemina

57 1353 125 1380 non
135 1341 192 1391 fit.
227 1353 341 1391 quare
367 1339 439 1387 legi
460 1337 663 1376 commode
684 1338 816 1386 poffit,

291 1406 535 1444 tantummodo
552 1406 709 1449 faemina
732 1403 862 1452 nonsit

109 1458 226 1496 Devia
242 1487 252 1503 ‚
281 1472 367 1507 quae
387 1458 516 1506 scriptis
538 1457 648 1503 discat
669 1469 788 1493 amare
807 1455 889 1492 tuis.

56 1523 117 1561 vel
133 1551 141 1566 ‚
156 1522 293 1570 femina
316 1534 356 1556 ne
380 1518 428 1568 fit
443 1535 454 1556 .-
482 1530 529 1555 ne
551 1518 722 1555 meretrix
745 1514 927 1564 quaedam
953 1525 1001 1552 ex
1028 1515 1099 1553 tuis

54 1572 192 1622 scriptis
212 1581 326 1621 artem
348 1570 563 1607 amatorium
585 1567 704 1604 discat.
731 1565 862 1603 Buim.

38 1657 41 1659 >
112 1649 171 1686 31.
199 1641 284 1684 Ergo
305 1634 448 1679 desidiae
467 1646 602 1669 remove
618 1629 803 1678 debliffima
825 1630 963 1678 causas,
995 1635 1101 1680 Inque

59 1687 164 1724 bonas
183 1697 273 1723 artes
288 1714 298 1728 ‚
324 1697 367 1724 (5⁵
385 1696 447 1721 tua
463 1685 566 1732 secra
589 1682 700 1730 redi.]
737 1683 844 1729 Juxta
865 1690 1101 1729 praeceptum

59 1738 148 1776 illud
167 1737 269 1775 suum
288 1764 298 1780 ‚

112 1804 215 1840 Cedit
234 1816 331 1840 amor
350 1801 446 1839 rebus
457 1815 469 1845 ς
499 1814 549 1838 res
565 1813 623 1849 age
635 1827 646 1845 ,
673 1808 771 1835 tutus
791 1797 867 1836 eris.

64 1854 234 1893 Cxortm.

113 1929 171 1967 32.
199 1922 244 1954 Et
267 1927 328 1954 tua
339 1917 443 1966 sacra
463 1913 575 1964 redi.]
604 1914 665 1952 An
681 1942 692 1960 ‚
721 1912 856 1961 castra?
884 1919 924 1951 ut
935 1912 1006 1962 Ep.
1021 1913 1101 1950 He-

61 1980 120 2007 rus
135 1997 145 2013 ‚

116 2035 156 2067 In
177 2040 238 2067 tua
259 2029 368 2075 castra
391 2029 464 2067 redi
476 2056 486 2073 ‚
505 2028 591 2077 sotii
610 2028 756 2077 desertor
773 2027 912 2065 amoris.

62 2078 209 2118 Herus.

113 2156 173 2194 33.
200 2145 265 2192 Ista
293 2145 409 2182 decens
420 2144 530 2192 facies
550 2143 655 2191 longis
677 2142 868 2180 vitiabitur
887 2141 1010 2185 annis,
1031 2146 1101 2177 Ru-

55 2208 168 2246 gaque
196 2196 234 2232 in
264 2195 412 2244 antiqua
434 2198 554 2240 fronte
579 2193 695 2242 senilis
724 2194 829 2243 erit.]
878 2192 959 2230 Lib.
981 2205 1027 2230 ir.
1055 2191 1100 2228 de

64 2247 165 2284 Arte.
204 2258 286 2295 ¹13·

109 2314 236 2348 Forma
258 2310 384 2348 bonum
398 2309 527 2359 fragile
545 2309 611 2357 est,
640 2319 883 2361 quantumque
911 2307 1039 2346 accedit
1057 2307 1103 2343 ad

233 2375 342 2398 annos

162 2412 217 2448 Fit
242 2413 376 2457 minor,
405 2411 575 2461 &spatio
604 2412 756 2460 carpitur
779 2411 842 2448 illa
853 2411 928 2460 fito.

51 2485 229 2524 Croni«.
258 2486 434 2524 Rosellius
461 2487 610 2534 quidam
637 2486 886 2526 Beaumonius
916 2488 953 2525 in
976 2488 1103 2526 Histo-

59 2538 111 2574 ria
134 2537 268 2574 Critica
281 2538 388 2584 Reip.
413 2537 852 2587 LiterariaeT.x11.pag.
874 2549 952 2581 117.
979 2539 1104 2586 legen-

61 2586 149 2624 dum
181 2585 250 2623 effe
275 2587 467 2624 contendit
489 2615 499 2630 ,
527 2586 668 2634 angusta
682 2589 822 2634 fronte,
853 2589 937 2636 quia
951 2590 1101 2637 antiqua

59 2639 154 2680 frons
171 2649 248 2674 non
269 2637 407 2674 dicatur
436 2649 501 2685 pro
522 2639 629 2679 anili;
658 2638 760 2686 quod
782 2648 820 2676 ut
842 2640 1103 2684 concedamus,

61 2698 138 2727 non
163 2697 287 2725 tamen
318 2688 402 2725 inde
423 2687 576 2725 efficitur
595 2715 606 2731 ,
634 2697 674 2724 ut
693 2689 834 2736 angusta
854 2689 894 2726 sit
918 2692 1103 2738 corrigen-

62 2737 150 2776 dum
173 2746 299 2776 contra
321 2739 465 2775 codices
481 2766 491 2781 ,
521 2739 769 2789 eumantiqua
781 2741 882 2785 frons
908 2739 972 2784 sit,
1003 2752 1099 2790 quae

65 2789 154 2826 olim
181 2798 254 2828 erat
272 2789 458 2838 puellaein
483 2789 707 2826 floreaetatis
730 2789 969 2837 pulcherrima
991 2795 1023 2835 ,⁸
1040 2791 1100 2829 sed

65 2850 162 2877 nunc
185 2851 268 2888 prae
288 2839 472 2877 Γεηεᾶὶυῐε
502 2839 640 2888 rugosi.
668 2841 835 2888 antiquus
855 2842 953 2878 enim
976 2841 1099 2889 passim

66 2899 132 2938 pro
152 2892 345 2938 praeterito
365 2892 522 2938 ponitur.
545 2900 584 2926 ut
605 2890 697 2927 libro
718 2892 791 2928 hoc
814 2891 888 2939 ipso
910 2891 1009 2940 Eleg.
1032 2904 1102 2930 xri.

67 2939 165 2982 fisa..
191 2942 425 2987 probabimus
443 2941 685 2991 ,ubiantiqua
699 2941 809 2986 facies
823 2969 833 2983 ,
861 2955 978 2986 coma,
1001 2943 1106 2992 capil-

68 2988 122 3027 tus
149 2991 186 3027 δε
213 2991 339 3028 limilia
361 2992 493 3029 eodem
515 2991 616 3029 sensu
639 2991 752 3029 videri
764 2989 918 3040 poffunt.
948 2994 1031 3030 hinc
1045 3006 1105 3040 pa-

69 3047 122 3078 tet
143 3041 262 3089 quales
285 3041 363 3080 sunt
384 3042 464 3080 illae
484 3043 748 3080 hodiernorum
773 3043 995 3080 Criticorum
1017 3056 1106 3081 con-

5 3099 11 3116 *
68 3089 228 3139 jeeturae
251 3120 260 3135 ,
297 3093 360 3142 qui
389 3095 546 3143 antiquis
579 3093 699 3130 nescio
722 3105 834 3141 quam
858 3094 1045 3132 libidinem
1070 3097 1107 3132 ὃς

5 3147 7 3194 j
72 3142 290 3186 pruriginem
315 3145 441 3182 omnia
474 3145 640 3183 mutandi
669 3144 873 3193 objiciunt,
900 3147 961 3194 qui
983 3155 1107 3183 tamen

69 3187 179 3246 fidem
201 3192 236 3228 ὃ(
261 3193 429 3232 codicum
464 3195 718 3234 auetoritatem
750 3195 849 3243 sequi
869 3195 995 3233 solent.
1023 3209 1107 3233 cum

71 3240 184 3294 nostri
203 3243 288 3279 novi
316 3243 439 3282 Critici
456 3273 465 3289 ,
494 3248 530 3283 ὃς
552 3246 782 3294 elegantioris
797 3274 806 3290 ,
837 3255 876 3283 ut
896 3245 928 3284 se
947 3247 1110 3295 jactant,

6 3338 8 3352 y
66 3290 200 3339 ingenii
222 3293 374 3343 magistri
393 3322 411 3341 „
443 3295 514 3335 sola
534 3296 671 3346 ingenii
701 3296 907 3337 lubricitate
929 3298 1012 3337 freti
1031 3326 1042 3345 ,
1071 3299 1110 3337 &

1144 163 1197 218 L
1235 183 1258 218 1
1295 161 1342 219 Β.
1416 162 1498 219 III.
1574 163 1745 220 Eme.
1785 167 1902 225 VII.
2121 184 2218 235 577

345 269 437 326 Ista
463 270 660 326 decens
687 269 845 324 facies
870 268 1040 340 longis
1064 266 1318 322 vitabitur
1341 264 1514 320 annis:

419 343 684 416 Rugaque
713 344 767 397 in
798 343 1012 413 antiquit
1032 339 1210 396 fronte
1242 338 1412 395 senilis
1439 338 1558 393 erit.

197 437 222 484 3
232 435 261 486 5
338 416 649 489 Injicietque
676 431 891 470 manum
916 413 1120 468 formae
1147 412 1398 468 damnosa
1419 410 1673 467 senectus,

413 491 568 562 Quae
594 488 866 558 strepitum
891 485 1031 556 paffu
1060 503 1170 539 non
1197 486 1424 540 faciente
1451 486 1610 540 venit.

340 563 593 635 Cumque
619 561 804 631 aliquis
833 558 1006 620 dicet,
1044 556 1168 611 Fuit
1192 558 1320 613 haec
1346 558 1613 623 formosa;
1646 557 1850 614 dolebis
1864 574 1908 610 :vx

420 635 491 689 Et
517 633 785 705 speculum
812 629 1043 684 mendax
1068 629 1170 684 effe
1195 648 1422 703 querere
1448 645 1618 685 tuum.

347 707 480 762 Sunt
509 705 602 760 tibi
629 721 757 774 opes
781 701 1057 765 modicae,
1094 720 1217 756 cum
1244 703 1304 757 sis
1333 702 1630 773 dignissima
1661 704 1877 775 magniS.

413 778 580 848 Finge
618 775 706 829 sed
735 774 999 829 immensis
1027 775 1264 829 censibus
1290 773 1392 829 esse
1425 792 1587 846 pares.

341 852 552 920 Nempe
577 849 667 902 dat
697 847 752 902 id
779 848 1102 920 cuicumque
1128 849 1257 901 libet
1284 848 1547 911 Fortuna,
1587 850 1858 924 rapitque:

416 923 527 978 Irus
558 923 609 976 δε
640 920 714 976 est
741 920 941 981 subito,
981 921 1074 994 qui
1103 920 1271 975 modo
1299 920 1530 977 Croesus
1559 936 1686 976 erat.

2086 1048 2201 1104 Sin-

1151 1184 1298 1235 linguae
1314 1183 1419 1233 saepe
1441 1183 1613 1234 antiquae
1626 1196 1702 1223 non
1721 1185 1800 1224 satis
1819 1187 1918 1235 gnari
1942 1186 2200 1232 dominentur,

1154 1237 1192 1274 δὲ
1211 1235 1408 1285 grassentur
1428 1236 1462 1272 in
1482 1235 1584 1284 prisci
1607 1237 1687 1274 aevi
1710 1237 1891 1286 reliquias.
1919 1238 2050 1276 Euan.

1207 1315 1266 1352 35.
1294 1303 1487 1353 Manum]
1526 1310 1659 1340 Manus
1679 1306 1830 1354 quidam
1852 1306 1952 1345 editi.
1977 1319 2090 1351 mox,
2110 1307 2198 1355 stre·

1148 1355 1242 1404 pitus
1266 1355 1413 1403 Jrinian.
1431 1356 1469 1393 &
1491 1355 1622 1393 decem
1641 1355 1711 1394 alii.

1208 1431 1267 1466 37.
1295 1418 1470 1468 Dolebis.]
1500 1419 1606 1456 Unus
1629 1418 1815 1457 mediceus
1830 1446 1840 1463 ,
1869 1418 2012 1456 rubebis.
2036 1418 2132 1456 bene
2154 1426 2197 1457 ut

1156 1471 1330 1508 1.Amor.
1355 1482 1432 1507 xiv.
1455 1481 1515 1515 47..

1207 1540 1237 1571 Ο
1258 1562 1270 1580 ,
1307 1547 1414 1585 quam
1437 1532 1538 1582 saepe
1563 1561 1574 1577 ,
1602 1546 1714 1570 comas
1744 1532 1861 1582 aliquo
1881 1533 2033 1571 mirante
2054 1561 2064 1579 ,
2100 1532 2200 1570 rube-

1329 1585 1401 1629 bis,

1156 1686 1196 1724 H
1256 1640 1303 1672 Et
1325 1635 1412 1672 dices
1433 1645 1545 1684 empta
1566 1648 1656 1673 nunc
1676 1648 1729 1684 ego
1749 1648 1857 1672 merce
1875 1635 2020 1685 probor?

1201 1698 1304 1724 ΕῙΝε.

1211 1750 1269 1799 38.
1299 1749 1453 1800 Tuum]
1486 1750 1551 1786 Tui
1571 1751 1662 1787 Mss.
1681 1749 1818 1787 Bersm.

1212 1826 1271 1864 30.
1299 1820 1387 1851 Sunt
1405 1825 1447 1853 (9¹
1466 1824 1535 1862 opes
1549 1814 1700 1851 modicae
1713 1842 1723 1858 ‚
1752 1827 1831 1851 cum
1843 1813 1891 1864 fis
1911 1812 2103 1864 dignifft'ma
2122 1821 2202 1852 ma*

1151 1866 1267 1916 gnis.]
1300 1866 1445 1903 Omnes
1463 1866 1542 1903 libri
1565 1874 1704 1902 veteres
1719 1892 1730 1909 ,
1757 1871 1844 1901 Sunt
1867 1865 1929 1902 ribi
1952 1875 2020 1913 opes
2037 1892 2047 1908 ‚
2074 1865 2202 1904 &ead

1155 1917 1296 2005 {effusum
1317 1917 1444 1966 aptius.
1483 1916 1653 1955 CrorAN.
1706 1921 1795 1952 Sunt
1824 1915 1888 1953 tibi
1919 1926 1989 1966 opes
2022 1915 2199 1966 plerique.

1204 1980 1306 2005 15th.
2046 1981 2050 1983 ’

1208 2041 1266 2075 41.
1298 2035 1422 2077 Nempe
1443 2029 1506 2066 dat
1519 2057 1529 2073 ‚
1548 2039 1591 2068 (9⁵
1612 2027 1847 2078 quodcumque
1860 2027 1942 2064 libet
1954 2029 2126 2074 sentam,
2141 2040 2202 2064 ra·

1151 2080 1289 2129 pitque:
1314 2086 1387 2116 Irus
1399 2079 1503 2129 eya]
1534 2079 1665 2116 Probat
1684 2079 1858 2126 exemplo
1878 2078 2021 2116 divitias
2032 2090 2107 2115 non
2131 2079 2201 2116 esie

1157 2140 1318 2168 aeternas
1338 2158 1348 2173 ,
1390 2131 1428 2167 &
1466 2130 1638 2167 homines
1669 2130 1838 2171 arbitratu
1868 2130 2038 2166 fortunae
2058 2157 2069 2173 ,
2108 2141 2204 2178 quae

1158 2181 1276 2218 modo
1306 2181 1366 2218 dat
1388 2208 1398 2224 ‚
1437 2181 1556 2218 modo
1579 2180 1741 2222 adimit,
1781 2191 1826 2217 ex
1856 2178 2030 2218 divitibus
2065 2191 2207 2229 egenos-

1157 2231 1243 2269 fieri.
1265 2231 1324 2270 lib.
1347 2243 1398 2269 iv.
1420 2231 1465 2268 de
1493 2230 1616 2268 Ponto
1642 2230 1766 2278 hlegia
1787 2243 1851 2267 111.

1210 2303 1301 2333 Haec
1316 2302 1388 2332 Dea
1401 2309 1468 2332 non
1482 2294 1599 2342 stabili
1616 2307 1722 2342 quam
1736 2293 1784 2342 stt
1807 2293 1893 2330 levis
1911 2293 1985 2330 orbe
1995 2296 2150 2341 fatetur,

1257 2349 1358 2394 Qae
1370 2347 1552 2393 summum
1576 2345 1678 2381 dubio
1690 2345 1755 2389 sub
1771 2346 1851 2392 pede
1870 2346 2003 2392 semper
2026 2344 2137 2380 haber.

1211 2397 1373 2446 Quolibet
1395 2397 1438 2443 est
1452 2396 1559 2443 folio,
1589 2407 1631 2435 w·
1654 2396 1783 2442 quavis
1806 2395 1966 2431 incertior
1984 2408 2071 2431 arira
2087 2422 2097 2438 ,

1262 2454 1332 2484 Par
1350 2446 1405 2484 iili
1421 2447 1546 2483 levitas
1561 2475 1569 2490 ,
1583 2444 1830 2494 improbe-‚fiala
1851 2455 1914 2480 tua
1934 2445 1987 2490 est'.

1211 2499 1343 2535 Omnia
1362 2499 1445 2543 sunt
1464 2496 1643 2533 hominum
1670 2497 1766 2531 tenui
1778 2495 1964 2542 pendentia
1979 2494 2062 2540 filo,

1257 2554 1303 2585 Et
1321 2548 1432 2595 subito
1451 2547 1527 2595 casu
1540 2575 1549 2590 ,
1579 2559 1664 2596 quae
1681 2545 1822 2582 valuere
1836 2572 1845 2587 ‚
1869 2554 1989 2580 ruunt.

1208 2598 1348 2637 Divitis
1366 2598 1490 2635 audita
1511 2598 1552 2643 est
1573 2596 1626 2633 cui
1652 2609 1716 2631 non
1737 2595 1906 2644 epulentia
1928 2596 2063 2643 Crsefi?

1265 2656 1394 2698 Nempe
1415 2660 1532 2685 tamen
1557 2650 1672 2684 viram
1697 2656 1812 2696 captus
1834 2644 1876 2680 ab
1898 2644 1984 2692 hoste
2002 2647 2099 2684 tulit.

1161 2714 1366 2763 Propertius
1389 2713 1489 2762 Eleg.
1511 2715 1545 2749 ὃ(
1565 2712 1624 2749 lib.
1646 2723 1708 2747 nr.

1208 2779 1322 2827 Lydus
1348 2777 1505 2814 Dulichio
1527 2790 1593 2813 non
1614 2775 1716 2822 distat
1737 2776 1876 2822 Croesus
1897 2773 1940 2809 ab
1965 2781 2031 2814 Iro.

1157 2843 1246 2880 Huc
1268 2843 1422 2891 pertinet
1444 2842 1617 2879 sententia
1637 2839 1791 2877 Biantis:

1214 2910 1364 2940 Fortuna
1388 2903 1503 2939 vitrea
1524 2901 1588 2948 est,
1618 2902 1701 2939 dum
1715 2902 1889 2951 splendet,
1911 2903 2108 2953 frangitur.

1163 2955 1331 2992 Cxofnu.

1213 3032 1270 3060 ῃ.
1300 3025 1373 3054 Irus
1395 3027 1438 3057 ω·
1461 3015 1502 3063 est
1520 3016 1637 3064 subito
1660 3044 1669 3058 ‚
1710 3016 1769 3064 qui
1799 3017 1895 3054 medo
1929 3018 2069 3064 Croesus
2087 3017 2202 3067 erat.]

1165 3071 1277 3118 Coffus
1300 3071 1404 3117 prim.
1436 3068 1540 3104 l'olit.
1574 3068 1680 3105 multi
1708 3068 1767 3105 alii
1791 3095 1802 3112 ,
1843 3070 1992 3117 Craffus.
2014 3070 2071 3107 alii
2092 3069 2205 3107 aliter.

1165 3121 1215 3158 nil
1237 3130 1350 3157 muta.
1372 3118 1602 3166 Propertius,

1216 3187 1331 3236 Lydus
1351 3187 1514 3225 Dulichio
1533 3188 1618 3235 quid
1640 3187 1742 3235 distat
1760 3189 1898 3236 Croesus
1917 3188 1960 3226 ab
1985 3195 2060 3226 Iro?

1169 3249 1353 3297 Superiori
1390 3249 1491 3286 versu
1521 3261 1586 3296 pro
1610 3279 1618 3293 ‚
1651 3257 1776 3301 Nempe
1805 3251 1867 3287 dat
1892 3263 1934 3289 ey

1168 3311 1261 3348 unus
1286 3298 1478 3338 Mediceus
1500 3328 1509 3342 ,
1547 3301 1746 3352 cuicunque.
1795 3301 1914 3340 Scribe
1942 3329 1952 3346 ‚

1359 3350 1494 3389 Dddd
1522 3361 1540 3399 3

1963 3250 2204 3300 quodcunque,

1991 3306 2114 3347 Nempe
2132 3297 2214 3382 ‘datr

2142 3358 2207 3383 MS>
