2495 3675
224 202 326 270 692

635 150 1858 246 'P;oan1NAson

525 279 616 338 Nil
645 281 772 339 mihi
800 281 1057 340 debuerat
1084 297 1209 335 cum
1237 276 1469 332 versibus
1494 276 1715 347 amplius
1740 278 1874 342 effe3

388 370 455 421 50

601 354 706 408 Sed
731 355 978 427 fugerem
1001 352 1196 406 merito
1222 349 1501 418 naufragus
1528 366 1689 404 omne
1717 350 1932 406 fretum.

533 428 608 480 At
636 441 796 496 puto,
835 428 872 481 s1
900 427 1121 480 demens
1149 421 1379 475 studium
1408 423 1563 476 fatale
1585 434 1855 477 retentem
1874 462 1891 488 ,

606 499 721 554 Hic
748 499 876 554 mihi
903 494 1177 566 praebebit
1202 494 1447 547 carminis
1472 512 1615 548 arma
1640 495 1804 549 locus,

536 572 663 627 Non
692 572 822 627 liber
848 570 934 623 hic
958 569 1122 630 ulluS,
1158 584 1268 621 non
1296 566 1388 637 qui
1417 566 1544 620 mihi
1572 567 1890 623 commodet
1917 585 2130 632 aurem,

613 644 900 713 Verbaque
925 639 1218 712 significent
1247 638 1378 711 quid
1406 655 1523 693 mea
1548 641 1720 702 norit,
1758 641 1916 696 adest.

392 734 457 786 55

532 716 728 771 Omnia
754 715 1025 768 barbariae
1050 713 1167 766 loca
1191 716 1335 775 1unt,
1378 711 1632 784 vocisque
1657 712 1885 777 ferinae,

609 788 808 842 Omnia
837 787 953 840 sunt
979 785 1165 840 Getici
1190 788 1341 856 plena
1369 785 1564 838 timore
1591 785 1719 838 soni.

536 860 646 932 Ipse
672 861 801 915 mihi
828 858 1017 913 videor
1041 857 1148 928 jam
1177 857 1489 911 dedidicisse
1518 856 1742 930 Latine:

595 932 714 1004 Jam
757 932 924 988 didici
952 930 1152 985 Getice
1179 929 1575 1000 Sarmaticeque
1602 930 1766 1002 loqui.

551 1007 679 1061 Nec
715 1020 918 1068 tamen,
956 1017 1016 1057 ut
1039 1020 1226 1057 verum
1251 1002 1414 1057 fatear
1439 1003 1561 1064 tibi,
1597 1004 1771 1058 nostra
1799 1003 1971 1067 teneri

397 1088 465 1137 60

623 1083 664 1136 A
691 1075 1076 1151 componendo
1103 1077 1337 1131 carmine
1363 1075 1517 1129 Musa
1543 1074 1729 1145 potest.

540 1153 857 1216 ScribimuS,
898 1149 953 1205 δε
977 1149 1202 1218 scriptos
1229 1148 1549 1203 absumimus
1573 1147 1697 1216 igne
1722 1147 1937 1203 libellos„

624 1223 816 1280 Exitus
840 1222 915 1278 est
939 1221 1094 1276 studii
1122 1239 1280 1291 parva
1302 1221 1475 1275 favilla
1498 1221 1622 1285 mei.

539 1300 657 1354 Nec
684 1296 887 1371 poffum
906 1335 921 1359 ,
960 1295 1015 1349 &
1043 1294 1205 1365 cupio
1228 1310 1337 1346 non
1360 1294 1495 1348 ullos
1520 1292 1723 1347 ducere
1751 1294 1943 1349 versuS.

622 1371 847 1425 Ponitur
870 1367 1078 1423 idcirco
1103 1365 1279 1420 noster
1303 1366 1358 1420 in
1381 1367 1507 1438 igne
1535 1364 1701 1420 labor.

401 1450 466 1514 65
543 1447 661 1501 Nec
688 1442 781 1498 nifi
805 1459 921 1514 pars
944 1439 1062 1494 casu
1091 1438 1318 1493 flammis
1342 1451 1556 1510 erepta,
1593 1439 1823 1503 dolove,

627 1517 717 1571 Ad
745 1533 839 1570 vos
865 1514 1066 1586 ingenii
1091 1512 1335 1583 pervenit
1366 1513 1469 1567 ulla
1503 1512 1627 1566 mei.

546 1592 633 1646 Sic
659 1590 860 1644 utinam
877 1627 892 1651 ,
932 1604 1067 1659 quae
1092 1586 1164 1640 nil
1188 1598 1520 1639 metuentem
1546 1585 1648 1638 tale
1676 1586 1981 1657 magistrum

622 1661 897 1725 Perdidit,
934 1662 989 1715 in
1013 1659 1218 1715 cineres
1245 1659 1349 1713 Ars
1375 1675 1492 1713 mea
1515 1657 1657 1713 versa
1693 1657 1851 1715 foret.

2233 1787 2459 1872 ELE-w

316 1932 377 1980 '⁴9-
407 1930 472 1970 Nil
503 1928 591 1967 mihi
622 1923 801 1974 debebam]
858 1923 1034 1980 Debueraf
1059 1922 1242 1978 melior-es.
1271 1921 1309 1960 &
1365 1923 1428 1961 Nil
1449 1930 1590 1961 temere
1609 1929 1766 1960 mutem.
1804 1921 1946 1962 Herus.
2000 1924 2056 1962 Ut
2078 1939 2204 1965 verum
2228 1930 2413 1976 fateamur

266 1995 357 2022 mox
380 1995 467 2031 pro,
487 1980 550 2029 sed
574 1980 728 2027 fugerem
744 2003 754 2020 ,
780 1984 920 2014 veteres
943 1975 1108 2023 plerique
1123 2001 1133 2017 ,
1162 1979 1197 2009 St
1214 1975 1307 2020 fuge·
1366 1975 1515 2012 l'utean.
1537 1988 1559 2010 a
1579 1973 1802 2022 componendo
1820 1975 1978 2013 carmina
1998 1976 2147 2024 Regius.

264 2048 367 2078 rem,
405 2033 496 2076 vel,
547 2035 639 2067 Cum
664 2030 832 2075 fugerem.
876 2027 1024 2064 Heius.
1081 2025 1133 2061 sic
1153 2025 1310 2073 sugerem

267 2086 384 2133 Marg.
409 2082 552 2132 Gryph.
570 2081 608 2118 &
631 2079 802 2116 aliorum.

323 2160 379 2196 54.
409 2145 584 2196 Verbaque
596 2142 788 2193 fignificem
810 2139 936 2192 quid]
985 2140 1159 2191 Verbaque
1187 2139 1218 2189 [ἱ
1232 2141 1315 2178 reci-

272 2208 342 2236 tem
357 2227 368 2244 ‚
395 2198 456 2247 qui
475 2209 550 2234 mea
571 2196 662 2232 norit
679 2195 815 2243 Regius
836 2194 873 2230 &
894 2192 1000 2240 prim.
1020 2192 1117 2229 Edit.

1419 2035 1480 2074 61.
1504 2036 1774 2087 Absumimus.]
1828 2038 2072 2086 consumimus
2105 2054 2210 2082 unus.
2246 2042 2414 2096 absumsiq⁴

1369 2099 1446 2124 mus
1469 2088 1617 2125 Lovan.
1639 2086 1871 2136 combussimus
1892 2089 1983 2128 Exc.
2003 2089 2108 2130 Voss.

1423 2152 1481 2187 62.
1509 2151 1637 2188 Exitus
1657 2152 1700 2195 eli
1711 2151 1821 2199 studii
1833 2164 1949 2199 parva
1960 2152 2101 2200 favilla
2122 2155 2227 2206 mei.]
2265 2158 2316 2193 Τὸ
2328 2166 2415 2206 par-

1371 2214 1422 2238 va
1442 2213 1519 2239 non
1550 2202 1681 2250 placet.
1706 2214 1750 2240 an
1777 2230 1788 2247 ‚
1817 2203 1942 2250 studiis
1970 2213 2052 2240 atra
2070 2205 2214 2248 favilla
2242 2207 2334 2244 meis.
2362 2207 2412 2245 fic

324 2263 382 2297 55,
411 2247 601 2284 Barbariae
621 2246 692 2302 ioca
704 2247 814 2301 sunt,
838 2243 995 2293 vocisque
1006 2243 1145 2288 ferinae
1160 2271 1168 2285 ‚
1183 2242 1315 2299 Omnia
1371 2253 1466 2289 Met.
1488 2264 1578 2289 xm.
1612 2257 1711 2289 Atra
1731 2253 1869 2300 favilla
1900 2253 2011 2291 volat,
2038 2254 2186 2293 Herus.
2215 2256 2299 2303 An,
2315 2269 2405 2296 cana

265 2300 353 2350 sum
365 2300 475 2336 Getici
490 2299 593 2347 plena
606 2307 725 2333 umore
739 2294 844 2343 som]
877 2294 929 2331 Ita
946 2293 1143 2341 legendum
1161 2294 1318 2332 Videtur.
1365 2301 1529 2350 favilla?

274 2352 448 2388 Crofm.
501 2348 689 2385 Barbariea
719 2348 824 2395 prim.
854 2344 959 2382 Polit.
987 2345 1090 2393 Lege
1110 2373 1118 2387 ,
1160 2344 1320 2382 barbari-

274 2415 342 2439 cae.
373 2411 509 2448 nempe
532 2400 644 2436 vocis.
673 2397 836 2445 sequenti
863 2394 964 2432 versu
994 2406 1061 2442 pro
1091 2396 1208 2431 omnia
1233 2397 1317 2441 funt

274 2451 416 2494 Getici,
464 2451 627 2499 plerique
660 2458 830 2491 veteres,
884 2446 1002 2482 omnia
1040 2458 1127 2495 quae
1163 2445 1317 2494 possunt,

272 2504 332 2540 vel
356 2502 486 2550 poffint.
539 2512 625 2537 nam
656 2499 770 2535 Getice
799 2498 968 2546 sequitur.
1005 2496 1086 2540 alii,
1121 2496 1317 2541 barbarici,

274 2555 335 2591 vel
355 2550 540 2589 Sarmatici
562 2550 650 2599 soni.
697 2550 786 2586 Hoc
808 2559 958 2598 quoque
991 2546 1167 2584 distichon
1197 2550 1233 2584 in
1263 2548 1318 2585 su-

275 2604 401 2652 specus
424 2604 483 2641 est.
514 2603 658 2639 Hssms.
688 2599 819 2637 Omnia
843 2611 930 2649 quae
949 2598 1077 2645 possunt
1094 2597 1194 2645 plena
1216 2598 1320 2634 timo-

278 2669 312 2691 re
334 2659 465 2700 sonant
491 2653 578 2689 editi
603 2652 752 2700 quidam
786 2651 890 2688 olim.
929 2649 1047 2685 omnia
1081 2662 1167 2697 quae
1187 2649 1320 2698 possunt

276 2704 373 2753 plena
390 2707 513 2741 timore
532 2704 624 2754 loqui
644 2703 791 2751 Regius·

334 2766 393 2812 58.
421 2773 516 2802 Nam
536 2763 679 2813 didiae]
710 2764 804 2809 Jam
828 2762 960 2809 priscae
981 2760 1163 2798 editiones
1184 2760 1223 2797 &
1242 2760 1323 2798 scri-

282 2818 335 2866 pti
358 2827 435 2852 non
457 2819 574 2863 pauci.
602 2815 745 2852 rectius.
774 2814 918 2850 Hnms.

340 2890 399 2924 59.
428 2884 496 2915 Nec
525 2889 643 2915 tamen
663 2907 673 2920 ‚
713 2887 751 2913 ut
785 2890 909 2913 verum
932 2877 1056 2922 fatear
1089 2876 1155 2913 tibi
1176 2904 1186 2921 ,
1215 2878 1328 2923 nostra

287 2929 392 2964 teneri
413 2934 450 2964 A
471 2930 688 2977 componendo
710 2928 862 2964 carmine
889 2928 994 2974 Musa
1017 2926 1158 2976 potest.]
1215 2928 1327 2976 Supra

290 2979 328 3015 in
350 2979 417 3015 hac
437 2979 507 3025 ipsa
532 2981 680 3027 hlegia:

340 3042 503 3078 Lue‘z'zhus
522 3056 569 3078 απ
586 3042 695 3089 fludio
718 3041 837 3077 videor
858 3040 972 3078 debere
993 3040 1111 3078 teneri.

287 3093 337 3130 Et
354 3092 403 3129 lib
437 3104 486 3127 xv.
510 3093 555 3129 de
579 3093 699 3129 Ponto
721 3093 845 3139 [legia
865 3105 891 3128 1.

343 3160 424 3190 Non
440 3154 534 3201 potui
556 3167 631 3189 mea
655 3167 747 3189 mens
767 3155 838 3203 esset
859 3154 943 3203 quin
959 3162 1084 3201 grata,
1108 3155 1228 3192 teneri.

289 3218 381 3256 Hoc
405 3231 451 3255 eo
480 3219 648 3255 libentius
679 3227 807 3255 notare
835 3219 958 3262 volui,
986 3218 1087 3266 quod
1117 3219 1152 3254 in
1184 3219 1331 3266 quibus-

291 3269 375 3308 dam
397 3270 490 3306 libris
511 3271 611 3307 aliter
630 3269 770 3315 legitur.
795 3270 963 3305 Crofm.
1009 3270 1138 3304 Levari
1157 3269 1244 3305 alter
1262 3271 1332 3306 Po-

289 3320 342 3359 lit.
363 3321 402 3359 ὅ(
431 3319 537 3359 multi
568 3319 638 3358 alii.
666 3328 735 3358 tres
755 3346 766 3365 ‚
802 3332 939 3358 vacare.
971 3325 1130 3369 quatuor
1151 3346 1164 3365 ,
1201 3320 1332 3359 revelli.

1427 2354 1486 2402 63.
1516 2354 1725 2404 Necpoffum
1745 2366 1788 2395 <9¹
1808 2354 1938 2406 capim]
1975 2355 2172 2394 Distichon
2193 2357 2414 2404 inficetum,

1373 2416 1444 2442 nec
1477 2404 1706 2442 Nasonianae
1728 2434 1738 2449 ,
1776 2404 1802 2443 fi
1829 2406 1917 2454 quid
1947 2406 2083 2450 video,
2114 2419 2242 2446 venae.
2270 2409 2419 2449 Hiems.

1376 2456 1466 2493 Non
1488 2455 1640 2505 quidem
1661 2456 1736 2494 hoc
1755 2456 1933 2494 distichon
1957 2457 2099 2494 accedit
2128 2457 2174 2495 ad
2195 2460 2357 2498 nitorem
2377 2460 2420 2499 il-

1374 2508 1450 2544 lum
1466 2534 1476 2551 ,
1504 2518 1617 2555 quern
1639 2507 1675 2544 in
1697 2507 1883 2544 amatoriis
1912 2506 2069 2545 versibus
2090 2507 2248 2547 Ovidius
2269 2511 2420 2549 exhibe-

1377 2557 1448 2595 bat.
1473 2557 1532 2594 sed
1552 2569 1638 2596 cum
1658 2557 1757 2606 plura
1780 2557 1902 2595 fimilis
1931 2566 2045 2595 notae
2073 2557 2140 2596 sint
2161 2559 2197 2596 in
2221 2561 2274 2599 his
2294 2562 2412 2608 libris,

1376 2608 1592 2653 scriberem,

1429 2665 1501 2697 Nec
1513 2660 1642 2708 possum
1654 2687 1664 2704 ,
1692 2669 1732 2696 ut
1749 2660 1860 2709 cupio,
1889 2660 2004 2697 molles
2020 2660 2180 2699 deducere
2199 2663 2328 2712 versus.

1378 2721 1465 2747 nam
1489 2711 1526 2747 in
1548 2711 1764 2759 quibusdam
1794 2711 1982 2749 codicibus
2008 2712 2077 2757 est,
2106 2725 2171 2748 non
2195 2714 2317 2750 nullos.
2343 2713 2424 2764 pos-
2467 2718 2472 2721 ’

1381 2760 1431 2798 set
1451 2760 1512 2804 δε,
1538 2774 1605 2797 non
1632 2762 1757 2798 multos
1785 2761 1905 2798 ducere
1932 2763 2059 2811 versus.
2087 2771 2126 2800 ut
2155 2776 2326 2812 magnam
2358 2777 2427 2803 co·

1383 2811 1482 2859 piam
1501 2811 1536 2848 se
1559 2812 1617 2848 vel
1635 2813 1794 2851 invitum
1812 2812 2002 2850 effundere
2023 2813 2188 2851 versuum
2204 2815 2321 2860 dicat,
2353 2828 2422 2854 un-

1385 2861 1430 2898 de
1461 2863 1623 2906 accidit,
1665 2873 1703 2900 ut
1734 2875 1810 2911 pars
1842 2863 1920 2900 casu
1952 2863 2010 2900 vel
2039 2864 2127 2902 dolo
2166 2864 2324 2903 flammis
2353 2867 2422 2904 eri-

1384 2913 1513 2960 piatur.
1547 2912 1655 2950 dicere
1677 2914 1787 2951 etiam
1813 2914 1962 2950 Moreti.
1990 2918 2083 2951 mere
2111 2919 2228 2963 versus
2251 2916 2423 2956 Leidens.

1383 2962 1485 3012 quod
1503 2963 1592 3011 quid
1615 2964 1703 3002 velit
1731 2964 1867 3002 nescio.
1895 2964 2014 3001 ducere
2041 2979 2179 3002 carmen
2199 2967 2308 3003 etiam
2332 2968 2425 3006 dixit

1385 3026 1412 3050 1.
1433 3025 1476 3050 ex
1500 3014 1606 3051 Pont.
1639 3028 1673 3051 v.
1697 3026 1728 3059 7.
1758 3015 1819 3052 ubi
1839 3017 1876 3052 ὅ(
1899 3016 1985 3052 vers.
2010 3027 2066 3065 13.
2092 3016 2252 3054 deducere
2273 3019 2424 3066 versum.

1384 3064 1470 3101 vide
1488 3064 1632 3101 Salmas.
1659 3065 1704 3102 ad
1726 3065 1903 3103 Simmiae
1921 3078 2037 3103 ovum
2058 3078 2125 3114 pag
2153 3069 2235 3104 166.
2271 3067 2400 3107 Euam.

1437 3116 1496 3162 65.
1525 3116 1616 3152 Hinc
1637 3114 1702 3164 nisi
1715 3126 1797 3165 pars
1815 3119 1892 3162 casu
1905 3115 2063 3165 flammis
2083 3126 2193 3164 erepta
2208 3118 2351 3164 dolove,
2364 3118 2424 3157 Ad

1384 3179 1445 3203 vos
1465 3166 1594 3214 ingenii
1617 3180 1684 3203 non
1706 3168 1804 3203 venit
1821 3167 1894 3203 ulia
1915 3165 2020 3215 mei.]
2050 3167 2090 3203 In
2115 3170 2248 3213 veteri,

1435 3221 1507 3252 Nec
1527 3215 1593 3264 nist
1605 3227 1686 3265 pars
1699 3245 1708 3259 ‚
1729 3222 1807 3263 casu
1827 3216 1982 3263 flammis
2000 3226 2111 3266 erepta
2131 3218 2273 3264 dolove,

1492 3266 1554 3304 Ad
1580 3281 1640 3303 vos
1659 3267 1786 3315 ingenii
1802 3267 1960 3315 pervenit
1982 3267 2057 3303 ulla
2077 3270 2155 3307 mei.

1386 3317 1578 3357 Probanda
1599 3317 1724 3356 lectio.
1753 3317 1868 3358 (ἕως.
1895 3317 2080 3357 εμὲιναιῗα
2102 3319 2244 3371 doloque
2258 3317 2408 3369 Juniani

2271 3384 2302 3412 1-
2329 3378 2426 3409 Hanc
