2495 3675
729 173 791 231 P.
867 171 1287 233 0V1D11

527 272 686 332 Haec
711 275 874 350 igitur
895 277 1076 351 regie,
1114 273 1293 345 magni
1319 288 1434 342 pars
1465 271 1651 328 ultima
1675 275 1894 342 mundi,
1962 335 1966 339 Β
2365 289 2379 299 “
2479 281 2483 336 l

594 348 774 422 Quam
803 349 989 424 fugere
1017 348 1259 404 homines
1284 344 1494 419 Dique,
1530 345 1828 418 propinqua
1853 349 1983 407 mihi
2012 353 2099 410 est.

1360 170 1890 238 NASONIS

383 423 449 493 85
524 423 712 496 Atque
739 441 910 479 meam
940 438 1131 476 terram
1161 436 1331 491 prope
1355 419 1472 474 sunt
1497 418 1740 474 funebria
1765 420 1936 486 sacra,

606 497 660 552 Si
689 496 856 550 modo
887 494 1080 549 Nasoni
1106 492 1321 546 barbara
1350 506 1488 547 terra
1513 492 1597 546 sua
1623 491 1711 547 est.

530 568 584 624 O
616 570 817 624 utinam
843 566 1018 630 venti,
1053 564 1245 637 quibus
1270 565 1343 618 est
1369 565 1565 620 ablatus
1589 563 1831 631 Oreste3‚

603 642 819 697 Placato
844 638 1074 694 referant
1102 638 1153 692 &
1185 655 1303 692 mea
1328 639 1441 693 vela
1466 638 1616 694 Deo!

291 782 351 819 81.
379 778 515 823 sacra]
538 778 640 826 signa
660 774 748 812 duo.
780 774 871 812 dona
895 786 1000 814 unus.

296 832 356 873 82.
385 838 425 868 In
449 826 626 877 meliora]
681 826 845 863 Ariciam
875 829 975 864 enim
1005 824 1111 863 deam
1143 825 1286 870 attulit,

239 892 281 922 ut
309 884 419 921 docet
452 881 596 919 Servius
625 880 662 916 in
687 876 775 915 loco
807 876 913 926 Virg.
940 889 985 915 11.
1020 875 1173 915 AEneid.
1204 876 1287 915 116.

238 936 404 974 Meam.
469 930 542 968 Vel
572 938 611 967 ut
648 927 840 977 Euripides
873 930 911 966 &
942 928 1087 972 ceteri,
1133 926 1289 966 Brauro-

238 997 326 1024 nern
341 1013 350 1029 ‚
379 981 480 1031 quod
502 989 607 1019 vetus
626 979 804 1028 oppidum
827 979 974 1016 Atticae
994 978 1076 1017 fuit.
1110 978 1210 1016 Vide
1223 978 1288 1016 Fa-

238 1036 361 1073 hulam
385 1032 694 1081 Euripidis,quae
717 1029 918 1068 inscribitur
939 1029 1113 1080 Iphigenia
1136 1029 1172 1065 ἐν
1193 1031 1290 1067 Ταύ-

241 1100 318 1134 ροις.
339 1087 519 1124 MicuL.

294 1136 353 1185 83.
382 1135 479 1184 Regio
502 1133 621 1182 magni
636 1142 719 1182 pene
737 1131 866 1169 ultima
887 1131 1052 1182 mundi.]
1090 1131 1217 1181 Magni
1232 1141 1289 1177 pe-

242 1187 392 1226 netralia
420 1185 545 1224 mundi
575 1184 758 1222 Barberin.
789 1185 828 1222 &
860 1184 1153 1232 Gottorphianus
1174 1211 1185 1228 ,
1214 1183 1289 1221 ele—

239 1240 340 1288 ganti
362 1236 604 1286 appofitione.
650 1234 813 1273 Pontum
839 1234 1031 1272 abstrusam
1070 1235 1108 1272 &
1136 1234 1289 1272 interio—

241 1301 319 1327 rem
343 1290 437 1327 orbis
460 1295 599 1335 partem
620 1286 787 1334 appellat.
815 1286 948 1324 monui
978 1285 1079 1334 supra
1100 1286 1174 1322 hoc
1193 1284 1286 1322 libro

241 1340 346 1391 Eleg.
369 1351 416 1379 11.
440 1339 495 1383 Μ.
520 1350 578 1388 ςς.
605 1338 755 1376 Heius.
789 1336 1016 1376 Dotffiffimo
1035 1335 1177 1375 auctori
1200 1335 1287 1373 Ele·

1343 773 1489 812 &orum
1520 774 1766 813 Etonenfiurn
1797 787 1875 815 non
1911 776 2030 827 placet
2063 779 2154 817 haec
2184 780 2386 831 corre&io;

1342 826 1427 873 quia
1451 826 1644 875 penetralia
1666 838 1743 865 non
1763 827 1860 865 reete
1890 830 2113 878 vituperanti
2144 831 2282 870 Poetae
2299 834 2388 874 haec

1342 876 1424 914 loca
1443 879 1684 916 conveniunt.
1710 877 1793 915 haec
1818 879 1926 928 igitur
1953 881 2075 930 magni
2088 891 2187 929 poene
2205 891 2285 930 pars
2304 885 2387 922 ulti-

1346 940 1405 964 ma
1430 929 1554 965 mundi
1576 928 1744 967 Bemens.
1774 941 1844 968 nec
1868 930 2023 970 Francio
2049 933 2242 980 penetralia
2272 933 2388 982 place·

1344 977 1451 1022 bant,
1480 981 1565 1029 quia
1586 989 1675 1017 tunc
1701 981 1793 1028 perit
1822 982 2008 1031 oppositio
2031 985 2095 1020 τοῦ
2113 985 2316 1034 propinqua.
2335 985 2388 1032 uh

1344 1028 1453 1066 timus
1465 1030 1554 1067 orbis
1574 1042 1602 1068 1.
1621 1031 1727 1068 Trist.
1750 1043 1777 1068 1.
1802 1042 1873 1080 127
1913 1032 2048 1072 Bunm.

1397 1080 1458 1129 85.
1485 1087 1606 1132 Atque
1625 1094 1740 1119 meam
1760 1083 1934 1134 terram]
1973 1085 2164 1124 Distichon
2186 1086 2297 1124 etiam
2315 1086 2388 1128 hoc

1346 1131 1557 1170 Ovidianae
1580 1144 1696 1170 venae
1722 1133 1784 1170 vix
1805 1134 1854 1172 est
1875 1143 1914 1172 ut
1933 1136 2130 1174 censeatur.
2161 1137 2306 1176 Hzms.

1345 1233 1372 1272 B
1397 1181 1456 1271 ἓξ.
1484 1183 1656 1234 Nasoni.]
1710 1185 1861 1237 Nasonis
1888 1186 2035 1233 Junian.
2054 1188 2195 1228 Moret.
2226 1189 2265 1227 ὃ(
2294 1187 2389 1230 Edit.

1377 1246 1394 1272 e
1430 1246 1480 1272 m.

1398 1283 1458 1325 88.
1487 1289 1534 1322 Et
1555 1298 1632 1323 mea
1651 1285 1772 1336 vela]
1815 1287 1906 1326 Hinc
1938 1302 2014 1326 mea
2035 1289 2220 1330 Barberin.
2242 1291 2282 1330 &
2303 1292 2392 1341 quai

1344 1343 1431 1374 tuor
1452 1336 1525 1375 alii.
1543 1337 1723 1387 optinum
1735 1339 1851 1377 ventis
1869 1339 2040 1383 Beruens.

964 1518 1519 1590 ELEGIA
1613 1524 1694 1590 V.

719 1675 862 1732 Mihi
886 1674 1108 1731 dilee'tos
1131 1675 1272 1731 inter
1295 1677 1403 1732 sors
1429 1682 1596 1750 prima
1621 1678 1845 1746 sodale3‚

789 1749 963 1803 Unica
987 1749 1215 1804 fortunis
1243 1768 1327 1805 ara
1353 1765 1564 1824 reperta
1591 1753 1747 1809 meis:

532 1825 700 1894 Cujus
724 1822 787 1877 ab
812 1822 1071 1893 adloquiis
1097 1822 1267 1877 anima
1291 1823 1420 1879 haec
1449 1824 1766 1883 moribunda
1788 1827 1980 1886 revixit
1995 1867 2012 1895 2

608 1898 684 1952 Ut
715 1896 839 1966 vigil
863 1893 1031 1949 infusit
1062 1896 1269 1949 Pallade
1298 1895 1513 1953 flamma
1538 1898 1694 1954 solet:

509 2025 512 2028 Α
534 1971 648 2044 Qui
673 1970 871 2023 veritus
894 1985 1004 2022 non
1031 1985 1086 2022 es
1109 1982 1297 2040 portus
1324 1971 1531 2042 aperire
1556 1972 1770 2039 fideleS,

611 2042 851 2098 Fulmine
876 2040 1145 2111 percuffae
1172 2042 1595 2118 confugiumque
1624 2053 1746 2102 rati:

537 2114 707 2177 Cuius
733 2131 878 2168 eram
904 2113 1062 2169 censu
1089 2131 1198 2169 non
1222 2133 1308 2170 me
1333 2118 1573 2174 sensurus
1600 2133 1880 2192 egentem,

614 2187 668 2243 Si
695 2187 885 2242 Caesar
915 2186 1103 2258 patrias
1129 2188 1394 2261 eripuisset
1420 2208 1576 2263 opes:

302 2416 336 2445 r.
365 2407 458 2441 Inter
469 2402 543 2451 fhrs
558 2401 673 2452 prima
695 2395 866 2448 fiilialem]
921 2402 1009 2435 Pars
1030 2398 1213 2438 meliores.
1239 2408 1294 2439 ta-

248 2469 336 2495 men
359 2457 395 2493 in
418 2453 523 2492 Fastis
538 2481 548 2498 ,
577 2464 631 2490 v1.
652 2460 710 2499 30.
738 2448 864 2487 matris
880 2448 950 2504 [ers
970 2462 1022 2497 ego
1043 2450 1157 2497 prima
1169 2450 1241 2497 fui.
1255 2452 1293 2489 ὅ(

251 2509 344 2545 Met.
364 2517 453 2544 xm.
479 2506 563 2551 651.
613 2501 808 2540 Foemineae
828 2500 928 2545 fhrtts
946 2510 1012 2547 pro
1034 2500 1135 2548 prole
1158 2502 1293 2539 foemi-

247 2569 318 2596 nea
358 2557 404 2594 sic
426 2555 534 2604 Epist.
553 2566 643 2592 vm.
673 2552 838 2600 legebam
862 2578 872 2594 ,
908 2555 982 2586 Sors
1003 2550 1084 2587 haec
1111 2564 1184 2588 una
1207 2552 1296 2589 mihi

248 2609 373 2652 conjux
405 2607 484 2643 bene
506 2603 590 2654 ceffit
613 2604 751 2652 Orestes.
776 2612 855 2640 non
876 2609 970 2650 pars.
1008 2601 1154 2641 Hiems.
1206 2609 1295 2641 Pars

249 2658 356 2695 inulti
386 2659 496 2695 etiam
525 2657 627 2695 editi.

304 2729 338 2756 2.
366 2720 470 2756 Unica
486 2719 639 2765 fortunis
659 2730 724 2755 ara
743 2725 874 2766 reperta
893 2715 1012 2766 meis]
1043 2717 1215 2755 Solebant
1229 2728 1292 2755 ve-

250 2777 366 2812 teres,
397 2772 455 2807 ubi
486 2781 691 2808 extremum
721 2768 870 2817 aliquod
892 2767 1093 2816 periculum
1117 2769 1293 2806 immine·

250 2819 334 2863 bat,
363 2820 406 2857 ad
437 2832 509 2858 aras
538 2830 729 2870 tamquam
759 2819 800 2856 ad
825 2827 945 2856 tutum
965 2819 1091 2856 locum
1113 2820 1292 2868 confuge-

250 2880 300 2906 re.
329 2871 371 2907 ad
389 2882 499 2920 quam
518 2871 822 2909 consuetudinem
842 2868 956 2906 allusit
974 2870 1204 2918 Virg.lib.11.
1224 2869 1289 2906 AE·

251 2920 380 2959 neidos
402 2949 412 2966 ‚
451 2933 534 2959 cum
563 2923 610 2959 ait
640 2921 802 2959 Graecos
823 2919 930 2958 Ilium
960 2920 1038 2970 jam
1063 2918 1133 2958 effe
1160 2920 1295 2969 ingres-

252 2969 328 3008 sos:

305 3021 454 3060 AEdibus
475 3022 510 3058 in
534 3022 675 3066 mediis,
704 3023 860 3071 nudoque
870 3021 938 3070 sub
958 3021 1108 3058 aetheris
1129 3035 1196 3061 axe

305 3079 427 3121 Ingens
445 3085 508 3108 ara
523 3074 620 3119 fuit.-
647 3074 819 3121 juxtaque
840 3072 1029 3108 veterrima
1050 3072 1170 3110 laurus

307 3122 511 3161 Incumbem
529 3136 631 3167 arae,
659 3135 763 3174 atque
784 3121 909 3158 umbra
930 3122 1102 3171 complexa
1125 3131 1268 3162 Penates
1282 3140 1293 3162 .·

303 3173 372 3211 Hic
391 3173 528 3211 Hecuba
542 3186 605 3217 ,ω’
625 3185 727 3210 natae
747 3173 975 3222 nequicquam
998 3171 1129 3210 altaria
1149 3175 1293 3222 circum,

303 3225 506 3273 Praecipites
527 3234 607 3260 atra
627 3237 682 3260 ceu
703 3223 894 3273 tempestate
913 3223 1086 3260 columbae
1101 3252 1110 3266 ‚

302 3275 524 3322 condensae,
567 3287 610 3317 <7¹
641 3274 769 3314 divam
799 3274 977 3324 amplexae
992 3272 1179 3323 simulacra
1202 3287 1294 3315 tene-

424 3325 524 3365 bant.

2226 2263 2395 2320 Tem-

2487 2298 2490 2366 l

1347 2402 1396 2440 Et
1412 2402 1472 2441 hic
1493 2401 1626 2458 Noster
1646 2401 1749 2451 Eleg.
1771 2414 1842 2459 int.
1863 2401 1982 2459 libn.
2008 2402 2054 2441 de
2075 2403 2222 2450 Ponto,
2250 2403 2297 2443 de
2317 2403 2395 2442 Au·
2486 2385 2490 2463 i

1347 2453 1460 2502 gusti,
1490 2454 1656 2498 Tiberii,
1685 2455 1722 2491 ὅ(
1744 2454 1875 2491 Liviae
1895 2455 2138 2503 imaginibus:
2487 2471 2489 2491 l

1454 2520 1519 2552 Vos
1541 2515 1635 2553 eritis
1658 2515 1790 2554 nostrae
1807 2525 1925 2564 portus
1941 2542 1951 2558 ‚
1978 2526 2021 2554 ef
2040 2529 2105 2552 ara
2118 2519 2248 2565 fugae:

1403 2571 1465 2602 Vos
1483 2579 1537 2614 ego
1557 2566 1758 2614 complec'iar
1777 2566 1904 2602 Geticis
1917 2564 1952 2614 fi
1972 2566 2085 2615 cingor
2107 2567 2151 2603 ab
2171 2568 2305 2614 armis,

1452 2622 1561 2666 thue
1580 2630 1672 2654 meas
1685 2616 1862 2664 Aquilas,
1890 2616 2004 2661 vestra
2023 2630 2076 2666 ego
2087 2615 2188 2666 signa
2209 2619 2346 2669 fi’quar.

1347 2665 1521 2755 ffdiqgau.
1585 2672 1666 2704 Ara
1698 2667 1818 2705 renata
1850 2668 2005 2706 Combii
2033 2667 2137 2708 liber.
2180 2681 2260 2708 non
2290 2671 2396 2717 inve-j
2486 2710 2488 2741 l

1404 2794 1436 2833 3.
1460 2785 1689 2836 Adimam]
1720 2787 1874 2838 Eloquia
1904 2788 2062 2838 Regius,
2087 2787 2239 2826 Putean.
2268 2787 2396 2829 &tres
2486 2766 2488 2783 '

1350 2835 1421 2873 alii.
1457 2837 1561 2874 male,
1588 2838 1752 2888 adloquia
1783 2840 1864 2878 sunt
1894 2839 2069 2876 solamina
2091 2867 2101 2883 ‚
2138 2839 2274 2877 miseris
2303 2840 2397 2879 data.

1351 2899 1442 2925 mox
1457 2915 1467 2933 ‚
1487 2888 1604 2937 infusa
1626 2889 1786 2938 lampade
1805 2901 1911 2928 unus.
1935 2890 2066 2940 insulsa
2089 2890 2248 2940 lampade
2271 2890 2371 2930 alius.

1405 2966 1438 3001 ς.
1469 2953 1651 3003 Aperire.]
1682 2955 1829 3004 Aperiffe
1846 2952 1949 2992 Voss.
1975 2955 2129 3004 Quind‘t.
2151 2955 2323 2993 Decl.1x.
2342 2953 2400 2994 16.

1343 3013 1485 3053 portum
1515 3005 1736 3052 benignitatis
1766 3006 1907 3055 aperire.
1933 3005 2059 3043 Sidon.
2092 3005 2205 3054 Apol.
2226 3018 2252 3045 1.
2273 3005 2342 3056 Ep.
2359 3015 2397 3053 2,
2486 3034 2487 3042 l

1350 3054 1570 3104 absolutionis
1581 3054 1719 3103 subitae
1742 3057 1896 3107 aperitur
1912 3066 2043 3106 portus.
2486 3077 2488 3112 ρ

1400 3129 1438 3167 7.
1470 3119 1578 3166 Cujus
1598 3133 1692 3157 eram
1725 3124 1822 3167 censu
1854 3133 1922 3158 non
1948 3134 2002 3158 me
2019 3121 2184 3168 sensurus
2201 3119 2392 3174 egentem]
2485 3129 2487 3136 ⁴

1349 3171 1458 3209 Unus
1487 3170 1607 3208 Vatic.
1639 3173 1677 3209 ὅ(
1701 3171 1925 3210 Bussidianus
1943 3198 1953 3215 ,
1976 3173 2162 3220 Censurus.
2193 3175 2292 3212 Vide
2304 3183 2396 3224 quae
2485 3146 2488 3232 i

1350 3230 1445 3260 noto
1475 3221 1519 3258 ad
1548 3220 1657 3269 Epist.
1677 3235 1747 3260 vu.
1776 3222 1832 3266 ylss.
1859 3231 1926 3272 47.
1966 3221 2151 3271 Superiori
2177 3224 2394 3262 hexametro

1349 3273 1431 3320 lege
1457 3283 1544 3311 curn
1572 3272 1708 3323 scriptis
1730 3299 1743 3320 ‚
1779 3273 1855 3323 Qi
1880 3273 2014 3312 veritus
2042 3287 2111 3312 non
2143 3288 2174 3313 es
2196 3303 2209 3322 ‚
2243 3286 2312 3324 pro
2339 3272 2396 3320 ell-

1350 3324 1496 3364 Herus.

2256 3383 2296 3426 9.-
2319 3375 2395 3422 ,Μ’
