2495 3675
371 183 931 248 EPISTOLARUM
969 182 1078 240 EX
1115 183 1398 243 PONTO.
1436 187 1558 244 Lm.
1597 191 1655 248 11.
1694 194 1875 256 Eius-r.
1913 201 2009 260 IV.

2155 219 2249 272 771

392 282 499 338 Sed
525 281 561 336 fi
583 280 687 336 sola
716 279 847 335 mihi
871 279 1069 334 dentur
1094 292 1181 334 tua
1209 294 1364 344 vota;
1405 283 1694 353 precabor,

466 353 541 408 Ut
565 354 660 408 tibi
684 353 742 406 fit
768 352 904 407 salvo
927 351 1150 405 Caesare
1175 352 1305 406 salva
1331 370 1532 426 parenS.

397 425 557 482 Haec
582 443 712 498 eg0,
751 439 874 478 cum
907 423 1110 478 faceres
1135 424 1312 480 altaria
1335 429 1547 500 pinguia
1571 442 1721 495 ture,

256 515 358 551 100

105 634 167 671 hic
185 633 281 673 dicat
302 635 450 674 easdem
472 636 647 683 Austrum
659 633 815 679 mollire,
843 633 1145 673 Lucret.111.20.

105 685 184 721 Nix
202 686 276 723 a'e‘7i
296 697 449 724 concreta
463 687 594 736 pruina
606 713 616 730 ,
630 687 668 722 &
682 685 800 722 Cicer.
812 696 856 722 11.
875 683 920 721 de
932 684 1145 723 Nat.De0r.

104 739 218 785 Aqua
237 749 342 786 neque
361 736 586 785 conglaciaret
605 733 812 784 frigoribus,
826 748 931 784 neque
950 736 1033 772 nive
1047 735 1144 786 prui-

104 798 217 834 naque
237 787 452 833 concresceret
472 816 482 832 ,
518 784 584 835 nisi
604 787 721 823 eadem
740 785 771 831 fe
791 785 950 822 admixto
970 786 1079 823 calore
1100 785 1145 822 li·

97 836 264 884 quefaHa
285 848 327 876 ω’
348 837 482 886 delapsa
503 836 719 885 diffunderet.
762 841 884 885 ltaque
903 846 947 874 (θ’
971 835 1145 886 aquiloni-

107 885 169 922 bus
187 886 392 937 reliquisque
409 887 591 937 frigoribus
608 885 749 934 adjectis
765 883 911 933 durescit
928 884 1052 922 humor
1063 914 1074 929 ‚
1103 896 1147 925 (φ’

103 935 196 972 idem
210 937 353 983 viciffim
373 938 532 976 mollitur
551 938 734 986 tepefaHus
749 961 760 979 ,
782 944 825 974 (9⁴
853 934 996 984 tabescit
1028 936 1148 974 calore.

105 986 283 1024 AUCTOR
305 989 455 1026 Ειεςτ.
482 989 612 1026 Eion.
649 987 819 1023 indurare
838 994 966 1024 tamen
987 987 1026 1025 ὃ(
1048 986 1149 1034 resol-

105 1049 186 1073 vere
209 1039 400 1087 conjungit
421 1038 551 1076 Noster
573 1037 634 1075 lib.
653 1049 717 1074 111.
744 1035 854 1074 Trist.
874 1049 909 1075 x.
932 1047 990 1085 13.
1013 1038 1052 1076 ὅ(
1066 1038 1152 1087 quia

102 1087 287 1136 aquaticus
305 1090 363 1126 hic
391 1088 521 1126 Auster
546 1087 701 1131 dicitur,
739 1087 872 1125 rectius
895 1087 1031 1136 fhlvere
1060 1099 1153 1126 con-

105 1139 233 1175 venire
255 1147 358 1186 puto.
392 1149 432 1176 ut
452 1140 490 1176 &
526 1139 576 1184 τῷ
602 1148 741 1186 guttae:
771 1138 914 1176 mollita
934 1139 1034 1176 enim
1056 1151 1153 1177 non-

104 1186 193 1224 dum
216 1188 369 1233 labitur,
396 1189 455 1226 sed
484 1189 599 1226 soluta
624 1192 660 1225 &
680 1188 878 1238 liquefacta
897 1190 1066 1237 guttatim
1089 1190 1154 1228 de-

107 1237 198 1277 fluit.
225 1238 354 1277 &hoc
385 1240 498 1287 exigit
525 1249 700 1288 perpetua
729 1239 931 1277 Poetarum
962 1251 1154 1288 compara·

105 1287 161 1325 tio
191 1288 421 1327 lacrimarum
457 1301 541 1328 cum
573 1293 661 1328 nive
693 1289 831 1328 fluente
852 1317 864 1335 ,
901 1301 979 1328 non
1009 1291 1152 1329 mollita

104 1345 262 1377 tantum.
290 1340 417 1377 Senec.
446 1340 604 1390 Hippol.
626 1340 712 1390 380.

155 1408 338 1448 Lacrimae
359 1412 491 1449 cadunt
505 1422 565 1462 per
583 1425 643 1449 ora
655 1438 666 1456 ,
694 1409 889 1459 &adsiduo
902 1424 1007 1461 genae

156 1464 244 1497 Rore
262 1461 456 1510 irrigantur
470 1491 480 1507 ‚
513 1462 664 1514 qualiter
679 1462 787 1499 Tauri
804 1462 896 1511 jugis

157 1511 278 1559 Tepido
300 1512 500 1559 madescunt
519 1512 630 1551 imbre
641 1512 794 1562 perfusae
819 1515 929 1550 nives.

105 1572 180 1610 vid.
199 1575 237 1612 &
259 1575 354 1624 apud
368 1576 542 1614 Nostrum
570 1588 598 1612 1.
619 1574 756 1612 Amor.
779 1584 889 1611 v111.
904 1584 960 1619 57.
992 1571 1094 1620 Eleg.
1117 1573 1154 1611 in

108 1622 215 1662 Drus.
239 1637 323 1664 101.
342 1626 453 1674 Epist.
476 1625 758 1665 Heroid.x111.
781 1635 839 1672 52.
867 1622 1156 1662 &alibhssuam

158 1703 220 1742 91.
247 1700 338 1730 Haec
365 1693 472 1741 igitur
493 1693 679 1744 referens.]
728 1698 888 1739 Repetens
910 1691 1000 1729 velit
1022 1691 1152 1739 reponi

109 1743 223 1781 Faber
239 1744 302 1781 lib.
322 1756 352 1781 1.
374 1745 483 1793 Epist.
505 1758 565 1792 71.
591 1747 665 1782 hoc
686 1742 734 1780 est
764 1742 996 1786 recordatus,
1025 1751 1064 1779 ut
1095 1741 1154 1779 ille

107 1796 373 1844 interpretatur.
396 1798 497 1846 atqui
527 1796 671 1846 vulgata
695 1793 864 1841 scriptura
886 1792 1054 1831 eundern
1076 1791 1156 1837 sene

559 1970 1141 2057 ATT

470 500 560 554 Te
587 500 798 553 solitum
823 496 1043 550 memini
1069 497 1235 568 prima
1262 517 1452 572 rogare

1479 502 1643 559 Deos,

1200 636 1280 675 sum
1302 637 1422 676 habet.
1448 639 1547 678 Vide
1569 629 1664 689 quae
1686 649 1858 681 notamus
1878 640 1922 680 ad
1942 641 2141 691 Epistolam
2162 648 2244 685 Oe·-

1199 698 1328 742 nones.
1356 689 1456 726 idem
1477 689 1530 727 vir
1558 691 1688 731 doctus
1718 693 1755 731 in
1777 693 1945 743 Epistolis
1963 695 2074 742 paulo
2091 695 2169 744 post
2187 708 2248 735 ca·-

1201 737 1405 786 stigandum
1432 740 1621 780 censebat:

1257 803 1419 853 Respicias
1441 816 1591 844 veterem
1610 806 1708 858 lapsis
1727 808 1764 845 in
1785 809 1882 847 rebus
1899 809 2065 849 amicum.

1202 869 1319 908 nihilo
1349 873 1502 912 felicius.
1529 886 1615 912 narn
1641 903 1651 919 ‚
1690 875 1830 924 Respicis
1858 877 2047 927 antiquum
2070 877 2247 923 amicum

1203 921 1305 977 quod
1338 924 1376 961 in
1409 925 1561 972 vulgatis
1590 925 1638 963 est
1664 953 1675 969 ,
1724 927 1878 964 minime
1919 927 2100 965 sollicitari
2129 928 2250 966 debet„

1207 977 1391 1021 Antiquut
1412 976 1545 1012 amicus
1575 977 1675 1014 enim
1705 976 1802 1014 idern
1819 1005 1828 1020 ‚
1857 978 1919 1026 qui
1943 979 1980 1015 ὃ(
2002 988 2122 1023 vetus,
2150 979 2248 1027 opti-

1207 1022 1275 1059 mis
1295 1023 1525 1073 scriptoribus
1546 1026 1690 1065 dicitur.
1716 1026 1764 1065 fic
1785 1028 1909 1076 Elegia
1923 1055 1933 1072 ,
1962 1040 1998 1066 v.
2018 1028 2072 1071 xrs.
2083 1038 2146 1078 43.

1208 1090 1309 1172 HTu
1330 1100 1434 1125 comes
1457 1089 1629 1139 antiquus
1643 1117 1652 1133 ,
1682 1100 1723 1127 tu
1744 1089 1867 1140 primis
1879 1091 2023 1139 junctus
2042 1091 2087 1128 ab
2108 1091 2223 1130 annis.

1254 1148 1353 1176 ems.

1256 1199 1317 1235 92.
1347 1188 1483 1238 Vides]
1514 1195 1622 1226 Putas
1643 1190 1786 1237 Junian.
1809 1191 1965 1241 Argent.
1986 1193 2024 1230 ὅτ
2042 1191 2100 1230 sex
2120 1192 2194 1231 alii.

1256 1249 1319 1285 93.
1347 1238 1461 1288 Lapfis
1482 1240 1521 1276 in
1541 1240 1675 1289 rebus]
1706 1240 1810 1287 Laffi's
1831 1242 2002 1280 meliores
2022 1254 2153 1280 omnes
2171 1244 2247 1282 hoe

1203 1288 1302 1326 Ιοεο.
1332 1288 1416 1327 vide
1447 1292 1562 1328 Notas
1593 1291 1706 1330 Trist.
1734 1292 1794 1329 lib.
1815 1304 1842 1329 1.
1868 1292 1971 1340 Eleg.
1993 1305 2082 1329 vm.
2105 1292 2160 1335 J‘Js.
2186 1302 2248 1342 35.

1204 1339 1346 1377 Hiems.
1385 1339 1445 1377 Sic
1481 1341 1598 1379 Plaut.
1625 1342 1735 1379 Stich.
1757 1354 1810 1379 ιν.
1835 1354 1865 1380 1.
1893 1342 1929 1378 Si
1948 1356 1998 1379 res
2018 1343 2102 1391 lassa
2129 1342 2253 1390 labat,

1208 1389 1329 1427 itidem
1348 1390 1455 1427 amici
1477 1391 1719 1440 collabascunt.
1747 1392 2250 1433 Auci·on.EtEc1.Er0N.

1259 1467 1319 1505 94.
1348 1456 1540 1506 Vulnera.]
1569 1460 1707 1495 Pectora
1731 1458 1903 1496 Leidens.
1923 1460 1959 1496 ὅ(
1982 1467 2140 1508 quatuor
2153 1460 2225 1498 alii.

1261 1533 1325 1570 95.
1350 1520 1455 1570 Copia
1470 1520 1582 1570 fian]
1623 1521 1726 1571 Copia
1755 1521 1860 1559 detur
1878 1531 2036 1572 quatuor
2056 1523 2147 1562 libri.
2170 1536 2254 1572 gra-5

1211 1571 1264 1609 tia
1280 1571 1350 1620 fiat
1363 1573 1434 1610 Ms.
1457 1572 1591 1611 Bersm.
1609 1573 1726 1621 gratia
1745 1573 1846 1610 detur
1870 1585 1962 1612 unus
1985 1573 2140 1612 Heinsii.

1261 1639 1325 1688 96.
1351 1641 1542 1678 Commoda
1578 1640 1674 1677 mille
1711 1641 1870 1691 precem]
1927 1640 2050 1679 Scribe
2072 1669 2083 1686 ,
2126 1649 2255 1690 precer.

1213 1691 1392 1788 nggzsw
1413 1741 1476 1779 tibi
1491 1740 1541 1790 fit
1556 1741 1690 1792 salvo]
1721 1742 1828 1780 Unus
1847 1742 1965 1781 codex
1981 1769 1991 1787 ,
2009 1740 2085 1791 fint
2104 1742 2250 1790 elegans,

1209 1799 1277 1829 ter.
1306 1791 1391 1830 vide
1416 1805 1452 1830 v.
1472 1791 1559 1830 Fast.
1580 1802 1669 1840 405.
1697 1802 1736 1829 ut
1760 1804 1823 1830 tua
1846 1793 1974 1832 Servii.

1306 1969 1864 2050 ICO.

782 2175 1375 2274 Eprs-TthA
1471 2171 1577 2239 IV.

532 2342 703 2414 Ccipe
729 2339 1057 2411 colloquium
1084 2340 1263 2411 gelido
1287 2339 1507 2393 Nasonis
1529 2338 1593 2392 ab
1618 2337 1772 2404 Istro,

405 2347 528 2479 A
610 2415 794 2468 Attice
810 2453 823 2475 ,
857 2412 1062 2482 judicio
1086 2430 1195 2465 non
1219 2411 1511 2466 dubitande
1534 2428 1671 2464 meo,

401 2487 613 2561 Ecquid
640 2485 812 2540 adhuc
841 2501 1079 2539 remanes
1106 2501 1316 2538 memor
1346 2483 1568 2537 infelicis
1597 2481 1783 2536 amici?

473 2559 682 2614 Deserit
708 2577 773 2612 an
801 2573 972 2629 partes
1002 2557 1246 2628 languida
1273 2574 1396 2610 cura
1418 2555 1560 2608 suas?

255 2651 288 2703 5
398 2633 526 2689 Non
548 2632 621 2685 ita
646 2631 721 2684 Di
747 2632 913 2685 tristes
940 2631 1069 2685 mihi
1094 2630 1244 2691 sunt,
1275 2643 1332 2683 ut
1359 2627 1579 2682 credere
1602 2624 1819 2697 possim,

472 2704 678 2777 Fasque
704 2716 890 2776 putem
910 2703 1015 2771 jam
1041 2714 1095 2757 te
1119 2719 1229 2757 non
1252 2699 1543 2757 meminisse
1568 2700 1690 2754 mei.

165 2977 201 3004 2.
227 2964 350 3003 Attice
360 2963 488 3012 judicio
507 2976 575 3001 non
596 2961 755 3000 dubitate
783 2960 893 3011 mem]
934 2960 1045 3000 Liber
1065 2959 1148 2999 Urs.

113 3017 154 3055 &
173 3016 279 3054 Maff.
300 3015 494 3053 dubitante.
522 3014 661 3051 Veram
685 3015 816 3052 retinet
836 3012 1036 3052 lectionem
1060 3012 1149 3050 alter

112 3068 235 3104 Vatic.
261 3066 464 3104 dubitande.
500 3066 646 3103 Notum
674 3063 723 3101 est
743 3075 759 3101 t
794 3076 860 3113 pro
880 3064 928 3108 d,
955 3065 994 3100 &
1023 3072 1150 3118 contra

114 3116 137 3155 a
158 3118 274 3165 priscis
293 3117 439 3156 librariis
462 3115 533 3154 effe
550 3115 802 3164 scriptitatum.
831 3115 1000 3152 ClOFAN.
1038 3113 1153 3150 Dubi-

114 3178 215 3206 tante
232 3168 408 3216 plerique.
432 3167 492 3206 sed
511 3165 702 3204 dubitande
722 3165 951 3203 scribendum
975 3175 1059 3201 cum
1083 3163 1155 3211 pri-

115 3229 182 3255 mo
215 3217 393 3255 Mediceo
435 3219 473 3255 &
501 3218 561 3255 sex
591 3217 679 3254 aliis.
715 3217 860 3254 Hms.
916 3214 1156 3252 Doffiffimus

115 3267 261 3306 Auctor
292 3267 406 3304 Elect.
443 3268 555 3307 Eton.
599 3267 733 3306 sublata
775 3265 1006 3305 distinctione
1035 3265 1156 3314 majo=

116 3329 157 3357 re
181 3317 353 3362 volebat,

2099 2821 2247 2876 Ante

1306 2960 1449 3005 Attice,
1479 2960 1608 3010 judicio
1629 2972 1696 2998 non
1716 2956 1906 2996 dubitande
1922 2969 1994 2996 meo

1259 3012 1392 3060 Ecquid
1412 3011 1526 3048 adhuc
1550 3023 1621 3051 &c-

1202 3063 1343 3113 judiciis
1366 3064 1448 3100 meis
1468 3063 1618 3100 Putean.

1261 3128 1294 3161 ς.
1324 3119 1404 3150 Non
1423 3114 1474 3149 ita
1500 3115 1560 3149 Dii
1583 3112 1670 3149 mihi
1693 3113 1774 3158 fimt
1794 3111 1924 3162 testam]
1969 3111 2081 3151 Prava
2104 3110 2240 3151 lectioi

1210 3165 1308 3203 nulla
1328 3165 1515 3201 sententia.
1542 3165 1648 3212 igitur
1679 3164 1951 3201 emendandum
1981 3163 2029 3200 est
2058 3164 2077 3201 ὲ
2099 3162 2238 3199 Paravi-

1211 3227 1262 3252 no
1277 3242 1287 3259 ‚
1314 3220 1394 3250 Non
1415 3214 1468 3250 ita
1492 3214 1553 3249 Dii
1573 3213 1757 3261 mihisunt
1778 3213 1895 3260 tristes.
1916 3214 1951 3250 id
1971 3212 2018 3249 est
2032 3240 2042 3256 ‚
2071 3206 2238 3249 itaaversv.

1213 3275 1324 3314 atque
1346 3266 1435 3302 irati.
1466 3264 1628 3302 Fnaic.
1664 3264 1802 3302 Eadem
1833 3262 2050 3310 exemplaria
2067 3262 2159 3297 hanc
2178 3259 2241 3293 ha-

1212 3316 1300 3355 bent
1318 3314 1518 3355 lec'tionem
1531 3343 1543 3362 ,
1570 3326 1683 3365 quam
1694 3317 1836 3365 ‘merito
1855 3314 1975 3352 laudat
1991 3309 2251 3394 eruditiffimftg
