2495 3675
148 199 276 286 ‘898
651 212 712 269 P.
785 205 1195 268 OVIDII

1269 200 1811 260 NASONIS

471 315 690 388 Qiique
715 313 851 368 acies
875 310 1106 382 Libycas
1139 304 1495 377 Romanaque
1519 303 1721 376 proelia
1745 303 1913 369 dixit;

545 388 616 444 Et
646 386 876 447 Μυίας,
913 381 1091 453 scripti
1115 378 1308 433 dexter
1332 377 1386 432 in
1411 394 1575 432 omne
1599 395 1782 448 genus,

330 480 399 531 25

472 461 892 527 Trinacriusque
920 454 1038 508 suae
1067 451 1353 507 Perseidos
1379 451 1592 513 aufiior,
1629 451 1684 505 &
1710 450 1893 506 autotor

551 531 872 590 Tantalidae
901 527 1113 581 reducis
1136 565 1152 588 ,
1203 523 1662 596 Tyndaridosque
1692 525 1894 597 Lupus,

475 608 547 663 Et
574 607 661 677 qni
693 600 998 655 Maeoniam
1028 596 1322 653 Phaeacida
1348 596 1534 659 vertit,
1576 596 1630 650 ὅζ
1657 615 1760 651 una

552 675 862 733 Pindaricae
888 673 1085 728 fidicen
1110 685 1167 726 tu
1194 685 1443 743 quoque,
1479 669 1657 734 Rufe,
1695 670 1853 742 lyrae.

185 893 226 933 le.
254 892 353 940 quod
373 902 501 929 verum
524 896 626 937 puto.
648 888 797 925 Heius.
824 887 940 924 Hunc
959 883 1144 932 sulpitium
1157 888 1227 920 Ca·

185 946 357 982 merinwn
373 971 381 986 ,
413 941 601 979 consulem
615 939 677 977 sub
691 937 857 988 Augusto
888 937 1228 975 A.V.c·.1>cetx1.

185 1004 287 1044 putat
311 993 568 1039 Glandorpius.
676 989 683 995 '

233 1071 292 1095 20.
324 1058 444 1105 Taskus
466 1056 606 1106 haben]
654 1056 750 1094 Puto
767 1083 777 1098 ‚
804 1060 937 1103 Fuscus.
966 1053 1222 1102 quodnomen

185 1110 299 1157 magis
321 1109 550 1146 Romanum.
579 1107 701 1149 Thufci
732 1116 856 1143 t-,iiiicii
894 1106 1064 1142 Rlictoris
1090 1103 1224 1139 memi-

180 1162 236 1199 nit
251 1161 388 1198 Seneca
402 1159 563 1197 Suasoris
585 1170 631 1196 Ji.
645 1168 735 1195 mox
751 1185 760 1201 ‚
773 1157 902 1193 credere
918 1154 1007 1204 posjis
1021 1183 1029 1197 ‚
1046 1166 1109 1202 pro
1119 1155 1232 1202 posses,

184 1219 344 1260 quatuor
363 1219 517 1248 veteres.
547 1211 689 1246 Hiatus.
719 1213 842 1244 Trocus
871 1209 931 1244 Ms
960 1205 1233 1243 BetimF-abri-

185 1263 285 1300 cium
306 1261 498 1299 Thuscurn
531 1267 717 1298 memorat
748 1259 883 1297 Plinius
914 1259 951 1295 in
980 1256 1101 1293 indice
1132 1254 1232 1292 Libri

185 1325 252 1352 111.
286 1314 349 1361 qui
378 1311 494 1359 posset
525 1313 580 1349 his
609 1310 838 1358 temporibus
873 1308 1087 1346 convenire.
1125 1314 1165 1343 ut
1194 1307 1233 1343 &

186 1363 331 1401 Clodius
354 1362 501 1409 Thaso-us
524 1361 543 1399 a
563 1362 700 1400 Seneca
726 1361 890 1398 Rlietore
911 1365 1151 1396 memoratus.
1174 1356 1233 1394 sed

186 1415 248 1453 ille
271 1415 389 1451 fatuus
410 1414 491 1451 fuit.
519 1413 800 1451 vid.Schottum
813 1410 859 1448 de
882 1410 994 1448 Claris
1008 1408 1102 1458 apud
1122 1410 1233 1445 Sene·

188 1476 270 1504 cam
292 1465 515 1503 Rhetoribus
541 1464 576 1502 in
609 1463 749 1512 Thusco.
777 1462 908 1500 Buuivi.

239 1545 300 1572 2¹.
330 1532 539 1581 Velivolique
560 1530 670 1568 maris
690 1529 829 1580 vates.]
860 1529 897 1566 Ρ.
917 1528 1118 1566 Terentius
1138 1527 1232 1564 Var-

187 1595 230 1623 ro
254 1585 432 1622 Atacinus
463 1595 498 1620 v.
528 1582 660 1620 Crinit.
686 1593 731 1619 11.
765 1581 810 1618 de
845 1581 978 1618 l’o'e'tis.
1009 1588 1067 1627 32.
1111 1578 1234 1615 Miror

187 1637 288 1674 hunc
320 1636 488 1684 ignorare
518 1633 727 1670 Pontanum
745 1659 754 1675 ‚
783 1643 867 1669 cum
907 1630 1163 1668 celeberrimus
1193 1628 1251 1666 iit*

185 1686 329 1731 Poeta,
358 1685 397 1723 &
424 1685 569 1722 Merula
602 1684 681 1732 jam
715 1683 816 1720 illum
852 1680 994 1719 dederit
1024 1680 1233 1718 lectoribus,

187 1737 407 1786 Fragmenta
434 1736 511 1784 ejus
539 1735 686 1783 collegit
712 1734 915 1782 Stephanus
947 1743 1025 1781 pag.
1061 1734 1143 1780 364.
1172 1732 1230 1768 sed

188 1787 363 1826 omiffum
382 1786 426 1824 ab
447 1787 509 1825 illo
532 1786 580 1823 est
609 1785 704 1833 apud
728 1785 925 1832 Philargyr.
954 1783 998 1819 ad
1020 1782 1150 1832 Virgil.
1169 1794 1233 1820 111.

191 1840 331 1888 Georg.
370 1849 452 1885 175.
492 1843 593 1874 Foeta
607 1837 695 1883 feris
728 1835 852 1884 Libye,
876 1844 915 1872 ut
933 1833 1042 1883 tego,
1069 1845 1148 1871 non
1176 1833 1234 1869 Li-

192 1890 288 1940 byae.
310 1889 441 1926 Buttm.

244 1951 306 1991 23.
337 1939 476 1989 §Quique
486 1938 571 1975 acies
584 1937 725 1986 Libycas
739 1943 962 1986 Romanaque
977 1934 1109 1982 praelia
1120 1962 1130 1978 ‚
1142 1932 1234 1982 eya]

191 1992 338 2031 Merula
359 1993 458 2027 hunc
488 1992 612 2026 {ocum
646 1989 691 2024 de
713 1987 857 2029 Ennio,
887 1993 949 2023 aut
972 1985 1120 2022 Naevio
1141 1986 1237 2022 acci-

192 2042 369 2093 piendum
400 2048 531 2089 putat:
580 2037 682 2087 quod
711 2046 926 2084 temporum
960 2036 1092 2072 rationi
1129 2047 1236 2084 repu-

191 2102 290 2145 gnat.
349 2093 480 2139 Neque
512 2090 611 2128 enim
642 2089 803 2126 Ovidius
826 2098 890 2125 eos
918 2089 1047 2135 poe'tas
1066 2097 1236 2123 comme-

192 2156 338 2184 morare
369 2142 486 2179 voluit
511 2169 521 2185 ,
559 2139 624 2190 qui
651 2139 685 2176 se
715 2138 834 2176 multo
856 2138 1080 2186 antiquiores
1100 2135 1236 2180 essent,

193 2196 254 2235 sed
275 2195 339 2244 qui
362 2193 429 2232 suis
448 2191 677 2240 temporibus
699 2217 708 2233 ‚
745 2188 953 2238 eademque
970 2187 1094 2225 secum
1118 2196 1237 2226 aetate

195 2247 377 2285 vixissent.
434 2244 492 2280 Sic
521 2243 621 2279 enim
644 2240 664 2278 a
688 2241 867 2289 principio
886 2241 956 2277 ait:
986 2238 1033 2276 Et
1055 2240 1146 2276 mihi
1168 2250 1237 2276 no-

194 2310 285 2337 men
306 2295 421 2333 Tunc
438 2294 530 2337 fuit,
559 2304 642 2330 cum
665 2292 761 2330 foret
773 2290 911 2329 Marsus
925 2319 934 2334 ,
963 2289 1150 2333 Rabirius,
1168 2290 1241 2327 &c.

196 2361 273 2389 non
289 2375 299 2394 ‚
318 2358 403 2384 cum
430 2346 526 2382 foret
558 2344 695 2381 Ennius
720 2371 729 2384 ‚
757 2351 818 2380 aut
839 2341 1026 2384 Naevius,
1054 2349 1116 2378 aut
1136 2341 1241 2378 Plau-

195 2411 275 2443 tus,
303 2399 342 2436 &
365 2395 496 2435 similes
519 2423 530 2440 ‚
567 2396 630 2444 qui
654 2394 775 2431 multis
796 2394 900 2430 annis
927 2391 1109 2430 Ovidium
1137 2401 1242 2430 ante-

197 2450 352 2491 cessere,
382 2449 505 2495 utqui
528 2444 626 2482 Coff.
648 2445 781 2482 Hircio
810 2455 852 2481 ac
870 2443 979 2480 Pansa
1003 2442 1157 2480 demum
1176 2454 1239 2480 na-

200 2513 258 2541 tus
282 2499 400 2539 fuerit.
430 2498 605 2534 Micitrt..
657 2494 792 2532 Proelia
822 2494 927 2531 duxit
960 2494 999 2532 P.
1021 2494 1117 2532 Dan.
1142 2494 1242 2532 hunc

200 2556 369 2603 ignorare
390 2560 452 2586 me
469 2549 600 2585 fateor.

251 2629 311 2663 24.
339 2620 384 2652 Et
409 2613 547 2650 Marius
559 2610 678 2659 scripti
691 2610 809 2646 dexter
829 2609 866 2647 in
884 2622 983 2647 omne
995 2607 1140 2657 genus.]
1174 2608 1238 2644 Li-

200 2672 262 2710 ber
283 2667 405 2704 Vatic.
427 2665 464 2701 &
487 2661 593 2700 Maff.
609 2672 783 2710 promptus
813 2664 848 2697 in
866 2674 964 2697 omne
980 2673 1097 2708 genus.
1126 2659 1240 2696 CloF.

203 2729 366 2760 promtus
386 2717 423 2753 in
444 2714 578 2752 multis.
607 2714 751 2751 Heius.
788 2712 902 2749 Hunc
923 2713 1056 2759 ignoro
1081 2712 1206 2748 etiam.

254 2794 315 2830 25.
343 2776 609 2825 Trinacriusque
626 2775 707 2821 suae
730 2774 897 2823 Perseidos
915 2775 1034 2810 aucior
1054 2783 1096 2812 (φ
1115 2770 1240 2819 aelon]

205 2828 356 2880 Script'i,
383 2827 653 2877 Tinacriusque,
681 2827 959 2876 Tenacriusque,
988 2823 1244 2872 Taenariusque

208 2887 246 2922 ὃς
266 2882 404 2920 similia.
432 2889 574 2918 nomen
607 2877 705 2915 haud
725 2876 834 2915 dubie
856 2882 1085 2925 corruptum.
1112 2873 1244 2913 deinde

207 2932 432 2973 scribendum
453 2958 464 2975 ,

439 2998 606 3046 Perseidos
623 2998 741 3034 auHor
754 3024 764 3041 ‚
792 2997 973 3037 &nuffar

266 3049 475 3088 Tantalidae
493 3049 635 3088 reducis.

210 3127 251 3158 ut
271 3116 368 3156 reete
397 3115 563 3151 nonnulli
600 3114 760 3152 codices.
798 3112 843 3150 de
864 3112 988 3150 adore
1017 3123 1135 3160 nugae
1156 3112 1248 3150 sunt.

213 3173 341 3216 Lupus
364 3165 447 3209 ille,
475 3165 633 3213 quisquis
653 3164 700 3202 est
722 3193 731 3207 ‚
760 3168 896 3212 po'c'ma
927 3162 1182 3210 conscripserat
1202 3162 1249 3199 de

163 3243 165 3245 ·
214 3222 334 3261 reditu
355 3215 574 3254 Menelai&
609 3216 774 3253 Helenae
804 3215 882 3263 post
905 3221 1046 3264 captam
1077 3213 1251 3261 Trojam.

212 3274 322 3311 Hem
335 3281 362 3306 s.
390 3266 680 3313 Ericiusquesuae
693 3267 843 3303 Moreti.
872 3264 1166 3314 Tyndaridisque,
1181 3265 1254 3301 Re-

215 3325 291 3372 gius
312 3319 409 3367 Junii
432 3318 470 3355 ὅ(
493 3316 568 3354 duo
595 3314 667 3353 alii.
703 3321 836 3363 Lupum
866 3314 1123 3364 Meffimienfem
1150 3312 1254 3352 fuiffe

211 3375 298 3413 dicit
329 3368 453 3408 Fascll.
482 3365 622 3406 Decad.
645 3379 674 3405 1.
711 3366 797 3404 Rer.
826 3365 935 3406 Sicul.
964 3365 1026 3404 lib.
1045 3377 1090 3404 11.
1122 3376 1199 3415 cap.
1219 3374 1254 3403 2.

2199 744 2331 805 Mu-=¹

1283 882 1323 920 δε
1363 880 1620 920 eruditifi‘imus
1654 881 1853 930 Mongitor
1882 881 1919 918 in
1952 881 2069 922 Sicula
2103 881 2331 925 Bibliotheca

1282 942 1375 971 tom.
1389 944 1433 969 11.
1453 944 1535 981 pag.
1558 932 1621 972 28.
1639 944 1771 970 omnes
1793 931 1935 969 summa
1958 945 2040 972 cum
2057 933 2241 984 diligentia
2254 938 2333 974 col-

1282 983 1391 1031 legit,
1421 983 1553 1031 quide
1580 983 1653 1020 hoc
1682 983 1795 1031 Lupo
1823 992 2001 1031 egerunt,
2031 986 2068 1022 δε
2098 997 2117 1022 a
2148 991 2229 1034 Lyco
2261 987 2334 1024 Hi-

1281 1034 1414 1071 storico
1437 1033 1732 1080 distinguendum
1758 1032 1937 1071 ostendit:
1967 1035 2024 1072 sed
2049 1046 2201 1080 metuo,
2230 1046 2270 1075 ut
2290 1038 2334 1075 il-

1281 1085 1315 1123 le
1343 1090 1457 1132 Lupus
1487 1084 1591 1121 certis
1621 1085 1844 1132 argumentis
1877 1086 1980 1123 nobis
2007 1086 2209 1124 illustretur.
2248 1088 2329 1126 imo

1287 1135 1411 1173 nescio
1427 1162 1436 1178 ‚
1457 1145 1501 1172 an
1525 1145 1602 1172 non
1627 1134 1702 1172 duo
1724 1134 1787 1172 hic
1808 1132 1950 1172 Po'e'tae
1978 1137 2130 1186 intelligi
2153 1138 2335 1184 debeant,

1289 1197 1401 1229 unus,
1415 1196 1531 1234 quem
1543 1196 1621 1223 non
1644 1186 1814 1222 nominat
1828 1184 1977 1229 ‚aud'tor
1996 1186 2182 1226 Perseidos
2196 1217 2207 1233 ‚
2236 1189 2339 1227 &al-

1288 1245 1343 1274 ter
1365 1236 1517 1285 Lupus,
1545 1236 1607 1286 qui
1628 1235 1673 1274 de
1693 1235 1810 1273 reditu
1831 1236 1992 1274 Menelai
2015 1238 2052 1274 &
2075 1238 2244 1278 Helenae
2255 1239 2338 1278 scri-

1290 1287 1371 1337 pfit,
1399 1287 1562 1325 Fuerunt
1581 1287 1620 1324 ὅ(
1643 1287 1764 1333 junii,
1791 1284 1878 1333 julii
1900 1287 1937 1324 ὃ(
1962 1287 2090 1324 Rutilii
2117 1289 2236 1338 Lupi,
2259 1303 2338 1329 non

1290 1349 1402 1389 longe
1429 1337 1473 1376 ab
1493 1339 1547 1376 his
1567 1336 1796 1386 temporibus
1820 1339 1968 1376 remoti.
1995 1337 2127 1377 ssuiim.

1343 1411 1403 1456 η.
1434 1403 1481 1436 Et
1510 1399 1572 1450 qui
1601 1399 1809 1438 Maeonidae
1839 1398 2038 1437 Phaeacida
2065 1401 2214 1451 vertit]
2260 1405 2336 1444 Hic

1293 1449 1502 1501 Tuticanus
1533 1451 1626 1496 fuit,
1655 1451 1699 1489 ad
1729 1462 1843 1500 quem
1874 1451 1977 1499 supra
2007 1451 2134 1501 Elegia
2158 1453 2340 1494 duodeci-

1292 1513 1353 1539 ma
1373 1501 1502 1540 scribit.
1522 1502 1570 1539 ita
1591 1503 1690 1540 enim
1714 1503 1751 1540 in
1772 1502 1899 1540 eadem
1924 1502 2194 1552 Eleg.1)ignum
2218 1511 2340 1544 Maeo-

1288 1553 1356 1590 niis
1394 1552 1593 1589 Phaeacida
1639 1552 1779 1589 condere
1815 1553 1947 1590 chartis
1970 1581 1980 1598 ‚
2030 1560 2121 1590 Cam
2163 1566 2196 1593 te
2230 1558 2339 1594 Pieri-

1289 1604 1346 1641 des
1386 1603 1558 1652 (inquit)
1589 1603 1790 1653 perdocuere
1828 1603 1921 1640 deae.
1976 1605 2154 1644 chnn.
2219 1613 2342 1645 Maeo-

1291 1656 1389 1692 niam
1403 1653 1602 1692 Phaeacida
1623 1654 1786 1704 plerique
1825 1655 2019 1699 tamllias,
2049 1668 2158 1705 quam
2174 1657 2340 1708 Odyssea

1292 1707 1497 1744 Homerica
1541 1705 1741 1754 antiquitus
1775 1706 1813 1743 in
1851 1707 1965 1744 varias
2000 1717 2117 1754 partes
2155 1709 2256 1746 fuere
2287 1710 2341 1748 di-

1286 1757 1458 1803 stinctae,
1486 1758 1581 1795 inter
1606 1757 1745 1806 quas&
1770 1756 1904 1805 Ulyffis
1923 1758 2108 1806 naufragi,
2132 1759 2176 1797 ad
2202 1761 2340 1808 regiain

1290 1809 1440 1846 Alcinoi
1465 1807 1616 1856 expulfi.
1670 1806 1767 1845 Vide
1792 1807 1838 1845 de
1861 1808 1930 1845 hac
1965 1809 2154 1858 utriusque
2177 1810 2342 1850 Poema-

1290 1860 1334 1896 tis
1362 1859 1615 1908 antiquiffimis
1643 1858 1872 1907 temporibus
1901 1859 2081 1897 divifione
2111 1858 2337 1902 Scholiasten

1293 1910 1456 1964 Homeri
1484 1907 1713 1946 Eustathium
1740 1936 1752 1954 ,
1796 1911 1834 1947 ὃς
1868 1909 2018 1947 Variam
2047 1910 2184 1950 AEliani
2215 1912 2342 1952 Histo-

1292 1971 1381 1997 riam
1410 1960 1469 1996 lib.
1491 1971 1580 1996 xiii.
1601 1970 1679 2007 cap.
1703 1971 1758 2005 14.
1806 1960 1977 1998 coaluere
2014 1963 2249 2009 postmodum
2280 1976 2345 2003 va-

1293 2011 1367 2047 riae
1388 2011 1456 2046 hae
1480 2018 1597 2058 partes
1620 2011 1656 2046 in
1689 2009 1765 2047 duo
1793 2021 1959 2058 corpora.
1989 2012 2087 2049 unde
2107 2014 2174 2052 illis
2197 2015 2344 2064 rhapso-

1293 2060 1373 2098 diae
1395 2071 1547 2097 nomen.
1577 2072 1640 2108 per
1672 2061 1889 2098 Maeoniam
1913 2063 2022 2110 igitur
2051 2063 2251 2104 Phaeacida
2278 2067 2345 2105 de-

1293 2111 1450 2159 signatur
1480 2109 1666 2160 Odyffeae
1688 2111 1776 2150 liber
1799 2112 1851 2149 H.
1886 2124 1998 2161 quem
2024 2114 2219 2160 Ὀδυσσέως
2250 2117 2344 2155 ἀπό-

1295 2167 1411 2218 aricus·
1439 2161 1511 2197 ἀπὸ
1542 2165 1705 2198 Φαιάκων
1734 2162 1917 2210 appellant
1947 2163 2117 2203 AElianus
2146 2170 2184 2204 &
2217 2168 2346 2206 Eusta-

1294 2215 1405 2250 thius.
1441 2213 1642 2251 Caeterum
1673 2214 1772 2251 Naio
1812 2213 2044 2254 Tuticanum
2072 2217 2268 2266 intelligit,
2297 2219 2344 2257 ad

1296 2276 1410 2315 quem
1430 2263 1532 2312 supra
1553 2264 1655 2313 Eleg.
1683 2276 1753 2301 xix.

1350 2329 1507 2379 Dignam
1523 2330 1693 2367 Maeoniis
1712 2330 1910 2368 Phaeacida
1930 2333 2068 2369 condere
2087 2332 2219 2372 chartis

1402 2387 1493 2419 Cum
1513 2392 1545 2419 te
1567 2381 1718 2419 Pierides
1731 2381 1931 2431 perdocuere
1955 2389 2060 2420 Deae.

1298 2449 1445 2486 Heius.
1502 2447 1542 2485 ln
1574 2446 1745 2485 Francof.
1782 2456 1856 2484 erat
1885 2454 2142 2486 Hecareteream
2167 2452 2277 2490 vertit
2304 2454 2344 2492 in

1296 2512 1455 2548 anguem.
1480 2498 1570 2536 latet
1598 2498 1748 2547 aliquid.
1784 2498 1995 2536 Hecatheida
2026 2501 2063 2538 P.
2086 2500 2182 2539 Dan.
2211 2503 2248 2540 &
2279 2504 2340 2543 sex

1298 2549 1586 2639 {llilit-essecatheia
1606 2549 1735 2588 Servii.
1762 2549 1954 2587 Echareida
1975 2552 2080 2590 Leid.
2115 2554 2341 2593 Maeonidum

1353 2668 1412 2705 28.
1442 2667 1650 2707 Pindaricae
1663 2667 1789 2715 fidicen
1805 2678 1845 2705 tu
1858 2682 1989 2719 quoque
2003 2673 2129 2716 ‚Ruse,
2142 2672 2267 2726 lyrae]
2281 2676 2341 2715 ln-

1297 2728 1352 2757 ter
1375 2719 1528 2758 Latinos
1547 2721 1680 2769 lyricos
1704 2748 1713 2761 .
1755 2721 1831 2767 post
1859 2721 2055 2760 Horatium
2081 2726 2242 2763 maxime
2265 2727 2341 2766 lau-

1301 2771 1404 2807 datus
1430 2773 1498 2809 fuit
1531 2771 1679 2809 Caesius
1709 2770 1831 2808 Baflus
1854 2799 1864 2815 ,
1893 2773 1994 2820 cujus
2022 2776 2058 2810 &
2082 2775 2225 2820 Quintil
2262 2789 2343 2816 me-

1302 2823 1434 2866 minit,
1463 2824 1500 2859 &
1519 2822 2019 2861 DiomedesGrammaticus.
2049 2825 2345 2877 Videndumigi-

1300 2881 1383 2916 tur,
1410 2884 1500 2910 num
1524 2874 1619 2911 forte
1637 2873 1729 2910 illius
1757 2874 1831 2911 hoc
1867 2883 2163 2922 cognomentum
2193 2878 2344 2926 aliquod

1302 2924 1423 2962 fuerit.
1458 2925 1555 2961 Nam
1586 2925 1624 2962 ὃ(
1654 2924 1813 2961 Crinitus
1840 2927 2055 2970 annotavit,
2084 2937 2167 2963 cum
2200 2928 2344 2966 Ovidio

1302 2975 1585 3015 familiaritatem
1625 2975 1673 3013 illi
1705 2973 1945 3013 interceffiffe.
1985 2977 2161 3014 Mtciti..

1357 3040 1418 3080 28.
1447 3039 1690 3090 Pindaricae]
1720 3039 1910 3078 Pindariae
1930 3041 2074 3088 Junian.
2099 3083 2102 3085 ,

1354 3108 1414 3146 28.
1443 3107 1564 3154 Rufa]
1605 3108 1816 3146 Antonium
1846 3108 1986 3145 Rufum
2018 3104 2160 3144 vertisse
2192 3107 2343 3146 Home-

1305 3172 1385 3198 rum
1413 3160 1448 3197 &
1470 3158 1666 3196 Pindarum
1691 3171 1735 3195 ex
1768 3159 1918 3195 Acrone
1942 3158 2050 3194 refert
2070 3157 2341 3206 G1mdorpius,

1308 3212 1346 3248 ὅ(
1375 3212 1575 3248 memorari
1606 3208 1625 3246 a
1655 3208 1908 3256 Quinetiliano
1931 3207 1991 3243 lib.
2026 3221 2052 3244 1.
2080 3219 2158 3251 cap.
2185 3220 2240 3246 10.
2268 3208 2344 3246 sive

1312 3275 1343 3310 ς.
1372 3270 1410 3298 ut
1431 3260 1543 3298 hodie
1570 3260 1774 3297 exhibetur.
1808 3257 1865 3293 sed
1896 3268 1979 3294 cum
2015 3257 2100 3296 Rufi
2129 3268 2344 3305 cognomen

1310 3313 1455 3360 triginta
1485 3311 1631 3348 familiis
1651 3304 1842 3346 adhaesisse
1863 3307 1959 3345 dicat
1978 3309 2224 3358 Glandorpius
2237 3336 2247 3354 ,
2265 3310 2348 3359 quis

1311 3363 1417 3401 nobis
1443 3372 1570 3399 verum
1590 3355 1790 3398 indicabit?
1818 3356 1949 3398 Boura.

2173 3421 2233 3458 29.
2261 3414 2351 3457 Turq
