2495 3675
744 140 1300 249 P.0V1⁷D11

1371 180 1902 243 NASONIS

529 310 752 382 Semper
776 307 846 364 ad
870 305 1141 363 AEneadas
1166 302 1404 376 placido,
1443 300 1831 375 pulcherrima,
1870 304 2028 361 vultu.

613 383 877 454 Respice:
919 394 1112 451 totque
1138 392 1283 442 tuaS,
1321 375 1487 441 Diva,
1525 389 1677 431 tuere
1701 392 1879 430 nurus

539 458 690 514 Dum
717 457 936 529 loquor,
979 454 1143 506 elatae
1169 450 1490 506 metuendus
1513 449 1759 505 acumine
1782 445 1983 504 cauda-e

614 530 868 602 Scorpios
892 527 948 581 in
976 525 1170 579 virides
1196 523 1577 596 praecipitatur
1602 541 1777 596 aquas,

407 609 505 677 165
697 604 785 658 Ox
811 599 902 655 ubi
934 597 1232 662 transierit,
1262 598 1584 669 coelumque
1608 597 1885 653 rubescere
1910 595 2091 668 primo

547 605 687 745 N
768 673 1030 745 Coeperit
1050 711 1065 737 ,
1108 671 1161 724 &
1200 668 1368 725 tafftae
1393 687 1516 726 rore
1543 684 1836 743 querentur
1861 686 2017 733 aves;

547 748 950 820 Semustamque
976 746 1147 800 facem
1174 743 1388 816 vigilata
1413 742 1571 798 noste
1591 746 1767 799 viator

619 824 824 886 Ponet,
861 821 915 874 &
943 819 1012 874 ad
1038 817 1248 873 solitum
1275 815 1495 872 rusticus
1519 815 1616 871 ibit
1655 834 1820 890 opus;

550 896 759 954 Pliades
785 892 1049 965 incipiunt
1076 892 1330 946 humeros
1359 890 1599 946 relevare
1625 904 1900 962 paternos:

409 989 508 1039 170
621 971 776 1044 Quae
801 969 1001 1038 septem
1028 965 1167 1028 dici,
1206 963 1298 1019 sex
1326 976 1506 1019 tamen
1535 961 1639 1017 effe
1664 964 1849 1020 solent.

545 1043 651 1100 Seu
676 1041 826 1114 quod
851 1042 905 1095 in
930 1040 1233 1112 amplexum
1257 1038 1348 1092 sex
1372 1037 1498 1092 hinc
1523 1038 1718 1091 venere
1743 1037 2017 1094 Deorum:

624 1116 766 1173 Nam
793 1114 1063 1185 Steropen
1085 1110 1254 1168 Marti
1279 1108 1623 1167 concubuisse
1647 1109 1859 1166 ferunt:

261 1384 365 1424 erum
374 1411 382 1422 .
395 1380 520 1420 Merito
531 1380 674 1431 ,'inquit
688 1406 697 1422 ‚
710 1376 870 1416 virorum
879 1373 1195 1414 commemorationi
1204 1373 1316 1423 Sulpi-

263 1437 317 1474 tt‘a
332 1463 343 1480 ,
354 1434 465 1472 Servii
475 1432 650 1470 Paterculi
664 1429 744 1479 filia
758 1457 767 1474 ,
780 1431 833 1479 {Q
843 1428 962 1468 Fulvii
975 1426 1090 1464 Flacci
1101 1439 1186 1463 uxor
1201 1455 1210 1471 ‚
1221 1426 1315 1474 adji-

261 1487 373 1525 citur:
403 1497 514 1534 quae,
543 1496 621 1520 cum
642 1488 811 1525 Senatus,
837 1478 933 1517 libris
964 1477 1140 1526 Sibyllinis
1166 1486 1221 1526 por
1243 1483 1314 1514 De-

262 1536 431 1575 cemviros
450 1535 604 1584 inspectis
618 1562 628 1580 ,
647 1531 815 1581 censuiffet
828 1559 838 1575 ‚
866 1541 906 1568 ut
927 1528 1063 1566 Veneris
1087 1528 1315 1566 Verticordiae

256 1587 490 1639 simulacrum
509 1586 780 1632 consecrantum
811 1596 875 1632 quo
883 1580 1024 1627 facilius
1044 1579 1225 1628 virginum
1238 1593 1317 1617 mu-

266 1639 458 1689 lierumque
477 1647 607 1674 mentes
630 1636 656 1673 a
685 1633 827 1671 libidine
845 1633 892 1669 ad
909 1631 1117 1682 pudicitiam
1141 1641 1316 1668 converte-

265 1700 389 1728 rentur
405 1704 416 1733 ;
445 1699 488 1728 (9⁶
507 1702 549 1726 ex
565 1686 723 1724 omnibus
741 1684 911 1722 matronis
928 1693 1066 1720 centum
1080 1709 1089 1725 ‚
1117 1695 1158 1719 ex
1180 1692 1318 1719 centum

266 1751 387 1778 autem
405 1741 516 1777 decem
530 1739 622 1788 fhrte
643 1737 787 1780 ductae,
816 1735 855 1772 de
870 1731 1087 1784 sancliffimai
1098 1732 1241 1779 feminei
1259 1733 1320 1782 ju·

269 1792 401 1829 dicium
416 1793 573 1837 facerent
592 1817 603 1833 ,
631 1787 762 1825 cunctis
793 1785 946 1833 castitate
964 1783 1123 1834 praelata
1142 1784 1195 1830 est.
1225 1783 1320 1829 Adi,

266 1843 306 1883 ni
327 1842 490 1881 taedium
504 1869 515 1886 ,
543 1840 704 1879 Plinium
725 1837 786 1875 lib.
807 1848 878 1874 v11.
902 1848 979 1884 cap.
1002 1847 1060 1884 35.
1088 1835 1268 1872 Nestor.

324 1905 405 1942 159.
433 1891 572 1942 Templa
581 1890 681 1940 jubet
707 1888 824 1926 Veneri
838 1886 954 1937 fieri]
1010 1885 1130 1924 Posita
1159 1885 1266 1924 aedes
1285 1886 1323 1924 in

269 1943 332 1984 via
352 1941 484 1983 Salaria
505 1952 605 1981 extra
622 1949 766 1990 portam
791 1939 979 1977 Collinam
1000 1938 1151 1987 regione
1167 1949 1204 1975 v.
1222 1937 1324 1993 *Pan-

271 1997 395 2035 vinius
443 1996 482 2033 ὅτ
517 1994 579 2033 alii
606 1994 646 2032 in
673 1989 871 2030 summaria
912 1989 1027 2028 Urbis
1063 1987 1324 2038 descriptione,

276 2049 456 2086 Nicanor..

329 2099 412 2137 160.
442 2096 536 2145 Verfh
558 2094 701 2132 nomina
723 2092 819 2130 corde
849 2090 980 2141 tenet.]
1029 2089 1140 2129 Dista
1161 2090 1327 2128 Verticor-

276 2149 360 2187 dia.-
389 2149 481 2186 haec
502 2147 651 2185 Graecis
674 2144 722 2183 est
735 2142 950 2191 Ἀφροδίτης
969 2139 1205 2188 'Avi-occupate.
1233 2142 1326 2179 Pau-

277 2200 390 2240 sanias
412 2200 450 2237 in
482 2197 700 2236 Boeoticis:
737 2196 875 2241 Τρέτην
902 2194 942 2232 δὲ
972 2194 1242 2240 Ἀποςροφίαν,
1264 2190 1326 2229 ’έναι

279 2250 472 2297 ἐπιθυμίας
493 2250 537 2286 τὲ
555 2247 684 2293 ἀνόμευ
702 2247 764 2284 καὶ
782 2246 889 2292 ἔργων
913 2245 1054 2282 ἀνοσίων
1072 2244 1266 2290 ἀποςρέφῃ
1285 2243 1329 2280 τὸ

280 2304 382 2349 γένος
403 2303 472 2339 τῶν
491 2299 680 2344 ἀνθρώπων.
719 2299 842 2336 ΝΕΑΡ.
881 2296 1036 2334 Numine
1065 2296 1166 2332 corda
1189 2303 1332 2333 veteres

278 2353 468 2402 plerique,
492 2350 577 2394 vel,
606 2348 743 2386 nomine
764 2348 877 2386 corda.
904 2347 974 2386 Sed
994 2347 1187 2395 scripturae
1205 2346 1335 2396 vulga-

279 2412 340 2442 tae
360 2401 649 2441 controversiam
672 2400 826 2438 movere
845 2399 935 2438 noli.
970 2397 1155 2436 Pausanias
1176 2399 1213 2436 in
1239 2398 1336 2435 Atti--

286 2455 336 2492 cis
358 2451 576 2500 Ἀφροδίτην
598 2451 809 2498 ἐπιςροφίαν
838 2449 1015 2489 describit.
1050 2449 1194 2487 Heius.
1245 2447 1337 2486 Vid.

284 2503 416 2543 Pass'er.
428 2504 474 2542 ad
492 2505 735 2552 Propert.1.1.
758 2513 838 2551 pag.
861 2513 942 2547 140.
970 2500 1066 2548 verfh
1080 2501 1231 2537 numina
1241 2499 1337 2537 corde

285 2566 378 2605 patet
399 2555 542 2593 Arund.
560 2553 697 2591 nomine
711 2552 839 2603 templa
858 2561 949 2589 tenet
968 2550 1120 2589 Thuan.

345 2608 426 2644 161.
456 2603 737 2654 pulcherrima]
799 2602 1007 2653 Digniffima
1038 2613 1131 2640 unus
1164 2601 1307 2640 Moreti
1326 2627 1338 2646 ,

292 2657 399 2704 prim.
421 2656 591 2695 Ainbros.
613 2656 650 2694 &
665 2655 785 2692 Laeti.

344 2719 424 2754 192.
455 2706 614 2755 Nurus.]
684 2711 820 2742 Manus
846 2702 1036 2742 Petavian.
1063 2713 1170 2739 unus.
1198 2700 1275 2739 vid.
1296 2712 1342 2738 11.

296 2756 407 2795 Trist.
429 2769 511 2807 304.
1160 2802 1166 2808 ·
1187 2802 1193 2808 ι

351 2808 429 2855 164.
457 2808 607 2858 Scorpius
627 2807 667 2845 in
686 2804 856 2855 virides]
884 2803 1058 2842 Kalendis
1077 2801 1212 2852 Aprilis
1236 2800 1344 2839 Scor-

295 2858 345 2908 pii
358 2859 503 2897 occasus
514 2860 714 2897 matutinus
729 2857 848 2895 :idem
863 2856 968 2894 sentit
986 2853 1205 2892 Columella.
1219 2852 1345 2890 NEAP.

299 2909 429 2958 Scorpio
449 2910 575 2948 Petav.
605 2910 687 2958 lege
708 2908 863 2958 Scorpios.
891 2906 937 2944 de
966 2918 1044 2955 quo
1073 2905 1174 2953 supra
1199 2904 1260 2942 lib.
1281 2916 1345 2942 111.

299 2959 448 3006 sss712.
469 2961 611 2997 Hflms.
636 2960 779 3008 Scorpios
800 2967 875 2997 erat
898 2959 934 2996 in
954 2969 1030 2995 uno
1051 2956 1192 2994 codice.

358 3011 438 3056 164.
467 3017 508 3047 In
526 3009 656 3046 virides
675 3010 821 3058 aquas.]
854 3008 979 3045 Viridis
997 3008 1059 3045 hic
1079 3019 1144 3055 pro
1167 3005 1350 3044 caeruleo.

304 3061 495 3152 hunlcbpro
514 3060 631 3148 vgide
652 3059 743 3097 dixit
767 3059 942 3097 Manilius
964 3059 1001 3096 in
1016 3056 1174 3107 Sphaerzl
1190 3057 1351 3096 Barbari-

307 3118 350 3152 αἱ
391 3116 398 3152 i
429 3124 491 3150 .v.
514 3123 534 3148 2
565 3123 602 3148 o.

358 3177 567 3218 Caeruleum
578 3175 677 3224 foliis
693 3174 804 3213 viridi
825 3173 909 3226 quia
927 3174 1086 3224 gramine
1105 3173 1221 3213 collem

356 3229 529 3279 Conferet.

2208 1235 2418 1310 Neptu-

1369 1381 1439 1412 tem
1455 1372 1537 1424 puri
1555 1372 1666 1412 maris
1693 1371 1898 1413 imitantur.
1924 1384 2037 1425 quam
2060 1373 2206 1414 Solinus
2227 1375 2422 1424 expreffit,'
2477 1407 2481 1411 .

1368 1424 1582 1463 intervirens
1599 1425 1717 1476 glauci
1735 1435 1780 1466 (ν’
1801 1425 1929 1463 caeruli
1947 1436 2270 1476 temperamentum.
2296 1427 2423 1467 Neam.

1371 1481 1414 1513 In
1436 1476 1590 1527 liquidas
1611 1490 1723 1527 aquas
1751 1477 1850 1525 prior
1882 1476 2052 1515 Ambros.
2080 1478 2118 1515 ὅ(
2147 1478 2267 1516 Laeti.
2287 1477 2421 1517 eadem
2444 1511 2449 1519 .

1371 1528 1524 1566 varietas
1545 1541 1573 1566 1.
1598 1531 1678 1566 Art.
1700 1540 1784 1575 402.
1806 1528 2053 1579 praecipitatus
2074 1528 2292 1568 Puteaneus.

1427 1580 1507 1625 165.
1537 1585 1618 1616 Nox
1637 1578 1698 1616 ubi
1723 1577 1942 1630 transterit]
1998 1591 2053 1617 xv.
2075 1579 2205 1617 Nonas
2226 1579 2422 1629 Plejadum

1373 1629 1519 1668 occasus
1547 1631 1718 1669 heliacus.
1747 1631 1830 1668 Nec
1847 1631 1946 1670 aliud
1969 1630 2073 1681 quod
2091 1630 2274 1680 sequitur,
2301 1630 2425 1669 hume-

1374 1695 1427 1718 ros
1447 1680 1600 1719 relevare
1615 1690 1796 1731 paternos,
1825 1693 1965 1731 quam,
1992 1681 2096 1720 caelo
2122 1681 2314 1721 decedere.
2366 1681 2431 1720 Sa-

1374 1743 1444 1781 gax
1476 1732 1634 1771 Criticus
1665 1733 1743 1770 vult
1774 1733 1867 1770 haec
1900 1733 2056 1771 Nasonis
2085 1732 2238 1783 intelligi
2269 1732 2315 1771 de
2344 1741 2430 1772 ortu

1376 1784 1586 1828 matutino;
1616 1783 1676 1822 sed
1703 1783 1958 1823 hallucinatur.
2005 1783 2105 1821 Vide
2124 1783 2343 1828 Petaviurn,
2370 1784 2432 1830 Je-

1376 1834 1548 1873 suitarum
1570 1834 1681 1873 decus
1695 1862 1706 1880 ‚
1733 1835 1771 1872 in
1793 1835 1858 1873 suo
1881 1835 2119 1883 Uranologio
2133 1835 2329 1873 Variarum
2349 1834 2434 1883 Dis-¹

1377 1885 1615 1924 sertationuin
1634 1885 1693 1924 lib.
1715 1897 1786 1924 vx1.
1807 1897 1885 1935 cap.
1908 1887 1941 1925 6.
1971 1886 2153 1924 NEAPOL.

1435 1938 1521 1975 166.
1548 1939 1673 1974 factae
1694 1950 1766 1974 rore
1785 1936 2013 1988 querentur.]
2061 1942 2172 1975 Tutae
2195 1948 2300 1976 unus.
2326 1937 2432 1976 tebias

1379 1996 1552 2046 quatuor.
1572 1988 1701 2027 tacitae
1720 1988 1865 2036 Junian.
1887 1989 1926 2028 ὅτ
1948 1988 2025 2028 duo
2038 1988 2110 2027 alii.
2137 1998 2333 2040 queruntur
2353 1988 2436 2039 plu-

1381 2050 1478 2077 rimi.

1439 2090 1521 2137 167.
1548 2090 1805 2142 semustamque
1817 2090 1972 2142 facem]
2002 2092 2114 2131 Hanc
2135 2089 2317 2129 faciebant
2332 2089 2436 2129 rusti-

1385 2142 1418 2179 ci
1441 2140 1460 2178 ὲ
1481 2141 1640 2191 pluribus
1654 2143 1799 2192 virgulis
1813 2156 1821 2180 :
1836 2155 1991 2192 quarum
2003 2142 2189 2182 fasciculus
2200 2141 2313 2180 hodie
2323 2142 2439 2180 etiam

1383 2192 1543 2230 laternae
1572 2205 1790 2242 pauperum.
1816 2194 1862 2231 de
1883 2194 1937 2231 his
1965 2194 2128 2244 loquitur
2157 2192 2276 2229 Varro
2304 2192 2350 2230 de
2377 2192 2437 2230 Re

1387 2242 1554 2281 Rustica:
1572 2243 1746 2280 Naturale
1751 2244 1983 2293 sepimentum
1998 2272 2009 2289 ‚
2034 2244 2127 2292 quod
2138 2240 2241 2291 obseri
2250 2242 2338 2290 fhlet
2358 2242 2450 2283 vir-,

1383 2293 1493 2343 gultis
1511 2304 1575 2331 aut
1597 2294 1732 2344 spinis,
1761 2294 1853 2342 quod
1880 2293 1984 2331 habet
2001 2294 2156 2337 radices,
2183 2306 2224 2329 ac
2253 2293 2362 2330 vivae
2385 2293 2438 2337 fit-

1382 2345 1461 2395 pis‚
1485 2345 1734 2395 praetereuntis
1760 2344 1884 2395 lascivi
1907 2358 1974 2382 non
1997 2354 2125 2382 metuet
2146 2344 2276 2392 facem.
2314 2343 2439 2394 Hujus

1389 2397 1442 2434 rei
1462 2397 1763 2447 aequiparatione
1782 2397 1862 2434 usus
1882 2396 2015 2435 Noster
2041 2396 2104 2434 lib.
2126 2409 2152 2434 1.
2174 2396 2270 2433 Met.
2289 2406 2378 2445 493.

1442 2463 1487 2494 Ut
1506 2457 1640 2504 facibus
1650 2456 1740 2506 sepes
1756 2458 1882 2495 ardent
1894 2486 1904 2501 ‚
1933 2471 2012 2495 cum
2025 2459 2119 2504 forte
2137 2457 2256 2495 viator

1446 2508 1506 2545 Vel
1526 2510 1632 2546 nimis
1647 2508 1809 2546 admovit
1823 2537 1836 2554 ,
1861 2508 1921 2546 vel.
1929 2510 2009 2558 jam
2020 2508 2087 2558 sub
2108 2508 2180 2546 luce
2201 2509 2356 2562 reliquit.

1393 2577 1455 2616 De
1483 2578 1704 2617 laternarum
1736 2578 1801 2616 usu
1831 2577 2080 2627 antiquissimo
2117 2576 2204 2615 vide
2229 2572 2442 2614 testimonia·

1395 2638 1564 2667 veterum
1597 2630 1828 2668 Graecorum
1858 2630 1966 2668 citata
1992 2629 2037 2667 ab
2067 2628 2262 2666 Athenaeo
2289 2623 2350 2663 lib.
2378 2634 2453 2661 xv..

1397 2690 1477 2727 cap.
1502 2679 1560 2716 18.
1585 2680 1762 2717 NEAPOL.

1458 2731 1540 2778 169.
1568 2729 1725 2779 Plejades
1744 2730 1905 2780 incipient
1924 2729 2081 2766 humeros
2101 2725 2255 2762 relevare
2269 2725 2450 2775 paternosss.

1398 2781 1500 2827 Qae
1512 2782 1638 2829 septem
1650 2781 1716 2817 dici
1730 2809 1740 2825 ‚
1761 2782 1822 2829 fix
1836 2792 1952 2818 tamen
1963 2776 2145 2827 effesolent.
2173 2782 2235 2813 Seu
2247 2777 2337 2824 quod
2349 2774 2438 2826 <Vc-J

1399 2830 1461 2868 De
1482 2831 1684 2880 Plejadibus
1705 2833 1753 2869 ita
1776 2831 2017 2870 Germanicus
2038 2829 2075 2865 in
2099 2829 2257 2865 Aratum
2287 2827 2342 2870 Js'ss.
2357 2837 2451 2875 2430.

1400 2881 1556 2929 Plejades
1575 2882 1600 2918 a
1623 2883 1791 2931 pluritate
1810 2879 1932 2917 Graeci
1963 2890 2101 2916 vocant.
2141 2877 2262 2915 Latini
2286 2891 2320 2915 eo
2352 2875 2445 2928 quod

1400 2947 1481 2970 vere
1497 2933 1700 2970 exoriantur
1728 2931 1887 2980 Vergilias
1907 2929 2040 2967 dicunt.
2103 2930 2202 2967 Dicit
2220 2939 2338 2966 autem
2355 2927 2443 2966 Phe-

1402 2983 1534 3032 recydes
1551 2983 1778 3026 Athenaeus,
1799 2982 1925 3030 septem
1939 2984 2067 3029 sorores
2086 2981 2210 3030 fuiffi,
2239 2979 2385 3030 Lycurgi
2397 2976 2445 3026 fi-

1404 3034 1494 3078 lias,
1522 3046 1562 3070 ex
1585 3039 1689 3070 Naxo
1708 3032 1832 3082 insula.
1862 3044 1905 3072 (J
1930 3045 1988 3079 pro
2010 3045 2044 3068 eo
2073 3032 2162 3082 quod
2188 3030 2344 3069 Liberum
2362 3030 2444 3067 edu-

1406 3094 1577 3122 caverunt
1603 3083 1628 3120 a
1648 3084 1743 3129 Jove
1770 3084 1861 3121 inter
1885 3081 1999 3133 fidera
2018 3082 2106 3132 fient
2134 3082 2275 3121 relatae.
2307 3088 2450 3119 Harum-

1408 3135 1549 3173 nomina
1565 3144 1759 3184 putantur,
1784 3134 1942 3179 Eleclra,
1970 3137 2143 3183 Alcyone,
2169 3131 2444 3180 Celaeno‚Aste-

1407 3196 1504 3236 rope,
1534 3193 1685 3235 Merope,
1715 3191 1877 3234 Taygete,
1910 3185 2034 3234 Maja:
2063 3198 2214 3235 quarum
2226 3184 2449 3235 septimamt»

1410 3239 1463 3275 ait
1487 3242 1648 3280 Aratus,
1675 3237 1742 3274 vix
1762 3236 1890 3274 intueri
1913 3235 2035 3285 potest,
2065 3250 2171 3286 quam
2205 3236 2350 3285 quidam
2368 3243 2446 3283 prae

306 3291 556 3331 Confundunt
585 3291 693 3339 igitur
710 3294 869 3337 poetae,
899 3289 978 3328 imo
1001 3289 1037 3326 ὅτ
1059 3290 1129 3328 alii.
1156 3289 1291 3328 Plinius
1312 3289 1357 3328 de
1412 3289 1535 3325 timore
1551 3287 1687 3325 Orionis
1697 3289 1818 3337 fugisse
1846 3296 1997 3336 putant,
2026 3288 2086 3336 qui
2114 3287 2139 3325 a
2159 3287 2230 3323 sole
2243 3289 2456 3339 persecutam-

303 3342 518 3395 {imragdisz
549 3340 779 3392 Probatiffimi
805 3345 894 3392 sunt
927 3356 969 3380 ex
991 3340 1069 3388 his,
1097 3340 1159 3393 qui
1190 3340 1362 3393 fviridita·⁴
1412 3339 1661 3388 arbitrantur,
1687 3349 1916 3390 vocatamque
1930 3338 2129 3386 Eleb‘lram,
2155 3351 2242 3389 quae
2273 3333 2451 3385 nonsustt·

2368 3394 2457 3422 nens»
