2495 3675
350 156 910 218 EPISTOLARUM
945 159 1054 216 EX
1090 155 1372 215 PONTO.
1412 156 1532 213 Lus.
1569 159 1610 213 Ι.
1643 151 1816 214 ΕΡιετ.
1850 157 1910 215 11.

2119 162 2221 226 7131

362 258 478 314 Aut
504 257 643 331 quid*
661 244 1003 315 Sauromatae
1026 259 1251 324 faciant,
1285 259 1416 332 quid
1442 258 1658 331 Iazyges
1686 273 1859 320 acreS,

217 329 286 385 80

432 330 701 404 Cultaque
725 330 977 386 Oresteae
1001 331 1237 387 Taurica
1261 345 1399 387 terra
1423 332 1589 387 Deae.

361 403 624 477 Quaeque
648 404 776 458 aliae
803 416 993 474 gentes
1016 445 1028 464 ‚
1068 404 1158 458 ubi
1180 404 1380 476 frigore
1401 403 1635 460 constitit
1659 400 1808 464 Ister,

435 476 584 530 Dura
612 486 790 530 meant
817 475 977 529 celeri
1005 491 1153 547 terga
1178 493 1272 548 per
1296 478 1462 532 amnis
1485 493 1645 550 eqtm.

358 547 600 603 Maxima
625 565 742 620 pars
764 547 1043 601 hominum
1069 565 1168 602 nec
1194 563 1276 612 te,
1315 550 1695 622 pulcherrima,
1729 555 1943 608 curant,

437 620 642 681 Roma;
683 636 783 674 nec
805 618 1029 673 Ausonii
1057 621 1233 674 militis
1265 639 1408 675 arma
1432 622 1642 676 timent.

221 692 246 746 8
255 710 284 761 5
362 691 508 747 Dant
532 692 733 746 animos
758 707 908 745 arcus
935 692 1030 745 illis
1047 728 1062 753 ‚
1099 693 1390 763 plenaeque
1414 694 1719 764 pharetrae;

433 764 718 836 Quamque
744 763 869 818 libet
897 764 1068 833 longis
1095 763 1329 818 cursibus
1353 778 1502 836 aptus
1528 782 1720 837 equus:

362 836 642 909 Quodque
666 834 802 889 sitim
841 833 1078 889 didicere
1106 835 1199 889 diu
1225 837 1451 892 tolerare
1475 837 1812 908 famemque;

441 908 718 987 Quodque
745 905 965 978 sequens
987 907 1149 961 nullas
1173 907 1334 964 hostis
1359 909 1572 964 habebit
1598 924 1770 980 aquas

218 1069 288 1123 90

361 981 438 1035 Ira
460 980 566 1033 Dei
590 978 730 1033 mitis
755 995 865 1032 non
892 995 979 1032 me
1007 978 1212 1034 mififfet
1239 981 1292 1036 in
1317 982 1491 1047 istam,

435 1050 490 1106 Si
510 1050 627 1106 satis
651 1050 780 1105 haec
805 1050 878 1105 illi
901 1063 1028 1105 nota
1063 1051 1271 1118 fuiffet,
1309 1054 1548 1110 humum.

361 1125 482 1180 Nec
509 1141 625 1186 me,
660 1140 760 1178 nec
784 1140 1112 1196 quemquam
1140 1123 1448 1181 Romanum
1473 1127 1670 1198 gaudet
1696 1125 1759 1181 ab
1784 1124 1932 1181 hoste
1950 1162 1965 1187 ‚

436 1196 644 1268 Meque
669 1195 869 1259 minuS,
907 1196 1069 1251 vitam
1092 1198 1180 1252 cui
1204 1198 1356 1253 dedit
1378 1198 1512 1271 ipse,
1549 1199 1734 1271 premi.

368 1268 588 1332 Noluit,
626 1281 686 1322 ut
711 1280 951 1340 poterat,
986 1269 1211 1324 minimo
1235 1288 1322 1325 me
1346 1271 1574 1343 perdere
1603 1284 1750 1327 nutu.
1799 1275 1802 1278 ’

437 1341 528 1394 Nil
553 1357 685 1411 opus
711 1340 785 1393 est
807 1340 920 1394 ullis
941 1340 997 1394 in
1020 1359 1136 1395 mea
1158 1342 1261 1397 fata
1288 1342 1460 1399 Getis.

226 1430 294 1484 95
370 1412 476 1468 Sed
506 1429 709 1494 neque,
746 1430 841 1467 cur
866 1429 1135 1477 morerer,

1173 1416 1466 1488 quidquam
1493 1417 1623 1472 mihi
1647 1415 1910 1489 comperit
1934 1414 2135 1472 aetum:

442 1485 559 1540 Nec
583 1501 755 1539 minus
782 1483 1022 1549 infestuS‚
1060 1503 1219 1558 quam
1243 1487 1372 1553 fuit,
1410 1488 1513 1544 effe
1536 1491 1721 1562 potest.

366 1556 515 1612 Tum
543 1574 761 1628 quoque
787 1557 859 1611 nil
885 1556 1045 1622 fecit,
1079 1559 1171 1613 nifi
1197 1561 1344 1632 quod
1383 1560 1561 1617 facere
1587 1563 1694 1634 ipse
1719 1562 1923 1634 coegi,

439 1629 586 1684 Pene
616 1631 776 1685 etiam
802 1629 995 1684 merito
1021 1632 1228 1702 parcior
1254 1633 1332 1688 ira
1353 1650 1493 1690 meo,

81 1896 144 1936 est.
179 1894 260 1932 Nos
278 1890 595 1930 vetustiffimorum
627 1891 893 1941 exemplarium
924 1892 1120 1933 auetorita-

81 1955 159 1985 tem
180 1946 300 1983 sumus
320 1943 442 1980 secuti.
468 1943 612 1980 Hms.
639 1943 687 1980 Et
704 1943 867 1982 Barthius
891 1946 1095 1983 continuat.

137 2017 196 2053 72.
225 2011 288 2042 Pro
308 2004 465 2052 mustra]
496 2010 561 2041 Pro
582 2002 678 2052 miffa
698 2002 773 2040 duo
792 2002 899 2045 libri,
927 2001 1122 2048 undejuffie

82 2055 277 2101 Heinsius,
290 2063 328 2094 ut
338 2055 469 2092 Noster
489 2055 570 2092 alibi
591 2056 701 2091 etiam
719 2053 882 2101 loquitur
896 2059 956 2095 ‚ut
977 2050 1124 2089 1.Trist.

82 2118 146 2143 111.
173 2116 230 2155 50.
256 2118 308 2143 1v.
329 2118 367 2142 x.
384 2117 444 2153 90.
468 2104 536 2152 post
554 2104 713 2151 miseram
730 2103 855 2150 sugam
880 2101 1006 2139 Servii.

135 2167 193 2203 73.
220 2156 362 2205 Norit.]
394 2156 506 2192 Novit
526 2156 689 2204 quinque
708 2153 791 2197 libri
810 2164 894 2190 cum
914 2153 1030 2200 prima
1043 2151 1119 2189 edi·

81 2212 197 2243 tione.

133 2267 193 2301 77.
221 2261 300 2292 Non
321 2254 466 2301 vacam]
498 2253 718 2300 Nec-scripti.
746 2252 891 2289 Hms.

133 2305 194 2345 81.
222 2308 388 2353 Qaeque
418 2303 545 2352 aliae]
601 2302 764 2351 {Quidque
794 2303 947 2341 Putean.
982 2302 1020 2342 δί
1047 2309 1117 2340 tres

81 2356 153 2394 alii.
180 2369 309 2405 quoque
328 2356 450 2392 minor
471 2354 613 2401 Gryph.

135 2408 194 2456 83.
224 2405 389 2442 Maxima
403 2414 484 2449 pars
515 2402 734 2450 hominum]
790 2403 936 2446 Scribe,
964 2401 1116 2449 horrent,

80 2458 141 2495 vel
164 2458 291 2493 harum
307 2483 318 2500 ‚
348 2454 706 2502 videlicetgentium.
727 2453 847 2490 lib.1r.
869 2453 1038 2501 El.1.45.

134 2519 301 2557 Maxima
317 2526 397 2567 pars
416 2516 538 2552 hornam
559 2516 675 2552 vitam
696 2514 908 2565 veniamque
927 2513 1094 2553 tulerunte

84 2582 161 2618 Ubi
186 2580 366 2617 hominum
397 2580 431 2616 in
463 2577 646 2616 nonnullis
675 2577 785 2614 etiam
816 2576 925 2614 libris.
946 2576 1120 2623 proximo

84 2631 188 2669 versu
209 2631 317 2668 Polit.
338 2630 490 2677 Argent.
509 2629 546 2664 ὅ(
574 2627 650 2664 duo
680 2627 739 2664 alii
772 2626 910 2663 timent.
944 2625 1066 2670 reste,
1094 2624 1120 2662 fi

84 2692 211 2719 curant
232 2694 296 2729 pro
318 2689 417 2716 curat
436 2688 601 2726 reponas.
626 2677 772 2714 Hssms.

135 2732 195 2769 86.
222 2734 408 2779 [Quamque
437 2728 516 2764 libet
559 2727 703 2776 longi5.]
769 2726 809 2764 In
850 2724 1117 2773 manuscripto,

85 2782 290 2831 Qamlibet
317 2792 358 2821 εν
390 2779 518 2826 longis,
547 2776 572 2813 fi
602 2778 757 2825 legitur,
786 2776 1117 2824 Qalihemmagis

85 2834 315 2871 Ovidianurn
338 2830 397 2868 est.
425 2830 656 2866 FABnrcms.
700 2828 886 2876 §Luamque
907 2826 986 2863 libet
1008 2825 1118 2872 prisca

84 2883 303 2930 exemplaria
329 2909 339 2925 ,
384 2879 486 2928 quod
516 2878 648 2915 mutari
675 2888 752 2914 non
789 2876 925 2914 debuit.
975 2876 1122 2914 Hsms.

86 2933 173 2970 Vid.
200 2932 244 2969 ad
277 2932 378 2980 Eleg.
409 2931 446 2967 in
476 2928 582 2966 Drus.
615 2939 672 2975 50.
709 2939 805 2976 eques
835 2927 905 2964 Ms.
938 2925 1120 2963 Bersman.

85 2985 181 3020 aelus
206 2982 310 3019 Leid.

136 3033 196 3080 89.
229 3039 281 3069 Ira
313 3031 385 3069 viri
414 3028 547 3078 mitis]
612 3027 654 3065 In
681 3027 890 3072 nonnullis,
912 3025 978 3062 Dei
1013 3025 1126 3064 mitit.

86 3083 274 3121 Nauem.

140 3134 203 3179 89.
229 3130 364 3179 Milt‘ffet
403 3131 440 3168 in
470 3130 570 3179 istam
595 3157 605 3173 ,
642 3130 676 3166 si
695 3127 783 3176 satis
814 3126 935 3176 ham]
999 3128 1122 3166 Alter-

87 3191 209 3221 utrum
230 3183 427 3226 redundat,
456 3191 515 3219 aut
542 3182 584 3218 τὸ
602 3179 725 3224 islam,
755 3187 815 3215 aut
838 3180 879 3214 τὸ
904 3176 1000 3218 haec.
1029 3189 1122 3227 quae

88 3233 163 3270 duo
188 3232 251 3269 nili
272 3232 415 3269 barbare
437 3244 512 3269 non
534 3229 679 3280 possunt
701 3228 889 3278 conjungi.
909 3239 975 3275 pro
998 3228 1123 3265 humus

87 3280 283 3332 aliquando
303 3282 523 3330 reponebam
536 3309 550 3328 ‚
575 3281 736 3319 humum.
762 3281 801 3318 in
821 3278 921 3317 istam
942 3278 1097 3319 humum
1111 3306 1122 3325 ,

2135 1754 2212 1811 Di

1170 1907 1235 1944 per
1251 1894 1448 1945 antiptofin
1474 1902 1600 1935 tamen
1620 1896 1693 1936 dici
1714 1894 1862 1945 putabat
1884 1892 2086 1932 Chistianus
2108 1891 2212 1931 Dan-⁴

1171 1948 1278 1985 mius.
1306 1950 1417 1986 Nunc
1441 1959 1566 1995 parum
1588 1948 1708 1992 abest,
1723 1946 1811 1995 quin
1842 1944 2094 1993 retingendum
2127 1955 2214 1981 cen-

1171 1996 1292 2083 lseam,
1321 2011 1390 2035 non
1417 2011 1470 2035 me
1499 1997 1631 2048 mififfet
1656 1998 1696 2036 in
1719 1996 1854 2045 Istrum.
1880 1996 1972 2034 infra
1992 1995 2052 2033 lib.
2070 2006 2133 2031 111.
2161 1993 2211 2031 E-

1188 2059 1206 2084 e
1235 2077 1242 2084 .
1264 2060 1316 2086 xv,

1207 2059 1302 2135 gNec
1331 2111 1408 2196 aaa
1436 2098 1543 2136 verba
1572 2097 1651 2148 legis
1672 2126 1685 2144 ,
1722 2097 1783 2147 qui
1807 2098 1888 2147 sum
1907 2096 2087 2146 submotus
2105 2098 2153 2135 ad
2179 2103 2209 2136 1-

1376 2162 1467 2187 rum·
1759 2171 1763 2174 ·

1176 2196 1287 2236 Trist.
1304 2198 1364 2237 lib.
1386 2211 1431 2237 11.

1227 2250 1321 2287 Solus
1341 2249 1390 2285 ad
1413 2251 1570 2299 egressum
1592 2249 1707 2300 miffus
1719 2249 1941 2299 septemplicis
1962 2249 2046 2297 [stri.

1173 2307 1282 2347 atque
1304 2302 1352 2338 ita
1375 2301 1511 2348 paffim.
1561 2301 1706 2338 Praeter
1736 2299 1873 2337 flumen
1906 2300 2033 2338 Istrum
2064 2301 2100 2338 in
2132 2300 2206 2338 hoc

1173 2349 1290 2386 traetu
1308 2351 1543 2395 etiam’ffepee
1564 2350 1758 2399 oppidum.
1796 2349 1896 2399 quod
1932 2351 2033 2397 Istrus
2055 2350 2207 2388 Latinis.

1174 2399 1291 2437 Plinio
1312 2401 1486 2449 Istropolis.
1507 2402 1648 2439 Arriani
1668 2400 1826 2448 Periplus
1848 2395 1974 2443 Ἰςρῖαν
1995 2409 2113 2438 vocat.
2131 2411 2208 2448 quo

1173 2448 1307 2497 speetat
1339 2463 1512 2489 nummus
1542 2459 1731 2499 argenteus
1760 2449 1854 2497 apud
1885 2461 1946 2486 me
1974 2461 2057 2487 cum
2087 2450 2210 2488 inscri-

1176 2502 1303 2548 ptione
1325 2504 1574 2537 ΙΣΤΡΙΗΩΝ.
1611 2501 1679 2537 fuit
1700 2508 1822 2536 autem
1846 2498 2075 2537 Milesiorum
2105 2500 2210 2538 colo-

1175 2551 1234 2587 nia
1251 2578 1260 2593 ,
1288 2559 1328 2588 ut
1350 2552 1386 2588 &
1406 2552 1524 2589 Tomi
1545 2552 1582 2588 ὃς
1603 2549 1854 2596 Borysthenes.
1891 2549 1991 2597 quod
2014 2562 2059 2587 ex
2087 2549 2207 2589 Plinio

1177 2601 1214 2637 δε
1238 2601 1421 2649 Stephano
1435 2601 1612 2651 Byzantio
1635 2600 1812 2637 discimus.
1841 2610 1906 2646 pro
1925 2598 1997 2636 viri
2015 2599 2110 2637 mitis
2122 2611 2208 2639 cum

1173 2649 1232 2687 sex
1253 2651 1438 2699 septemve
1452 2652 1574 2689 nostris
1590 2679 1599 2695 ‚
1616 2650 1679 2686 Dei
1697 2651 1790 2686 mitis
1812 2649 2078 2696 reponendum.
2105 2650 2208 2698 quod

1175 2701 1378 2750 Naugerius
1397 2704 1432 2740 in
1451 2701 1515 2739 suis
1535 2711 1685 2750 quoque
1707 2701 1904 2737 invenerat.
1933 2700 2056 2738 Deum
2080 2701 2205 2749 paffim

1173 2751 1375 2800 Augustum
1398 2752 1564 2800 appellat.
1595 2752 1743 2788 Hiems.
1779 2750 1864 2787 Vid.
1884 2749 1928 2787 ad
1951 2764 1987 2787 x.
2014 2751 2108 2788 Met.
2125 2763 2208 2799 105.

1225 2814 1282 2847 92.
1313 2802 1426 2839 Vitam
1454 2803 1508 2839 cui
1537 2801 1630 2838 dedit
1657 2801 1719 2847 ipse
1741 2827 1750 2843 ‚
1790 2799 1899 2850 capi.]
1953 2801 2070 2838 Premi
2097 2802 2205 2841 Polit.

1175 2851 1325 2890 Thuan.
1345 2853 1382 2889 &
1405 2853 1480 2890 duo
1503 2852 1575 2889 alii.
1603 2859 1640 2889 ut
1662 2850 1770 2888 Trist.
1789 2850 1850 2887 lib.
1870 2861 1906 2888 v.

1227 2920 1365 2950 Terreor
1380 2911 1465 2957 hoste
1485 2923 1598 2946 meum
1613 2919 1694 2959 pene
1710 2918 1881 2958 premente
1899 2908 2004 2947 latus.

1176 2966 1321 3004 Herus.
1349 2962 1416 2998 Cui
1434 2961 1532 2997 dabit
1553 2962 1690 2999 Sarrav.

1222 3029 1290 3075 93.
1318 3028 1360 3058 Ue
1384 3021 1556 3072 poterat‚]
1610 3026 1666 3059 At
1694 3029 1826 3070 poterat
1854 3022 1971 3070 scripti
1999 3021 2146 3072 quidam
2167 3023 2205 3061 &

1176 3081 1284 3117 prim.
1319 3072 1413 3110 Edit.
1443 3083 1483 3109 ut
1513 3072 1636 3122 poterit
1665 3072 1745 3118 Jun-
1773 3084 1810 3109 at
1839 3073 1949 3121 potuit
1976 3073 2126 3112 Moreti.
2153 3086 2206 3110 me

1170 3120 1309 3170 prodere
1328 3123 1449 3160 Parav.

1205 3183 1292 3228 *94
1318 3172 1440 3222 Ullis.]
1493 3173 1609 3211 saevis
1637 3173 1784 3211 Putean.
1804 3184 1895 3211 mox
1915 3200 1926 3218 ,
1962 3172 2101 3222 repperit
2131 3173 2203 3209 Re-

1176 3233 1291 3323 gmgb.
1320 3279 1392 3312 Nec
1409 3273 1564 3323 minus.]
1596 3278 1638 3313 Et
1651 3273 1765 3314 minus
1783 3274 1934 3324 qussdam
1955 3273 2052 3311 editi,

1363 3325 1496 3363 Xxxx
1526 3336 1546 3374 3
2018 3320 2077 3369 9³3.
2107 3326 2207 3363 poem
