2495 3675
163 181 266 255 788
673 174 740 231 P.
815 172 1235 232 oV1D11

330 365 396 413 30

1309 169 1843 228 NASONIS

466 273 676 343 Perque
705 272 812 327 tori
837 271 1031 327 sociam
1048 311 1064 335 ‚
1101 287 1238 340 quae
1261 287 1353 342 par
1379 269 1476 324 tibi
1498 270 1603 326 sola
1625 283 1837 343 reperta
1859 269 1962 335 est,

548 344 619 400 Et
646 347 733 401 cui
759 345 990 416 majestas
1019 361 1128 397 non
1154 343 1377 398 onerosa
1403 358 1490 398 tua
1516 344 1623 405 est;

475 420 689 491 Perque
715 419 809 473 tibi
835 418 1053 471 limilem
1080 415 1291 469 virtutis
1316 417 1546 488 imagine
1573 417 1805 479 Natum,

557 494 799 547 Moribus
825 488 1034 559 agnosci
1061 490 1153 560 qui
1177 504 1297 542 tuus
1325 487 1430 544 esse
1454 489 1657 560 potest3

477 566 690 637 Perque
721 579 866 622 tuOS,
906 562 986 614 vel
1010 578 1138 624 av0‚
1177 562 1263 616 vel
1288 560 1480 632 dignos
1507 577 1654 634 patre
1681 577 1940 634 nepote5‚

553 638 663 710 Qui
690 633 912 687 veniunt
938 651 1133 705 magno
1165 652 1260 706 per
1285 647 1375 688 tua
1400 648 1523 688 vota
1549 635 1746 706 gradu;

339 729 400 779 35

479 712 635 767 Parte
663 710 801 779 leves
826 706 1042 761 minima
1062 747 1077 770 ,
1108 707 1312 762 ¹nostras
1340 707 1394 760 ἃ
1421 708 1678 762 contrahe
1704 724 1935 779 poenas;

557 784 775 852 Daque,
813 781 998 850 procul
1024 780 1279 850 Scythico
1304 781 1394 853 qui
1424 779 1481 834 sit
1508 781 1572 834 ab
1597 781 1743 834 hoste
1761 819 1777 843 ,
1819 782 2014 836 locum.

477 850 552 910 Et
575 869 689 916 tua,
732 853 791 924 (si
818 852 892 907 fas
916 852 1013 919 est)
1041 854 1069 906 a
1095 853 1317 908 Caesare
1345 855 1589 923 proxime
1614 853 1836 917 Caesar,

553 928 785 981 Numina
815 925 911 979 sint
941 925 1183 996 precibus
1209 944 1318 980 non
1344 927 1556 981 inimica
1592 928 1739 980 meiS.

481 1001 568 1056 Sic
595 1000 704 1053 fera
732 999 1126 1071 quamprimum
1155 999 1349 1067 pavido
1375 997 1667 1052 Germania
1691 1000 1842 1054 vultu

337 1091 408 1143 40

558 1075 704 1128 Ante
733 1071 1118 1142 triumphantes
1141 1073 1286 1126 serva
1309 1071 1509 1126 feratur
1535 1087 1719 1142 equos

485 1147 572 1203 Sic
598 1160 748 1216 pater
771 1145 823 1199 in
854 1144 1031 1216 Pylios
1048 1184 1061 1206 ,
1099 1145 1370 1199 Cumaeos
1396 1158 1565 1198 mater
1589 1145 1644 1197 in
1668 1160 1834 1198 annos

563 1219 791 1279 Vivant3
840 1217 892 1270 δέ
921 1216 1080 1288 poffis
1105 1217 1239 1271 filius
1264 1217 1365 1271 esse
1396 1217 1504 1270 diu.

486 1292 581 1348 Tu
607 1309 857 1364 quoque,
892 1290 1218 1344 conveniens
1246 1290 1450 1361 ingenti
1478 1290 1659 1362 Nupta
1684 1292 1907 1353 marite,

557 1365 765 1436 Accipe
790 1383 896 1419 non
926 1363 1058 1417 durii
1084 1363 1327 1434 supplicis
1354 1381 1477 1417 aure
1504 1380 1706 1434 preces,

341 1460 408 1511 45
486 1439 572 1495 Sic
599 1438 695 1492 tibi
720 1437 797 1491 vir
825 1438 1029 1508 sospeS,
1068 1436 1136 1490 fic
1163 1436 1258 1489 sint
1288 1453 1411 1490 cum
1437 1437 1586 1507 prole
1615 1447 1868 1508 nepoteS,

558 1510 812 1584 Cumque
839 1510 990 1566 bonis
1012 1508 1233 1567 nui-ibus
1258 1525 1386 1583 quas
1418 1525 1673 1583 peperere
1700 1525 1878 1566 nurus,

200 1753 323 1795 pterea
345 1743 449 1793 quod
469 1744 518 1783 illi
540 1745 584 1784 de
606 1745 833 1785 Germanico
846 1746 1037 1798 triumpho
1060 1746 1170 1784 etiam
1185 1744 1250 1784 hic

204 1799 416 1840 ominatur,
446 1795 581 1835 eodem
605 1797 723 1835 modo
746 1806 784 1836 ut
805 1798 905 1844 supra
928 1799 973 1836 cle
993 1797 1171 1836 Tristibus
1189 1797 1251 1835 lib.

204 1848 316 1884 tertio
335 1849 371 1883 ὃ(
395 1855 550 1895 quarto:
578 1848 642 1896 qui
669 1856 792 1885 tamen
813 1850 1018 1896 triumphus
1038 1859 1113 1885 non
1136 1847 1156 1884 a
1179 1847 1251 1884 Ti-

205 1897 308 1935 berio
333 1925 342 1940 ,
381 1897 439 1934 sed
479 1899 556 1945 post
590 1906 751 1937 mortem
778 1899 933 1946 Augusti
965 1898 986 1935 a
1020 1897 1249 1935 Germanico

204 1948 305 1985 afrus
329 1949 395 1988 suit
412 1976 421 1991 ,
451 1956 489 1985 ut
508 1948 609 1996 supra
634 1949 828 1996 aliquoties
851 1950 1082 1986 monuimus.
1115 1948 1251 1985 Caete-

206 2010 268 2036 rae
289 1999 543 2046 autem-hujus
571 1998 648 2036 libri
679 1997 698 2035 a
731 2000 845 2036 Poeta
874 1999 1023 2047 scriptae
1054 1998 1249 2047 pleraeque

203 2049 307 2092 sunt,
338 2061 423 2086 cum
439 2049 516 2097 jam
551 2049 833 2097 quadriennium
860 2049 896 2086 in
919 2050 1042 2087 Ponto
1063 2048 1248 2087 exulasset.

203 2099 398 2137 Postremo
419 2100 455 2136 &
478 2101 552 2137 hoc
584 2100 850 2138 observandum
885 2100 1021 2137 eodem
1042 2100 1117 2136 hoc
1138 2100 1249 2143 loco,

205 2150 309 2198 quod
335 2151 370 2188 in
394 2149 460 2186 hac
491 2150 733 2198 apostrophe,
762 2162 833 2200 qua
863 2149 1071 2188 sermonem
1095 2150 1140 2187 ad
1163 2150 1251 2198 ipsas

209 2200 347 2248 effigies
383 2200 577 2238 Caesarum
613 2203 797 2239 convertit
824 2201 940 2239 Poeta
964 2229 974 2245 ,
1013 2202 1132 2247 priore
1161 2201 1250 2239 loco

210 2251 363 2299 Augusti
395 2250 552 2299 effigiem
576 2279 586 2296 ,
626 2263 717 2288 mox
741 2251 884 2289 Tiberii
915 2252 1091 2300 appellat:
1119 2251 1254 2290 deinde

209 2302 339 2340 relicsto
359 2301 538 2347 Tiberio,
566 2303 699 2339 iterum
723 2302 767 2339 acl
798 2303 950 2350 Augusti
973 2303 1252 2341 invocationem

209 2351 404 2393 ἐπάνοδον,
435 2352 509 2390 five
538 2351 732 2400 regressum
768 2353 868 2390 facit.
901 2353 1005 2401 quod
1037 2352 1185 2402 quidem
1209 2353 1256 2391 ad

210 2403 349 2452 gestum
371 2402 601 2451 supplicantis
632 2403 867 2442 referendum
902 2404 1041 2452 magis,
1068 2415 1180 2451 quam
1211 2404 1257 2442 ad

211 2453 384 2491 ordinem
409 2454 446 2490 &
464 2454 591 2491 seriem
607 2454 764 2494 dicendi.
793 2454 870 2492 Nisi
889 2454 914 2492 fi
936 2456 1015 2503 quis
1036 2455 1154 2492 versus
1167 2455 1260 2503 ipsos

211 2503 448 2553 transpositos
469 2513 594 2552 putet,
623 2506 661 2542 δε
682 2506 818 2553 priores
835 2505 1034 2551 posteriore
1054 2505 1141 2542 loco
1162 2505 1258 2553 posl-

211 2563 292 2593 tos:
322 2563 384 2593 aut
406 2555 542 2593 rursum
568 2566 741 2605 utrosque
760 2556 806 2594 de
829 2555 965 2594 eodem
1003 2556 1171 2604 Augusto
1201 2558 1259 2594 in-

212 2605 430 2655 telligendos
444 2633 454 2649 ,
482 2607 584 2655 quod
605 2616 730 2645 tamen
751 2616 898 2655 propter
917 2606 1013 2656 pueri
1043 2607 1259 2656 appellatio-

217 2667 304 2693 nem
319 2684 329 2700 ,
356 2668 449 2704 quae
464 2657 500 2693 in
520 2658 637 2695 alteris
658 2658 730 2701 est,
758 2657 958 2706 procedere
978 2657 1079 2706 poffe
1101 2670 1177 2696 non
1200 2657 1257 2695 vi-

219 2706 335 2743 detur.
362 2707 537 2745 chru..
566 2714 670 2745 Parce
684 2718 796 2756 precor
819 2721 910 2746 unus
930 2707 1259 2757 Voff.probe.duo

217 2756 329 2793 nostri
351 2759 390 2793 τὸ
410 2767 492 2803 puer
514 2771 590 2796 non
612 2759 836 2808 agnoscunt:
864 2760 953 2797 alius
968 2787 980 2804 ,
1012 2766 1085 2797 Per.
1114 2761 1152 2796 &
1175 2759 1260 2798 sane

217 2807 405 2855 sequentia
427 2807 503 2845 satis
525 2810 701 2847 evincunt
721 2809 765 2847 ad
786 2810 991 2858 Augustum
1012 2810 1104 2848 haec
1123 2809 1193 2849 esse
1205 2823 1261 2848 re-

220 2857 369 2894 ferenda
384 2885 394 2902 ,
423 2870 497 2896 non
520 2859 563 2896 ad
586 2860 783 2899 Tiberium
805 2889 815 2904 ‚
853 2873 966 2910 quem
989 2861 1111 2910 postea
1140 2861 1189 2898 est
1211 2862 1261 2899 al-

219 2907 419 2946 locuturus.
448 2909 603 2957 Scaliger
623 2912 865 2960 conjiciebat,
882 2918 986 2949 Parce
999 2922 1110 2960 pater.
1136 2924 1261 2962 neque

221 2958 324 2995 aliter
346 2959 382 2995 in
405 2959 568 3006 Epistolis
591 2961 829 3010 Tanaquillus
850 2962 963 3000 Faber
985 2964 1044 3001 lib.
1067 2976 1094 3000 1.
1117 2963 1185 3011 Ep.
1201 2975 1260 3008 71.

221 3007 372 3045 Deinde
387 3035 397 3051 ,
425 3010 521 3046 decus
540 3011 716 3049 indelebile
737 3013 994 3061 reponendum
1026 3026 1072 3051 ex
1095 3015 1262 3059 meliori-

223 3058 311 3101 bus,
337 3058 404 3113 ·nifi
432 3061 533 3107 quod
567 3062 700 3099 Sarrav.
724 3064 902 3112 Scaliger,
932 3066 970 3100 &
997 3064 1074 3102 duo
1093 3065 1174 3109 alii,
1203 3066 1261 3102 in„

223 3108 373 3158 deflebzle
388 3126 398 3145 :
427 3111 613 3148 mendose.
644 3114 733 3150 Met.
757 3126 817 3151 xv.
838 3126 1026 3162 nomenque
1045 3115 1108 3151 crit
1131 3115 1262 3152 indele-

224 3159 290 3196 bile
308 3159 467 3204 nostrum.
500 3160 615 3198 Poflet
629 3164 739 3200 etiarn
760 3165 852 3211 legi,
882 3169 985 3202 Parce
1007 3164 1087 3208 vir,
1115 3165 1261 3214 §saeclh

222 3209 271 3248 sic
293 3210 448 3247 Trist.v.
468 3210 565 3258 Eleg.
581 3223 622 3248 11.
648 3213 691 3249 acl
715 3215 874 3251 eundem
897 3214 1101 3262 Augustum
1117 3243 1129 3261 ‚

276 3266 306 3295 O
326 3260 385 3296 vir
400 3288 409 3304 ,
439 3274 504 3297 non
525 3261 588 3308 ἱρή)
601 3290 610 3304 ,
641 3276 740 3311 quem
763 3264 847 3311 regis
861 3291 870 3307 ‚
898 3264 974 3300 orbe
994 3266 1119 3305 minor.

221 3310 363 3350 Heius,
394 3311 655 3351 Advenerabde
675 3325 777 3354 unus,
804 3314 1000 3354 venerabile
1019 3315 1107 3363 duo,

2241 1600 2352 1671 Sic,

1358 1744 1423 1784 26.
1449 1746 1565 1795 Qem
1577 1744 1646 1795 sua
1665 1757 1749 1782 cura
1762 1742 1898 1794 facit.]
1935 1742 2102 1781 Barthius
2121 1741 2275 1782 libenter
2293 1750 2350 1784 re*

1305 1795 1497 1840 scriberet,
1527 1803 1570 1833 Te
1591 1807 1654 1832 tua
1683 1809 1766 1833 cura
1778 1797 1884 1843 facit.
1924 1794 2099 1833 Heinsius
2126 1795 2215 1833 olim
2239 1796 2352 1834 male-

1306 1847 1390 1891 bat,
1416 1861 1516 1896 quem
1531 1847 1591 1893 pia
1613 1859 1697 1883 cura
1711 1847 1816 1893 facit.
1844 1860 1946 1896 quem
1967 1856 2030 1882 tua
2054 1846 2355 1896 Micyll.‘Gryph.

1305 1897 1459 1936 &aliae
1481 1898 1569 1934 edit.
1598 1908 1683 1934 cum
1717 1896 1841 1934 multis
1867 1897 2019 1945 scriptis.
2057 1897 2148 1946 quod
2170 1907 2234 1934 tua
2267 1909 2354 1935 cusa

1306 1949 1378 1986 Ms.
1400 1947 1584 1985 Bersman.
1605 1949 1641 1985 ἃ
1663 1947 1803 1987 Sarrav.
1823 1959 1925 1997 quem
1942 1948 2007 1994 sua
2028 1957 2122 1984 terra
2143 1948 2252 1987 Leid.

1356 2020 1416 2053 27.
1445 2016 1511 2046 Per
1536 2009 1676 2058 patriae
1706 2022 1837 2046 numen
1862 2037 1872 2053 ‚
1901 2009 1992 2056 quod
2012 2020 2044 2046 te
2066 2009 2131 2047 tihi
2153 2011 2266 2049 carius
2287 2011 2356 2061 ipsa

1305 2061 1378 2110 est.]
1408 2061 1587 2098 Meliores
1601 2089 1612 2106 ,
1640 2074 1728 2109 quae
1749 2070 1782 2096 te
1802 2058 1868 2096 tibi
1885 2060 1995 2096 carior
2015 2061 2079 2108 ἱρή)
2100 2061 2153 2106 est,
2180 2071 2250 2100 tres
2265 2074 2351 2101 cum

1306 2112 1564 2149 Arondeliano
1586 2139 1596 2155 ,
1620 2111 1778 2160 patrium
1800 2123 1942 2147 numen.
1971 2111 2070 2148 malo
2095 2139 2106 2156 ,
2141 2114 2277 2159 patriae
2296 2127 2358 2161 no:

1308 2176 1411 2207 men,
1441 2172 1478 2201 ut
1502 2161 1871 2210 Rottcndorphianus
1891 2161 2097 2199 exhibebat.
2124 2163 2270 2202 Huius.

1362 2241 1421 2280 31.
1451 2232 1528 2268 Tibi
1538 2230 1732 2281 similem]
1765 2230 1832 2267 Tui
1852 2231 2006 2279 Argent.
2032 2233 2071 2269 &
2091 2232 2228 2280 septem
2244 2233 2319 2273 alii.‘

1363 2308 1424 2345 34.
1450 2298 1526 2346 §Qui
1544 2298 1695 2335 veniunt
1716 2310 1841 2345 magno
1854 2307 1914 2346 per
1933 2309 1998 2335 tua
2010 2300 2101 2349 juffa
2109 2302 2256 2351 gradu]
2285 2304 2357 2340 Pu-·

1312 2353 1377 2392 t0,
1401 2358 1460 2396 per
1480 2360 1542 2386 tua
1559 2349 1659 2398 gesta.
1679 2347 1760 2395 jesta
1778 2348 1949 2394 scriptum
1970 2351 2115 2393 fuerat,
2156 2353 2252 2389 unde
2265 2354 2358 2403 juJJa

1315 2398 1466 2438 facium.
1488 2401 1623 2440 Patav„
1640 2399 1753 2446 versa.
1781 2410 1874 2437 unus
1894 2399 2073 2438 ,Vaticam
2093 2411 2152 2452 per
2173 2412 2238 2441 tua
2258 2415 2358 2445 vota.

1317 2454 1427 2489 etiam
1447 2451 1552 2488 bene.
1582 2451 1729 2487 Heius,

1348 2518 1427 2559 35.
1455 2505 1592 2557 Leve]
1624 2514 1729 2546 Leves
1751 2510 1901 2560 Regius,

1367 2583 1426 2629 36,
1456 2585 1582 2630 Daque
1599 2577 1709 2617 locum
1731 2581 1884 2630 Scythico
1905 2579 1967 2631 qui
1979 2580 2028 2629 fit
2045 2581 2089 2620 ab
2108 2581 2195 2632 hoste
2209 2584 2358 2636 procul]

1315 2637 1463 2681 Daque,
1486 2629 1605 2680 procul
1626 2631 1779 2679 Scythico
1800 2632 1860 2681 qui
1873 2630 1921 2679 stt
1942 2632 1987 2668 ab
2007 2632 2093 2680 hoste
2106 2661 2116 2678 ,
2147 2635 2258 2672 locum
2280 2648 2360 2673 me-

1313 2683 1433 2771 lior-eis.
1461 2681 1537 2770 (fluo
1561 2683 1673 2720 etiam
1688 2681 1841 2731 scythico
1858 2683 2102 2724 orbafflms.
2130 2691 2235 2723 Locus
2245 2687 2358 2726 etiam

1354 2745 1386 2772 ei
1416 2745 1461 2770 en
1478 2760 1488 2770 .

1374 2805 1432 2843 37.
1461 2799 1500 2831 A
1523 2795 1668 2845 Caesare
1683 2794 1846 2844 proxima
1865 2795 2033 2845 Caesar.]
2078 2795 2227 2836 Redlius
2248 2825 2260 2844 ,
2279 2800 2362 2848 profi

1318 2846 1410 2884 xime
1431 2847 1560 2893 Caesar
1583 2848 1619 2884 in
1645 2847 1845 2884 l'uteaneO.
1874 2845 2020 2884 Huius.

1367 2926 1431 2965 40.
1460 2920 1558 2951 Ante
1577 2914 1807 2964 triumphales
1817 2916 1946 2965 equos.]
1977 2916 2245 2967 Triumphantes
2261 2917 2309 2955 est
2320 2917 2357 2954 1'n

1317 2966 1585 3023 vetustioribus.
1600 2966 1754 3004 'HF-ms.
1790 2966 2035 3017 Triumphatos
2055 2968 2192 3016 septem
2214 2969 2251 3006 &
2271 2966 2362 3007 edit.

1317 3029 1426 3066 prim.

1369 3094 1428 3125 42.
1458 3081 1614 3127 Vivam,
1641 3093 1685 3123 (9·
1700 3081 1793 3131 poffls
1808 3082 1907 3130 filius
1933 3081 1989 3129 effe
2009 3079 2111 3129 dius]
2166 3081 2296 3119 Vivum
2317 3087 2363 3123 ὡ·

1319 3143 1359 3171 ut
1378 3133 1561 3171 Barberin.
1584 3134 1691 3171 Vivat
1709 3146 1755 3173 ω’
1773 3133 1853 3170 huic
1865 3129 1958 3177 poffis
1983 3142 2072 3168 unus
2092 3131 2214 3171 Vatic.
2227 3134 2363 3179 vivan&

1317 3194 1358 3222 ut
1375 3181 1468 3233 poffis
1489 3196 1582 3223 unus
1606 3185 1765 3222 Medon.
1790 3184 1885 3220 Puto
1905 3180 2132 3221 scribendum
2148 3210 2159 3228 ‚

1370 3250 1478 3286 Vivat
1492 3275 1504 3292 ,
1528 3259 1572 3288 (θ’
1597 3249 1615 3286 ὃ
1628 3247 1722 3298 possis
1736 3247 1834 3295 filius
1853 3246 1909 3296 effe
1925 3246 2001 3285 diu,

1316 3313 1416 3362 yide
1435 3314 1553 3352 Notas
1570 3312 1617 3351 ad
1636 3311 1747 3360 Epist.
1766 3311 1973 3363 Penelopes
1990 3313 2046 3357 fis.
2071 3323 2156 3354 101.
2181 3316 2364 3416 Ξῖςειὲἳω
