<?xml version="1.0" encoding="UTF-8"?>
<!DOCTYPE html PUBLIC "-//W3C//DTD XHTML 1.0 Transitional//EN"
    "http://www.w3.org/TR/xhtml1/DTD/xhtml1-transitional.dtd">
<html xmlns="http://www.w3.org/1999/xhtml" xml:lang="en" lang="en">
 <head>
  <title>
</title>
<meta http-equiv="Content-Type" content="text/html;charset=utf-8" />
  <meta name='ocr-system' content='tesseract 3.04.00' />
  <meta name='ocr-capabilities' content='ocr_page ocr_carea ocr_par ocr_line ocrx_word'/>
</head>
<body>
  <div class='ocr_page' id='page_1' title='image "./publiiovidiinaso03ovid_0826.png"; bbox 0 0 2495 3675; ppageno 0'>
   <div class='ocr_carea' id='block_1_1' title="bbox 178 154 286 211">
    <p class='ocr_par' dir='ltr' id='par_1_1' title="bbox 178 154 286 211">
     <span class='ocr_line' id='line_1_1' title="bbox 178 154 286 211; baseline -0.019 0"><span class='ocrx_word' id='word_1_1' title='bbox 178 154 286 211; x_wconf 75' lang='lat'>806</span> 
     </span>
    </p>
   </div>
   <div class='ocr_carea' id='block_1_2' title="bbox 675 140 1841 220">
    <p class='ocr_par' dir='ltr' id='par_1_2' title="bbox 675 140 1841 220">
     <span class='ocr_line' id='line_1_2' title="bbox 675 140 1841 220; baseline -0.005 -14"><span class='ocrx_word' id='word_1_2' title='bbox 675 143 1228 220; x_wconf 73' lang='lat' dir='ltr'>ROVIDII</span> <span class='ocrx_word' id='word_1_3' title='bbox 1303 140 1841 209; x_wconf 76' lang='lat' dir='ltr'>NAsoNts</span> 
     </span>
    </p>
   </div>
   <div class='ocr_carea' id='block_1_3' title="bbox 481 207 2064 322">
    <p class='ocr_par' dir='ltr' id='par_1_3' title="bbox 481 207 2064 322">
     <span class='ocr_line' id='line_1_3' title="bbox 481 207 2064 322; baseline 0.003 -29"><span class='ocrx_word' id='word_1_4' title='bbox 481 240 648 315; x_wconf 75' lang='lat' dir='ltr'>Quod</span> <span class='ocrx_word' id='word_1_5' title='bbox 676 221 863 315; x_wconf 71' lang='lat' dir='ltr'>procul</span> <span class='ocrx_word' id='word_1_6' title='bbox 888 243 1015 297; x_wconf 82' lang='lat' dir='ltr'>baec</span> <span class='ocrx_word' id='word_1_7' title='bbox 1044 240 1195 322; x_wconf 78' lang='lat' dir='ltr'>regio</span> <span class='ocrx_word' id='word_1_8' title='bbox 1220 236 1321 298; x_wconf 89' lang='lat' dir='ltr'>est,</span> <span class='ocrx_word' id='word_1_9' title='bbox 1360 236 1414 288; x_wconf 72' lang='grc' dir='ltr'>ἅτ</span> <span class='ocrx_word' id='word_1_10' title='bbox 1441 235 1504 290; x_wconf 87' lang='lat' dir='ltr'>ab</span> <span class='ocrx_word' id='word_1_11' title='bbox 1529 236 1679 290; x_wconf 89' lang='lat' dir='ltr'>omni</span> <span class='ocrx_word' id='word_1_12' title='bbox 1703 234 1858 293; x_wconf 89' lang='lat' dir='ltr'>devia</span> <span class='ocrx_word' id='word_1_13' title='bbox 1882 207 2064 297; x_wconf 85' lang='lat' dir='ltr'>cursu:</span> 
     </span>
    </p>
   </div>
   <div class='ocr_carea' id='block_1_4' title="bbox 552 317 1302 389">
    <p class='ocr_par' dir='ltr' id='par_1_4' title="bbox 552 317 1302 389">
     <span class='ocr_line' id='line_1_4' title="bbox 552 317 1302 389; baseline -0.008 -20"><span class='ocrx_word' id='word_1_14' title='bbox 552 317 669 370; x_wconf 81' lang='lat' dir='ltr'>Nec</span> <span class='ocrx_word' id='word_1_15' title='bbox 695 317 833 389; x_wconf 90' lang='lat' dir='ltr'>pede</span> <span class='ocrx_word' id='word_1_16' title='bbox 859 333 969 388; x_wconf 88' lang='lat' dir='ltr'>quo</span> <span class='ocrx_word' id='word_1_17' title='bbox 992 327 1302 386; x_wconf 81' lang='lat' dir='ltr'>quisquam,</span> 
     </span>
    </p>
   </div>
   <div class='ocr_carea' id='block_1_5' title="bbox 1340 320 1913 374">
    <p class='ocr_par' dir='ltr' id='par_1_5' title="bbox 1340 320 1913 374">
     <span class='ocr_line' id='line_1_5' title="bbox 1340 320 1913 374; baseline 0 -10"><span class='ocrx_word' id='word_1_18' title='bbox 1340 327 1440 364; x_wconf 87' lang='lat' dir='ltr'>nec</span> <span class='ocrx_word' id='word_1_19' title='bbox 1455 323 1598 374; x_wconf 89' lang='lat' dir='ltr'>rate,</span> <span class='ocrx_word' id='word_1_20' title='bbox 1639 320 1783 363; x_wconf 85' lang='lat' dir='ltr'>tutus</span> <span class='ocrx_word' id='word_1_21' title='bbox 1811 326 1913 364; x_wconf 89' lang='lat' dir='ltr'>eat.</span> 
     </span>
    </p>
   </div>
   <div class='ocr_carea' id='block_1_6' title="bbox 482 381 1877 462">
    <p class='ocr_par' dir='ltr' id='par_1_6' title="bbox 482 381 1877 462">
     <span class='ocr_line' id='line_1_6' title="bbox 482 381 1877 462; baseline -0.005 -17"><span class='ocrx_word' id='word_1_22' title='bbox 482 390 610 445; x_wconf 92' lang='lat' dir='ltr'>Non</span> <span class='ocrx_word' id='word_1_23' title='bbox 637 392 801 462; x_wconf 76' lang='lat' dir='ltr'>igitur</span> <span class='ocrx_word' id='word_1_24' title='bbox 831 391 1054 449; x_wconf 84' lang='lat' dir='ltr'>mirum,</span> <span class='ocrx_word' id='word_1_25' title='bbox 1090 385 1253 439; x_wconf 84' lang='lat' dir='ltr'>finem</span> <span class='ocrx_word' id='word_1_26' title='bbox 1278 383 1656 456; x_wconf 82' lang='lat' dir='ltr'>quaerentibus</span> <span class='ocrx_word' id='word_1_27' title='bbox 1681 381 1877 438; x_wconf 89' lang='lat' dir='ltr'>horum</span> 
     </span>
    </p>
   </div>
   <div class='ocr_carea' id='block_1_7' title="bbox 339 482 408 529">
    <p class='ocr_par' dir='ltr' id='par_1_7' title="bbox 339 482 408 529">
     <span class='ocr_line' id='line_1_7' title="bbox 339 482 408 529; baseline 0 -13"><span class='ocrx_word' id='word_1_28' title='bbox 339 482 408 529; x_wconf 76' lang='lat'>30</span> 
     </span>
    </p>
   </div>
   <div class='ocr_carea' id='block_1_8' title="bbox 559 457 1656 529">
    <p class='ocr_par' dir='ltr' id='par_1_8' title="bbox 559 457 1656 529">
     <span class='ocr_line' id='line_1_8' title="bbox 559 457 1656 529; baseline -0.005 -13"><span class='ocrx_word' id='word_1_29' title='bbox 559 465 746 518; x_wconf 85' lang='lat' dir='ltr'>Altera</span> <span class='ocrx_word' id='word_1_30' title='bbox 771 462 806 516; x_wconf 81' lang='lat' dir='ltr'>si</span> <span class='ocrx_word' id='word_1_31' title='bbox 833 459 985 514; x_wconf 87' lang='lat' dir='ltr'>nobis</span> <span class='ocrx_word' id='word_1_32' title='bbox 1012 474 1180 529; x_wconf 86' lang='lat' dir='ltr'>usque</span> <span class='ocrx_word' id='word_1_33' title='bbox 1206 470 1425 527; x_wconf 80' lang='lat' dir='ltr'>rogatur</span> <span class='ocrx_word' id='word_1_34' title='bbox 1449 457 1656 511; x_wconf 82' lang='lat' dir='ltr'>humus.</span> 
     </span>
    </p>
   </div>
   <div class='ocr_carea' id='block_1_9' title="bbox 483 529 1982 822">
    <p class='ocr_par' dir='ltr' id='par_1_9' title="bbox 483 529 1928 679">
     <span class='ocr_line' id='line_1_9' title="bbox 483 529 1928 606; baseline -0.003 -16"><span class='ocrx_word' id='word_1_35' title='bbox 483 535 578 590; x_wconf 92' lang='lat' dir='ltr'>Te·</span> <span class='ocrx_word' id='word_1_36' title='bbox 602 538 762 606; x_wconf 78' lang='lat' dir='ltr'>magis</span> <span class='ocrx_word' id='word_1_37' title='bbox 788 532 862 585; x_wconf 87' lang='lat' dir='ltr'>est</span> <span class='ocrx_word' id='word_1_38' title='bbox 890 531 1084 585; x_wconf 86' lang='lat' dir='ltr'>mirum</span> <span class='ocrx_word' id='word_1_39' title='bbox 1110 547 1219 584; x_wconf 90' lang='lat' dir='ltr'>non</span> <span class='ocrx_word' id='word_1_40' title='bbox 1245 530 1349 584; x_wconf 86' lang='lat' dir='ltr'>hoc</span> <span class='ocrx_word' id='word_1_41' title='bbox 1379 529 1655 594; x_wconf 86' lang='lat' dir='ltr'>evincere,</span> <span class='ocrx_word' id='word_1_42' title='bbox 1697 529 1928 601; x_wconf 82' lang='lat' dir='ltr'>conjux;</span> 
     </span>
     <span class='ocr_line' id='line_1_10' title="bbox 575 602 1737 679; baseline -0.006 -15"><span class='ocrx_word' id='word_1_43' title='bbox 575 611 738 679; x_wconf 75' lang='lat' dir='ltr'>Inque</span> <span class='ocrx_word' id='word_1_44' title='bbox 766 604 899 659; x_wconf 88' lang='lat' dir='ltr'>meis</span> <span class='ocrx_word' id='word_1_45' title='bbox 923 604 1162 659; x_wconf 84' lang='lat' dir='ltr'>lacrimas</span> <span class='ocrx_word' id='word_1_46' title='bbox 1190 602 1335 675; x_wconf 84' lang='lat' dir='ltr'>posse</span> <span class='ocrx_word' id='word_1_47' title='bbox 1361 616 1548 657; x_wconf 89' lang='lat' dir='ltr'>tenere</span> <span class='ocrx_word' id='word_1_48' title='bbox 1575 602 1737 657; x_wconf 79' lang='lat' dir='ltr'>malis,</span> 
     </span>
    </p>

    <p class='ocr_par' dir='ltr' id='par_1_10' title="bbox 495 675 1982 822">
     <span class='ocr_line' id='line_1_11' title="bbox 495 675 1982 757; baseline -0.002 -21"><span class='ocrx_word' id='word_1_49' title='bbox 495 681 644 757; x_wconf 88' lang='lat' dir='ltr'>Quid</span> <span class='ocrx_word' id='word_1_50' title='bbox 670 679 858 742; x_wconf 61' lang='lat' dir='ltr'>faciem,</span> <span class='ocrx_word' id='word_1_51' title='bbox 897 678 1136 751; x_wconf 81' lang='lat' dir='ltr'>quaeris?</span> <span class='ocrx_word' id='word_1_52' title='bbox 1178 694 1398 748; x_wconf 83' lang='lat' dir='ltr'>quaeras</span> <span class='ocrx_word' id='word_1_53' title='bbox 1426 676 1530 730; x_wconf 87' lang='lat' dir='ltr'>hoc</span> <span class='ocrx_word' id='word_1_54' title='bbox 1557 676 1754 731; x_wconf 86' lang='lat' dir='ltr'>scilicet</span> <span class='ocrx_word' id='word_1_55' title='bbox 1777 675 1982 748; x_wconf 77' lang='lat' dir='ltr'>ipsum3</span> 
     </span>
     <span class='ocr_line' id='line_1_12' title="bbox 567 749 1512 822; baseline -0.005 -15"><span class='ocrx_word' id='word_1_56' title='bbox 567 752 836 816; x_wconf 82' lang='lat' dir='ltr'>InvenieS,</span> <span class='ocrx_word' id='word_1_57' title='bbox 874 769 1000 806; x_wconf 90' lang='lat' dir='ltr'>vere</span> <span class='ocrx_word' id='word_1_58' title='bbox 1026 750 1064 806; x_wconf 87' lang='lat' dir='ltr'><strong>fi</strong></span> <span class='ocrx_word' id='word_1_59' title='bbox 1089 749 1323 822; x_wconf 84' lang='lat' dir='ltr'>reperire</span> <span class='ocrx_word' id='word_1_60' title='bbox 1348 751 1512 803; x_wconf 80' lang='lat' dir='ltr'>voles,</span> 
     </span>
    </p>
   </div>
   <div class='ocr_carea' id='block_1_10' title="bbox 354 848 417 899">
    <p class='ocr_par' dir='ltr' id='par_1_11' title="bbox 354 848 417 899">
     <span class='ocr_line' id='line_1_13' title="bbox 354 848 417 899; baseline 0.016 -1"><span class='ocrx_word' id='word_1_61' title='bbox 354 848 417 899; x_wconf 79' lang='lat'>35</span> 
     </span>
    </p>
   </div>
   <div class='ocr_carea' id='block_1_11' title="bbox 494 821 1982 897">
    <p class='ocr_par' dir='ltr' id='par_1_12' title="bbox 494 821 1982 897">
     <span class='ocr_line' id='line_1_14' title="bbox 494 821 1982 897; baseline -0.001 -15"><span class='ocrx_word' id='word_1_62' title='bbox 494 828 543 897; x_wconf 67' lang='lat' dir='ltr'><strong>V</strong></span> <span class='ocrx_word' id='word_1_63' title='bbox 553 828 650 882; x_wconf 87' lang='lat' dir='ltr'>elle</span> <span class='ocrx_word' id='word_1_64' title='bbox 675 842 861 895; x_wconf 84' lang='lat' dir='ltr'>parum</span> <span class='ocrx_word' id='word_1_65' title='bbox 890 824 989 878; x_wconf 82' lang='lat' dir='ltr'>est:</span> <span class='ocrx_word' id='word_1_66' title='bbox 1033 824 1241 895; x_wconf 81' lang='lat' dir='ltr'>cupiaS,</span> <span class='ocrx_word' id='word_1_67' title='bbox 1281 836 1338 876; x_wconf 92' lang='lat' dir='ltr'>ut</span> <span class='ocrx_word' id='word_1_68' title='bbox 1364 839 1420 876; x_wconf 90' lang='lat' dir='ltr'>re</span> <span class='ocrx_word' id='word_1_69' title='bbox 1449 821 1697 894; x_wconf 79' lang='lat' dir='ltr'>potiariS,</span> <span class='ocrx_word' id='word_1_70' title='bbox 1729 836 1982 895; x_wconf 87' lang='lat' dir='ltr'>oportet;</span> 
     </span>
    </p>
   </div>
   <div class='ocr_carea' id='block_1_12' title="bbox 499 895 2015 1187">
    <p class='ocr_par' dir='ltr' id='par_1_13' title="bbox 499 895 2015 1187">
     <span class='ocr_line' id='line_1_15' title="bbox 573 895 1727 954; baseline -0.003 -1"><span class='ocrx_word' id='word_1_71' title='bbox 573 900 642 954; x_wconf 78' lang='lat' dir='ltr'>Et</span> <span class='ocrx_word' id='word_1_72' title='bbox 667 898 823 953; x_wconf 85' lang='lat' dir='ltr'>faciat</span> <span class='ocrx_word' id='word_1_73' title='bbox 849 897 1064 952; x_wconf 87' lang='lat' dir='ltr'>somnos</span> <span class='ocrx_word' id='word_1_74' title='bbox 1093 897 1223 951; x_wconf 88' lang='lat' dir='ltr'>haec</span> <span class='ocrx_word' id='word_1_75' title='bbox 1248 895 1344 950; x_wconf 90' lang='lat' dir='ltr'>tibi</span> <span class='ocrx_word' id='word_1_76' title='bbox 1371 913 1497 949; x_wconf 89' lang='lat' dir='ltr'>eura</span> <span class='ocrx_word' id='word_1_77' title='bbox 1523 895 1727 950; x_wconf 80' lang='lat' dir='ltr'>breves,</span> 
     </span>
     <span class='ocr_line' id='line_1_16' title="bbox 499 968 2015 1043; baseline -0.003 -12"><span class='ocrx_word' id='word_1_78' title='bbox 499 973 657 1031; x_wconf 83' lang='lat' dir='ltr'>Velle</span> <span class='ocrx_word' id='word_1_79' title='bbox 683 988 806 1026; x_wconf 87' lang='lat' dir='ltr'>reor</span> <span class='ocrx_word' id='word_1_80' title='bbox 832 971 1042 1026; x_wconf 82' lang='lat' dir='ltr'>multos,</span> <span class='ocrx_word' id='word_1_81' title='bbox 1082 971 1200 1042; x_wconf 88' lang='lat' dir='ltr'>quis</span> <span class='ocrx_word' id='word_1_82' title='bbox 1228 969 1372 1024; x_wconf 90' lang='lat' dir='ltr'>enim</span> <span class='ocrx_word' id='word_1_83' title='bbox 1397 968 1527 1022; x_wconf 85' lang='lat' dir='ltr'>mihi</span> <span class='ocrx_word' id='word_1_84' title='bbox 1554 983 1661 1022; x_wconf 90' lang='lat' dir='ltr'>tam</span> <span class='ocrx_word' id='word_1_85' title='bbox 1688 969 1748 1023; x_wconf 90' lang='lat' dir='ltr'>fit</span> <span class='ocrx_word' id='word_1_86' title='bbox 1771 969 2015 1043; x_wconf 79' lang='lat' dir='ltr'>iniquu3‚</span> 
     </span>
     <span class='ocr_line' id='line_1_17' title="bbox 579 1041 2003 1117; baseline -0.005 -18"><span class='ocrx_word' id='word_1_87' title='bbox 579 1045 748 1117; x_wconf 89' lang='lat' dir='ltr'>Optet</span> <span class='ocrx_word' id='word_1_88' title='bbox 777 1058 835 1098; x_wconf 90' lang='lat' dir='ltr'>ut</span> <span class='ocrx_word' id='word_1_89' title='bbox 861 1043 1099 1098; x_wconf 76' lang='lat' dir='ltr'>exsilium</span> <span class='ocrx_word' id='word_1_90' title='bbox 1124 1060 1255 1115; x_wconf 87' lang='lat' dir='ltr'>pace</span> <span class='ocrx_word' id='word_1_91' title='bbox 1282 1059 1462 1096; x_wconf 84' lang='lat' dir='ltr'>carere</span> <span class='ocrx_word' id='word_1_92' title='bbox 1485 1043 1699 1095; x_wconf 87' lang='lat' dir='ltr'>meum?</span> <span class='ocrx_word' id='word_1_93' title='bbox 2002 1041 2003 1044; x_wconf 74' lang='grc'>’</span> 
     </span>
     <span class='ocr_line' id='line_1_18' title="bbox 502 1113 1874 1187; baseline -0.004 -11"><span class='ocrx_word' id='word_1_94' title='bbox 502 1119 732 1176; x_wconf 68' lang='lat' dir='ltr'>Peetore</span> <span class='ocrx_word' id='word_1_95' title='bbox 761 1132 815 1172; x_wconf 86' lang='lat' dir='ltr'>te</span> <span class='ocrx_word' id='word_1_96' title='bbox 841 1130 961 1170; x_wconf 87' lang='lat' dir='ltr'>toto</span> <span class='ocrx_word' id='word_1_97' title='bbox 988 1115 1300 1187; x_wconf 67' lang='lat' dir='ltr'>cunetisque</span> <span class='ocrx_word' id='word_1_98' title='bbox 1327 1113 1642 1168; x_wconf 86' lang='lat' dir='ltr'>incumbere</span> <span class='ocrx_word' id='word_1_99' title='bbox 1669 1114 1874 1181; x_wconf 86' lang='lat' dir='ltr'>nervis,</span> 
     </span>
    </p>
   </div>
   <div class='ocr_carea' id='block_1_13' title="bbox 355 1214 427 1269">
    <p class='ocr_par' dir='ltr' id='par_1_14' title="bbox 355 1214 427 1269">
     <span class='ocr_line' id='line_1_19' title="bbox 355 1214 427 1269; baseline 0 -18"><span class='ocrx_word' id='word_1_100' title='bbox 355 1214 427 1269; x_wconf 73' lang='lat'>40</span> 
     </span>
    </p>
   </div>
   <div class='ocr_carea' id='block_1_14' title="bbox 267 1454 960 1514">
    <p class='ocr_par' dir='ltr' id='par_1_15' title="bbox 267 1454 960 1514">
     <span class='ocr_line' id='line_1_20' title="bbox 267 1454 960 1514; baseline -0.013 -13"><span class='ocrx_word' id='word_1_101' title='bbox 267 1473 330 1510; x_wconf 81' lang='lat'>27.</span> <span class='ocrx_word' id='word_1_102' title='bbox 355 1462 478 1512; x_wconf 52' lang='lat' dir='ltr'>Quam</span> <span class='ocrx_word' id='word_1_103' title='bbox 501 1456 618 1509; x_wconf 81' lang='lat' dir='ltr'>procul</span> <span class='ocrx_word' id='word_1_104' title='bbox 648 1456 731 1494; x_wconf 76' lang='lat' dir='ltr'>haec</span> <span class='ocrx_word' id='word_1_105' title='bbox 761 1456 848 1514; x_wconf 63' lang='lat' dir='ltr'>regio</span> <span class='ocrx_word' id='word_1_106' title='bbox 878 1454 960 1506; x_wconf 61' lang='lat' dir='ltr'>effi]</span> 
     </span>
    </p>
   </div>
   <div class='ocr_carea' id='block_1_15' title="bbox 574 1185 1630 1263">
    <p class='ocr_par' dir='ltr' id='par_1_16' title="bbox 574 1185 1630 1263">
     <span class='ocr_line' id='line_1_21' title="bbox 574 1185 1630 1263; baseline -0.006 -16"><span class='ocrx_word' id='word_1_107' title='bbox 574 1192 647 1248; x_wconf 83' lang='lat' dir='ltr'>Et</span> <span class='ocrx_word' id='word_1_108' title='bbox 676 1191 773 1247; x_wconf 89' lang='lat' dir='ltr'>niti</span> <span class='ocrx_word' id='word_1_109' title='bbox 799 1207 900 1263; x_wconf 84' lang='lat' dir='ltr'>pro</span> <span class='ocrx_word' id='word_1_110' title='bbox 924 1207 1012 1246; x_wconf 86' lang='lat' dir='ltr'>me</span> <span class='ocrx_word' id='word_1_111' title='bbox 1038 1188 1196 1246; x_wconf 63' lang='lat' dir='ltr'>noete</span> <span class='ocrx_word' id='word_1_112' title='bbox 1223 1189 1421 1260; x_wconf 90' lang='lat' dir='ltr'>dieque</span> <span class='ocrx_word' id='word_1_113' title='bbox 1447 1185 1630 1242; x_wconf 27' lang='lat' dir='ltr'>decet..</span> 
     </span>
    </p>
   </div>
   <div class='ocr_carea' id='block_1_16' title="bbox 2265 1319 2369 1376">
    <p class='ocr_par' dir='ltr' id='par_1_17' title="bbox 2265 1319 2369 1376">
     <span class='ocr_line' id='line_1_22' title="bbox 2265 1319 2369 1376; baseline 0.01 -1"><span class='ocrx_word' id='word_1_114' title='bbox 2265 1319 2369 1376; x_wconf 87' lang='lat' dir='ltr'>Ut-</span> 
     </span>
    </p>
   </div>
   <div class='ocr_carea' id='block_1_17' title="bbox 1015 1449 2372 1506">
    <p class='ocr_par' dir='ltr' id='par_1_18' title="bbox 1015 1449 2372 1506">
     <span class='ocr_line' id='line_1_23' title="bbox 1015 1449 2372 1506; baseline 0.002 -12"><span class='ocrx_word' id='word_1_115' title='bbox 1015 1456 1095 1504; x_wconf 70' lang='lat' dir='ltr'>Qo</span> <span class='ocrx_word' id='word_1_116' title='bbox 1126 1454 1267 1494; x_wconf 81' lang='lat' dir='ltr'>Sarrav.</span> <span class='ocrx_word' id='word_1_117' title='bbox 1321 1453 1580 1500; x_wconf 80' lang='lat' dir='ltr'>interpretatur</span> <span class='ocrx_word' id='word_1_118' title='bbox 1602 1478 1612 1496; x_wconf 96' lang='lat'>,</span> <span class='ocrx_word' id='word_1_119' title='bbox 1650 1449 1755 1500; x_wconf 87' lang='lat' dir='ltr'>quod</span> <span class='ocrx_word' id='word_1_120' title='bbox 1788 1450 1954 1501; x_wconf 87' lang='lat' dir='ltr'>sequenti</span> <span class='ocrx_word' id='word_1_121' title='bbox 1985 1451 2137 1493; x_wconf 78' lang='lat' dir='ltr'>disticho</span> <span class='ocrx_word' id='word_1_122' title='bbox 2169 1455 2372 1506; x_wconf 72' lang='lat' dir='ltr'>refutatur,</span> 
     </span>
    </p>
   </div>
   <div class='ocr_carea' id='block_1_18' title="bbox 215 1502 2374 1667">
    <p class='ocr_par' dir='ltr' id='par_1_19' title="bbox 215 1502 2374 1667">
     <span class='ocr_line' id='line_1_24' title="bbox 223 1502 2374 1561; baseline 0.011 -37"><span class='ocrx_word' id='word_1_123' title='bbox 223 1515 368 1559; x_wconf 83' lang='lat' dir='ltr'>Scribe,</span> <span class='ocrx_word' id='word_1_124' title='bbox 399 1512 504 1561; x_wconf 62' lang='lat' dir='ltr'>§Qod</span> <span class='ocrx_word' id='word_1_125' title='bbox 525 1522 609 1549; x_wconf 88' lang='lat' dir='ltr'>cum</span> <span class='ocrx_word' id='word_1_126' title='bbox 634 1507 881 1551; x_wconf 59' lang='lat' dir='ltr'>Twisdemo,</span> <span class='ocrx_word' id='word_1_127' title='bbox 908 1516 1069 1556; x_wconf 85' lang='lat' dir='ltr'>quatuor</span> <span class='ocrx_word' id='word_1_128' title='bbox 1086 1507 1164 1546; x_wconf 61' lang='lat' dir='ltr'>aljis</span> <span class='ocrx_word' id='word_1_129' title='bbox 1188 1535 1199 1552; x_wconf 81' lang='lat'>‚</span> <span class='ocrx_word' id='word_1_130' title='bbox 1227 1507 1267 1544; x_wconf 86' lang='lat'>&amp;</span> <span class='ocrx_word' id='word_1_131' title='bbox 1322 1506 1385 1544; x_wconf 82' lang='lat' dir='ltr'>ubi</span> <span class='ocrx_word' id='word_1_132' title='bbox 1408 1502 1498 1540; x_wconf 85' lang='lat' dir='ltr'>velle</span> <span class='ocrx_word' id='word_1_133' title='bbox 1517 1505 1555 1541; x_wconf 69' lang='grc' dir='ltr'>ὃ(</span> <span class='ocrx_word' id='word_1_134' title='bbox 1586 1513 1702 1560; x_wconf 83' lang='lat' dir='ltr'>optare</span> <span class='ocrx_word' id='word_1_135' title='bbox 1732 1503 1831 1560; x_wconf 82' lang='lat' dir='ltr'>idem</span> <span class='ocrx_word' id='word_1_136' title='bbox 1862 1511 1980 1542; x_wconf 87' lang='lat' dir='ltr'>notat.</span> <span class='ocrx_word' id='word_1_137' title='bbox 2026 1505 2085 1543; x_wconf 84' lang='lat' dir='ltr'>sed</span> <span class='ocrx_word' id='word_1_138' title='bbox 2109 1516 2222 1555; x_wconf 82' lang='lat' dir='ltr'>cupere</span> <span class='ocrx_word' id='word_1_139' title='bbox 2240 1509 2287 1546; x_wconf 89' lang='lat' dir='ltr'>est</span> <span class='ocrx_word' id='word_1_140' title='bbox 2314 1520 2374 1559; x_wconf 88' lang='lat' dir='ltr'>pe-</span> 
     </span>
     <span class='ocr_line' id='line_1_25' title="bbox 224 1553 2374 1621; baseline -0 -20"><span class='ocrx_word' id='word_1_141' title='bbox 224 1563 342 1621; x_wconf 60' lang='lat' dir='ltr'>prirnzi</span> <span class='ocrx_word' id='word_1_142' title='bbox 362 1565 539 1603; x_wconf 72' lang='lat' dir='ltr'>editione.</span> <span class='ocrx_word' id='word_1_143' title='bbox 568 1562 708 1618; x_wconf 56' lang='lat' dir='ltr'>Herus.</span> <span class='ocrx_word' id='word_1_144' title='bbox 763 1560 804 1597; x_wconf 91' lang='lat' dir='ltr'>In</span> <span class='ocrx_word' id='word_1_145' title='bbox 837 1558 1008 1597; x_wconf 80' lang='lat' dir='ltr'>Francos.</span> <span class='ocrx_word' id='word_1_146' title='bbox 1037 1568 1112 1596; x_wconf 81' lang='lat' dir='ltr'>erat</span> <span class='ocrx_word' id='word_1_147' title='bbox 1131 1555 1267 1615; x_wconf 70' lang='lat' dir='ltr'>gloffa,</span> <span class='ocrx_word' id='word_1_148' title='bbox 1323 1558 1411 1613; x_wconf 64' lang='lat' dir='ltr'>§tore</span> <span class='ocrx_word' id='word_1_149' title='bbox 1431 1565 1475 1594; x_wconf 67' lang='grc' dir='ltr'>ω’</span> <span class='ocrx_word' id='word_1_150' title='bbox 1491 1557 1621 1591; x_wconf 57' lang='lat' dir='ltr'>cuncus</span> <span class='ocrx_word' id='word_1_151' title='bbox 1643 1567 1762 1591; x_wconf 70' lang='lat' dir='ltr'>nervls</span> <span class='ocrx_word' id='word_1_152' title='bbox 1781 1553 1976 1593; x_wconf 80' lang='lat' dir='ltr'>tncumbere</span> <span class='ocrx_word' id='word_1_153' title='bbox 1991 1566 2055 1602; x_wconf 85' lang='lat' dir='ltr'>‚ut</span> <span class='ocrx_word' id='word_1_154' title='bbox 2073 1558 2171 1596; x_wconf 65' lang='lat' dir='ltr'>reete</span> <span class='ocrx_word' id='word_1_155' title='bbox 2185 1559 2374 1610; x_wconf 80' lang='lat' dir='ltr'>Micyllus.</span> 
     </span>
     <span class='ocr_line' id='line_1_26' title="bbox 215 1605 1818 1667; baseline 0.002 -18"><span class='ocrx_word' id='word_1_156' title='bbox 215 1617 349 1667; x_wconf 61' lang='lat' dir='ltr'>scilzcet</span> <span class='ocrx_word' id='word_1_157' title='bbox 369 1643 379 1660; x_wconf 91' lang='lat'><em>‚</em></span> <span class='ocrx_word' id='word_1_158' title='bbox 415 1615 516 1652; x_wconf 80' lang='lat' dir='ltr'>adde.</span> <span class='ocrx_word' id='word_1_159' title='bbox 554 1611 688 1650; x_wconf 89' lang='lat' dir='ltr'>demde</span> <span class='ocrx_word' id='word_1_160' title='bbox 714 1638 724 1655; x_wconf 95' lang='lat'>,</span> <span class='ocrx_word' id='word_1_161' title='bbox 760 1611 865 1648; x_wconf 82' lang='lat' dir='ltr'>devia</span> <span class='ocrx_word' id='word_1_162' title='bbox 892 1620 994 1658; x_wconf 86' lang='lat' dir='ltr'>portu</span> <span class='ocrx_word' id='word_1_163' title='bbox 1014 1609 1266 1647; x_wconf 85' lang='lat' dir='ltr'>Barberm.1ta</span> <span class='ocrx_word' id='word_1_164' title='bbox 1318 1608 1433 1655; x_wconf 73' lang='lat' dir='ltr'>factas</span> <span class='ocrx_word' id='word_1_165' title='bbox 1455 1615 1495 1641; x_wconf 84' lang='lat' dir='ltr'>ut</span> <span class='ocrx_word' id='word_1_166' title='bbox 1512 1619 1547 1642; x_wconf 70' lang='lat' dir='ltr'>re</span> <span class='ocrx_word' id='word_1_167' title='bbox 1565 1606 1653 1644; x_wconf 80' lang='lat' dir='ltr'>duo·</span> <span class='ocrx_word' id='word_1_168' title='bbox 1681 1605 1818 1645; x_wconf 77' lang='lat' dir='ltr'><strong>BURM·</strong></span> 
     </span>
    </p>
   </div>
   <div class='ocr_carea' id='block_1_19' title="bbox 221 1658 1273 1918">
    <p class='ocr_par' dir='ltr' id='par_1_20' title="bbox 221 1658 1273 1918">
     <span class='ocr_line' id='line_1_27' title="bbox 221 1658 1267 1717; baseline -0.008 -12"><span class='ocrx_word' id='word_1_169' title='bbox 221 1667 386 1717; x_wconf 86' lang='lat' dir='ltr'>portubus</span> <span class='ocrx_word' id='word_1_170' title='bbox 416 1666 500 1702; x_wconf 85' lang='lat' dir='ltr'>orba</span> <span class='ocrx_word' id='word_1_171' title='bbox 530 1664 633 1701; x_wconf 79' lang='lat' dir='ltr'>litora</span> <span class='ocrx_word' id='word_1_172' title='bbox 668 1663 760 1700; x_wconf 81' lang='lat' dir='ltr'>dixit</span> <span class='ocrx_word' id='word_1_173' title='bbox 798 1673 863 1699; x_wconf 79' lang='lat'>111.</span> <span class='ocrx_word' id='word_1_174' title='bbox 896 1660 1007 1700; x_wconf 85' lang='lat' dir='ltr'>Trist.</span> <span class='ocrx_word' id='word_1_175' title='bbox 1036 1673 1105 1698; x_wconf 82' lang='lat' dir='ltr'>xn.</span> <span class='ocrx_word' id='word_1_176' title='bbox 1130 1658 1190 1707; x_wconf 79' lang='lat'>38.</span> <span class='ocrx_word' id='word_1_177' title='bbox 1228 1661 1267 1697; x_wconf 89' lang='lat'>&amp;</span> 
     </span>
     <span class='ocr_line' id='line_1_28' title="bbox 226 1711 1269 1767; baseline -0.01 -11"><span class='ocrx_word' id='word_1_178' title='bbox 226 1732 324 1757; x_wconf 87' lang='lat' dir='ltr'>mare</span> <span class='ocrx_word' id='word_1_179' title='bbox 345 1716 499 1767; x_wconf 83' lang='lat' dir='ltr'>portibus</span> <span class='ocrx_word' id='word_1_180' title='bbox 518 1714 598 1751; x_wconf 66' lang='lat' dir='ltr'>orba</span> <span class='ocrx_word' id='word_1_181' title='bbox 619 1726 681 1751; x_wconf 84' lang='lat'>111.</span> <span class='ocrx_word' id='word_1_182' title='bbox 704 1726 750 1750; x_wconf 84' lang='lat'>11.</span> <span class='ocrx_word' id='word_1_183' title='bbox 775 1726 819 1750; x_wconf 89' lang='lat'>11.</span> <span class='ocrx_word' id='word_1_184' title='bbox 843 1723 935 1749; x_wconf 77' lang='lat' dir='ltr'>mox</span> <span class='ocrx_word' id='word_1_185' title='bbox 950 1740 959 1756; x_wconf 91' lang='lat'><em>‚</em></span> <span class='ocrx_word' id='word_1_186' title='bbox 989 1724 1058 1759; x_wconf 90' lang='lat' dir='ltr'>qua</span> <span class='ocrx_word' id='word_1_187' title='bbox 1082 1711 1269 1761; x_wconf 80' lang='lat' dir='ltr'>quisquam</span> 
     </span>
     <span class='ocr_line' id='line_1_29' title="bbox 226 1761 1272 1813; baseline -0.007 -6"><span class='ocrx_word' id='word_1_188' title='bbox 226 1769 441 1807; x_wconf 63' lang='lat' dir='ltr'>octodecim</span> <span class='ocrx_word' id='word_1_189' title='bbox 458 1769 494 1805; x_wconf 72' lang='grc' dir='ltr'>ὃ(</span> <span class='ocrx_word' id='word_1_190' title='bbox 509 1765 642 1803; x_wconf 87' lang='lat' dir='ltr'>Bersm.</span> <span class='ocrx_word' id='word_1_191' title='bbox 663 1765 699 1802; x_wconf 71' lang='grc' dir='ltr'>ὃ(</span> <span class='ocrx_word' id='word_1_192' title='bbox 724 1764 809 1802; x_wconf 85' lang='lat' dir='ltr'>Ald.</span> <span class='ocrx_word' id='word_1_193' title='bbox 829 1775 936 1813; x_wconf 79' lang='lat' dir='ltr'>quum</span> <span class='ocrx_word' id='word_1_194' title='bbox 960 1761 1272 1801; x_wconf 80' lang='lat' dir='ltr'>Vatican.vid.ad</span> 
     </span>
     <span class='ocr_line' id='line_1_30' title="bbox 222 1811 1273 1869; baseline -0.007 -11"><span class='ocrx_word' id='word_1_195' title='bbox 222 1819 337 1869; x_wconf 82' lang='lat' dir='ltr'>Epist.</span> <span class='ocrx_word' id='word_1_196' title='bbox 354 1830 424 1857; x_wconf 82' lang='lat' dir='ltr'>vn.</span> <span class='ocrx_word' id='word_1_197' title='bbox 444 1830 509 1868; x_wconf 78' lang='lat'>40.</span> <span class='ocrx_word' id='word_1_198' title='bbox 539 1816 608 1854; x_wconf 89' lang='lat' dir='ltr'>Sed</span> <span class='ocrx_word' id='word_1_199' title='bbox 622 1844 630 1859; x_wconf 93' lang='lat'><em>‚</em></span> <span class='ocrx_word' id='word_1_200' title='bbox 657 1816 743 1863; x_wconf 85' lang='lat' dir='ltr'>quia</span> <span class='ocrx_word' id='word_1_201' title='bbox 764 1827 875 1866; x_wconf 87' lang='lat' dir='ltr'>quam</span> <span class='ocrx_word' id='word_1_202' title='bbox 895 1813 1082 1862; x_wconf 81' lang='lat' dir='ltr'>quisquam</span> <span class='ocrx_word' id='word_1_203' title='bbox 1114 1811 1273 1851; x_wconf 85' lang='lat' dir='ltr'>offendit</span> 
     </span>
     <span class='ocr_line' id='line_1_31' title="bbox 224 1866 921 1918; baseline -0.016 -8"><span class='ocrx_word' id='word_1_204' title='bbox 224 1882 352 1915; x_wconf 81' lang='lat' dir='ltr'>aureS,</span> <span class='ocrx_word' id='word_1_205' title='bbox 381 1869 545 1918; x_wconf 80' lang='lat' dir='ltr'>praetuli.</span> <span class='ocrx_word' id='word_1_206' title='bbox 566 1867 769 1914; x_wconf 80' lang='lat' dir='ltr'>vulgatum.</span> <span class='ocrx_word' id='word_1_207' title='bbox 793 1866 921 1902; x_wconf 59' lang='lat' dir='ltr'>Burin.</span> 
     </span>
    </p>
   </div>
   <div class='ocr_carea' id='block_1_20' title="bbox 227 1926 1284 2504">
    <p class='ocr_par' dir='ltr' id='par_1_21' title="bbox 227 1926 1275 2089">
     <span class='ocr_line' id='line_1_32' title="bbox 277 1926 1274 1985; baseline -0.013 -10"><span class='ocrx_word' id='word_1_208' title='bbox 277 1950 340 1985; x_wconf 89' lang='lat'>29.</span> <span class='ocrx_word' id='word_1_209' title='bbox 370 1942 448 1972; x_wconf 90' lang='lat' dir='ltr'>Non</span> <span class='ocrx_word' id='word_1_210' title='bbox 469 1934 575 1982; x_wconf 78' lang='lat' dir='ltr'>igitur</span> <span class='ocrx_word' id='word_1_211' title='bbox 593 1931 723 1968; x_wconf 84' lang='lat' dir='ltr'>mirum</span> <span class='ocrx_word' id='word_1_212' title='bbox 750 1929 856 1975; x_wconf 79' lang='lat' dir='ltr'>finem</span> <span class='ocrx_word' id='word_1_213' title='bbox 887 1926 1130 1979; x_wconf 77' lang='lat' dir='ltr'>quaerentibus</span> <span class='ocrx_word' id='word_1_214' title='bbox 1148 1927 1274 1964; x_wconf 87' lang='lat' dir='ltr'>horum</span> 
     </span>
     <span class='ocr_line' id='line_1_33' title="bbox 227 1978 1275 2034; baseline -0.008 -8"><span class='ocrx_word' id='word_1_215' title='bbox 227 1988 358 2027; x_wconf 71' lang='lat' dir='ltr'>Altera</span> <span class='ocrx_word' id='word_1_216' title='bbox 371 1986 402 2034; x_wconf 78' lang='lat' dir='ltr'>si</span> <span class='ocrx_word' id='word_1_217' title='bbox 419 1985 512 2023; x_wconf 81' lang='lat' dir='ltr'>nobis</span> <span class='ocrx_word' id='word_1_218' title='bbox 536 1997 642 2032; x_wconf 77' lang='lat' dir='ltr'>usque</span> <span class='ocrx_word' id='word_1_219' title='bbox 661 1993 799 2031; x_wconf 83' lang='lat' dir='ltr'>rogatur</span> <span class='ocrx_word' id='word_1_220' title='bbox 812 1979 971 2029; x_wconf 61' lang='lat' dir='ltr'>humus]</span> <span class='ocrx_word' id='word_1_221' title='bbox 1003 1979 1150 2017; x_wconf 80' lang='lat' dir='ltr'>Lib..1v.</span> <span class='ocrx_word' id='word_1_222' title='bbox 1163 1978 1275 2018; x_wconf 78' lang='lat' dir='ltr'>Txist.</span> 
     </span>
     <span class='ocr_line' id='line_1_34' title="bbox 228 2039 413 2089; baseline -0.027 -11"><span class='ocrx_word' id='word_1_223' title='bbox 228 2039 332 2089; x_wconf 86' lang='lat' dir='ltr'>Eleg.</span> <span class='ocrx_word' id='word_1_224' title='bbox 360 2049 413 2075; x_wconf 80' lang='grc' dir='ltr'>ιν.</span> 
     </span>
    </p>

    <p class='ocr_par' dir='ltr' id='par_1_22' title="bbox 282 2097 1082 2152">
     <span class='ocr_line' id='line_1_35' title="bbox 282 2097 1082 2152; baseline -0.013 -8"><span class='ocrx_word' id='word_1_225' title='bbox 282 2105 414 2144; x_wconf 85' lang='lat' dir='ltr'>Mitius</span> <span class='ocrx_word' id='word_1_226' title='bbox 433 2101 590 2152; x_wconf 81' lang='lat' dir='ltr'>exsilium</span> <span class='ocrx_word' id='word_1_227' title='bbox 604 2129 614 2145; x_wconf 91' lang='lat'>‚</span> <span class='ocrx_word' id='word_1_228' title='bbox 637 2098 807 2148; x_wconf 74' lang='lat' dir='ltr'>pauloque</span> <span class='ocrx_word' id='word_1_229' title='bbox 827 2097 975 2148; x_wconf 82' lang='lat' dir='ltr'>quietius</span> <span class='ocrx_word' id='word_1_230' title='bbox 994 2110 1082 2141; x_wconf 71' lang='lat' dir='ltr'>oro,</span> 
     </span>
    </p>

    <p class='ocr_par' dir='ltr' id='par_1_23' title="bbox 229 2148 1131 2262">
     <span class='ocr_line' id='line_1_36' title="bbox 334 2148 1131 2206; baseline -0.011 -13"><span class='ocrx_word' id='word_1_231' title='bbox 334 2156 474 2206; x_wconf 50' lang='lat' dir='ltr'>Quique</span> <span class='ocrx_word' id='word_1_232' title='bbox 487 2153 535 2203; x_wconf 80' lang='lat' dir='ltr'>sit</span> <span class='ocrx_word' id='word_1_233' title='bbox 559 2152 583 2190; x_wconf 71' lang='grc' dir='ltr'>ὰ</span> <span class='ocrx_word' id='word_1_234' title='bbox 595 2153 703 2201; x_wconf 86' lang='lat' dir='ltr'>saevo</span> <span class='ocrx_word' id='word_1_235' title='bbox 724 2150 851 2200; x_wconf 74' lang='lat' dir='ltr'>longior</span> <span class='ocrx_word' id='word_1_236' title='bbox 872 2148 958 2196; x_wconf 80' lang='lat' dir='ltr'>hoste</span> <span class='ocrx_word' id='word_1_237' title='bbox 972 2175 983 2194; x_wconf 90' lang='lat'>,</span> <span class='ocrx_word' id='word_1_238' title='bbox 1000 2149 1131 2187; x_wconf 27' lang='lat' dir='ltr'>locum..</span> 
     </span>
     <span class='ocr_line' id='line_1_37' title="bbox 229 2214 786 2262; baseline -0.016 -6"><span class='ocrx_word' id='word_1_239' title='bbox 229 2216 330 2256; x_wconf 80' lang='lat' dir='ltr'>Infra</span> <span class='ocrx_word' id='word_1_240' title='bbox 347 2217 408 2255; x_wconf 90' lang='lat' dir='ltr'>lib.</span> <span class='ocrx_word' id='word_1_241' title='bbox 431 2226 486 2253; x_wconf 73' lang='lat' dir='ltr'>xv,</span> <span class='ocrx_word' id='word_1_242' title='bbox 507 2214 608 2262; x_wconf 82' lang='lat' dir='ltr'>Eleg.</span> <span class='ocrx_word' id='word_1_243' title='bbox 623 2223 684 2250; x_wconf 84' lang='lat' dir='ltr'>xv.</span> <span class='ocrx_word' id='word_1_244' title='bbox 784 2256 786 2258; x_wconf 66' lang='lat'>‚</span> 
     </span>
    </p>

    <p class='ocr_par' dir='ltr' id='par_1_24' title="bbox 232 2269 1278 2430">
     <span class='ocr_line' id='line_1_38' title="bbox 283 2269 1223 2328; baseline -0.009 -11"><span class='ocrx_word' id='word_1_245' title='bbox 283 2283 406 2328; x_wconf 80' lang='lat' dir='ltr'>,Atque</span> <span class='ocrx_word' id='word_1_246' title='bbox 424 2275 565 2314; x_wconf 82' lang='lat' dir='ltr'>utinam</span> <span class='ocrx_word' id='word_1_247' title='bbox 581 2272 699 2324; x_wconf 84' lang='lat' dir='ltr'>poffis,</span> <span class='ocrx_word' id='word_1_248' title='bbox 725 2282 768 2313; x_wconf 61' lang='lat' dir='ltr'>ey·</span> <span class='ocrx_word' id='word_1_249' title='bbox 787 2272 890 2310; x_wconf 86' lang='lat' dir='ltr'>detur</span> <span class='ocrx_word' id='word_1_250' title='bbox 908 2269 1054 2309; x_wconf 81' lang='lat' dir='ltr'>amicius</span> <span class='ocrx_word' id='word_1_251' title='bbox 1073 2281 1223 2309; x_wconf 85' lang='lat' dir='ltr'>arvum.</span> 
     </span>
     <span class='ocr_line' id='line_1_39' title="bbox 232 2329 1278 2385; baseline -0.011 -6"><span class='ocrx_word' id='word_1_252' title='bbox 232 2340 283 2379; x_wconf 79' lang='lat' dir='ltr'>Et</span> <span class='ocrx_word' id='word_1_253' title='bbox 305 2341 381 2378; x_wconf 84' lang='lat' dir='ltr'>aliis</span> <span class='ocrx_word' id='word_1_254' title='bbox 409 2340 448 2377; x_wconf 88' lang='lat' dir='ltr'>in</span> <span class='ocrx_word' id='word_1_255' title='bbox 475 2339 566 2376; x_wconf 90' lang='lat' dir='ltr'>locis</span> <span class='ocrx_word' id='word_1_256' title='bbox 588 2364 599 2382; x_wconf 96' lang='lat'>,</span> <span class='ocrx_word' id='word_1_257' title='bbox 638 2346 732 2385; x_wconf 88' lang='lat' dir='ltr'>quos</span> <span class='ocrx_word' id='word_1_258' title='bbox 754 2334 845 2372; x_wconf 80' lang='lat' dir='ltr'>nihil</span> <span class='ocrx_word' id='word_1_259' title='bbox 873 2329 1017 2371; x_wconf 82' lang='lat' dir='ltr'>neceffe</span> <span class='ocrx_word' id='word_1_260' title='bbox 1048 2329 1097 2368; x_wconf 82' lang='lat' dir='ltr'>est</span> <span class='ocrx_word' id='word_1_261' title='bbox 1114 2331 1278 2369; x_wconf 88' lang='lat' dir='ltr'>scribere.</span> 
     </span>
     <span class='ocr_line' id='line_1_40' title="bbox 237 2393 410 2430; baseline -0.012 0"><span class='ocrx_word' id='word_1_262' title='bbox 237 2393 410 2430; x_wconf 64' lang='lat' dir='ltr'>Cxofan.</span> 
     </span>
    </p>

    <p class='ocr_par' dir='ltr' id='par_1_25' title="bbox 290 2442 1284 2504">
     <span class='ocr_line' id='line_1_41' title="bbox 290 2442 1284 2504; baseline -0.012 -12"><span class='ocrx_word' id='word_1_263' title='bbox 290 2467 350 2504; x_wconf 80' lang='lat'>30.</span> <span class='ocrx_word' id='word_1_264' title='bbox 379 2449 569 2502; x_wconf 58' lang='lat' dir='ltr'>Regnum]</span> <span class='ocrx_word' id='word_1_265' title='bbox 619 2455 762 2498; x_wconf 85' lang='lat' dir='ltr'>Rogetur</span> <span class='ocrx_word' id='word_1_266' title='bbox 792 2448 945 2485; x_wconf 78' lang='lat' dir='ltr'>Putean.</span> <span class='ocrx_word' id='word_1_267' title='bbox 972 2445 1031 2483; x_wconf 89' lang='lat' dir='ltr'>sed</span> <span class='ocrx_word' id='word_1_268' title='bbox 1060 2444 1099 2482; x_wconf 70' lang='grc' dir='ltr'>δί</span> <span class='ocrx_word' id='word_1_269' title='bbox 1120 2455 1174 2480; x_wconf 83' lang='lat' dir='ltr'>VI.</span> <span class='ocrx_word' id='word_1_270' title='bbox 1194 2442 1284 2480; x_wconf 84' lang='lat' dir='ltr'>Fast.</span> 
     </span>
    </p>
   </div>
   <div class='ocr_carea' id='block_1_21' title="bbox 241 2493 1288 2557">
    <p class='ocr_par' dir='ltr' id='par_1_26' title="bbox 241 2493 1288 2557">
     <span class='ocr_line' id='line_1_42' title="bbox 241 2493 1288 2557; baseline -0.015 -13"><span class='ocrx_word' id='word_1_271' title='bbox 241 2519 327 2557; x_wconf 81' lang='lat'>390.</span> <span class='ocrx_word' id='word_1_272' title='bbox 355 2505 457 2554; x_wconf 21' lang='lat' dir='ltr'>Qud.</span> <span class='ocrx_word' id='word_1_273' title='bbox 475 2504 605 2540; x_wconf 81' lang='lat' dir='ltr'>mirum</span> <span class='ocrx_word' id='word_1_274' title='bbox 626 2500 659 2548; x_wconf 83' lang='lat' dir='ltr'><em>fi</em></span> <span class='ocrx_word' id='word_1_275' title='bbox 688 2499 863 2536; x_wconf 73' lang='lat' dir='ltr'>admittit.</span> <span class='ocrx_word' id='word_1_276' title='bbox 896 2497 943 2534; x_wconf 84' lang='lat' dir='ltr'>lic</span> <span class='ocrx_word' id='word_1_277' title='bbox 973 2497 1010 2533; x_wconf 90' lang='lat'>&amp;</span> <span class='ocrx_word' id='word_1_278' title='bbox 1034 2523 1044 2538; x_wconf 86' lang='lat'><strong>‚</strong></span> <span class='ocrx_word' id='word_1_279' title='bbox 1083 2493 1241 2532; x_wconf 79' lang='lat' dir='ltr'>mirabar</span> <span class='ocrx_word' id='word_1_280' title='bbox 1251 2493 1288 2542; x_wconf 82' lang='lat' dir='ltr'>si</span> 
     </span>
    </p>
   </div>
   <div class='ocr_carea' id='block_1_22' title="bbox 240 2545 1285 2718">
    <p class='ocr_par' dir='ltr' id='par_1_27' title="bbox 240 2545 1285 2718">
     <span class='ocr_line' id='line_1_43' title="bbox 241 2545 1285 2607; baseline -0.013 -12"><span class='ocrx_word' id='word_1_281' title='bbox 241 2571 318 2607; x_wconf 63' lang='lat' dir='ltr'>quis</span> <span class='ocrx_word' id='word_1_282' title='bbox 335 2568 448 2594; x_wconf 76' lang='lat' dir='ltr'>nurus</span> <span class='ocrx_word' id='word_1_283' title='bbox 467 2565 542 2592; x_wconf 85' lang='lat' dir='ltr'>erat</span> <span class='ocrx_word' id='word_1_284' title='bbox 570 2567 597 2592; x_wconf 89' lang='lat'>1.</span> <span class='ocrx_word' id='word_1_285' title='bbox 616 2553 751 2589; x_wconf 84' lang='lat' dir='ltr'>Amor.</span> <span class='ocrx_word' id='word_1_286' title='bbox 765 2562 817 2588; x_wconf 79' lang='lat' dir='ltr'>vi.</span> <span class='ocrx_word' id='word_1_287' title='bbox 834 2559 892 2587; x_wconf 85' lang='lat'>10.</span> <span class='ocrx_word' id='word_1_288' title='bbox 919 2548 957 2586; x_wconf 74' lang='grc' dir='ltr'>δε</span> <span class='ocrx_word' id='word_1_289' title='bbox 984 2547 1224 2585; x_wconf 82' lang='lat' dir='ltr'>alibi.mirum</span> <span class='ocrx_word' id='word_1_290' title='bbox 1241 2545 1285 2592; x_wconf 84' lang='lat' dir='ltr'>est</span> 
     </span>
     <span class='ocr_line' id='line_1_44' title="bbox 240 2606 542 2657; baseline -0.02 -8"><span class='ocrx_word' id='word_1_291' title='bbox 240 2610 324 2657; x_wconf 79' lang='lat' dir='ltr'>jun.</span> <span class='ocrx_word' id='word_1_292' title='bbox 345 2610 383 2645; x_wconf 75' lang='grc' dir='ltr'>ὅτ,</span> <span class='ocrx_word' id='word_1_293' title='bbox 407 2606 542 2644; x_wconf 77' lang='lat' dir='ltr'>Bersm.</span> 
     </span>
     <span class='ocr_line' id='line_1_45' title="bbox 296 2658 1239 2718; baseline -0.01 -11"><span class='ocrx_word' id='word_1_294' title='bbox 296 2681 354 2718; x_wconf 76' lang='lat'>31.</span> <span class='ocrx_word' id='word_1_295' title='bbox 384 2674 463 2705; x_wconf 86' lang='lat' dir='ltr'>Non</span> <span class='ocrx_word' id='word_1_296' title='bbox 480 2665 572 2715; x_wconf 61' lang='lat' dir='ltr'>hcm]</span> <span class='ocrx_word' id='word_1_297' title='bbox 606 2670 695 2701; x_wconf 83' lang='lat' dir='ltr'>Haec</span> <span class='ocrx_word' id='word_1_298' title='bbox 714 2661 872 2711; x_wconf 83' lang='lat' dir='ltr'>plurimi.</span> <span class='ocrx_word' id='word_1_299' title='bbox 892 2669 1042 2697; x_wconf 83' lang='lat' dir='ltr'>evertere</span> <span class='ocrx_word' id='word_1_300' title='bbox 1064 2658 1239 2698; x_wconf 82' lang='lat' dir='ltr'>Leidens.</span> 
     </span>
    </p>
   </div>
   <div class='ocr_carea' id='block_1_23' title="bbox 297 2721 1285 2779">
    <p class='ocr_par' dir='ltr' id='par_1_28' title="bbox 297 2721 1285 2779">
     <span class='ocr_line' id='line_1_46' title="bbox 297 2721 1285 2779; baseline -0.008 -12"><span class='ocrx_word' id='word_1_301' title='bbox 297 2742 356 2779; x_wconf 80' lang='lat'>34.</span> <span class='ocrx_word' id='word_1_302' title='bbox 385 2727 578 2776; x_wconf 81' lang='lat' dir='ltr'>Invenies.]</span> <span class='ocrx_word' id='word_1_303' title='bbox 628 2725 794 2763; x_wconf 78' lang='lat' dir='ltr'>Invenias</span> <span class='ocrx_word' id='word_1_304' title='bbox 814 2724 982 2761; x_wconf 76' lang='lat' dir='ltr'>Vatican.</span> <span class='ocrx_word' id='word_1_305' title='bbox 1003 2734 1108 2760; x_wconf 84' lang='lat' dir='ltr'>unus.</span> <span class='ocrx_word' id='word_1_306' title='bbox 1126 2723 1213 2760; x_wconf 84' lang='lat' dir='ltr'>velis</span> <span class='ocrx_word' id='word_1_307' title='bbox 1235 2721 1285 2760; x_wconf 86' lang='lat' dir='ltr'>se·</span> 
     </span>
    </p>
   </div>
   <div class='ocr_carea' id='block_1_24' title="bbox 246 2774 1290 2831">
    <p class='ocr_par' dir='ltr' id='par_1_29' title="bbox 246 2774 1290 2831">
     <span class='ocr_line' id='line_1_47' title="bbox 246 2774 1290 2831; baseline -0.007 -12"><span class='ocrx_word' id='word_1_308' title='bbox 246 2789 363 2831; x_wconf 81' lang='lat' dir='ltr'>ptem.</span> <span class='ocrx_word' id='word_1_309' title='bbox 391 2782 479 2829; x_wconf 72' lang='lat' dir='ltr'>cupis</span> <span class='ocrx_word' id='word_1_310' title='bbox 498 2781 584 2818; x_wconf 88' lang='lat' dir='ltr'>duo.</span> <span class='ocrx_word' id='word_1_311' title='bbox 599 2777 711 2827; x_wconf 80' lang='lat' dir='ltr'>priori</span> <span class='ocrx_word' id='word_1_312' title='bbox 734 2775 835 2814; x_wconf 87' lang='lat' dir='ltr'>versu</span> <span class='ocrx_word' id='word_1_313' title='bbox 849 2803 860 2820; x_wconf 96' lang='lat'>,</span> <span class='ocrx_word' id='word_1_314' title='bbox 879 2775 964 2825; x_wconf 83' lang='lat' dir='ltr'>quid</span> <span class='ocrx_word' id='word_1_315' title='bbox 977 2775 1116 2821; x_wconf 77' lang='lat' dir='ltr'>fizciam</span> <span class='ocrx_word' id='word_1_316' title='bbox 1138 2774 1290 2812; x_wconf 87' lang='lat' dir='ltr'>Putean.</span> 
     </span>
    </p>
   </div>
   <div class='ocr_carea' id='block_1_25' title="bbox 249 2831 443 2871">
    <p class='ocr_par' dir='ltr' id='par_1_30' title="bbox 249 2831 443 2871">
     <span class='ocr_line' id='line_1_48' title="bbox 249 2831 443 2871; baseline -0.021 0"><span class='ocrx_word' id='word_1_317' title='bbox 249 2836 286 2871; x_wconf 85' lang='lat'>&amp;</span> <span class='ocrx_word' id='word_1_318' title='bbox 309 2831 443 2869; x_wconf 83' lang='lat' dir='ltr'>Bersm.</span> 
     </span>
    </p>
   </div>
   <div class='ocr_carea' id='block_1_26' title="bbox 249 2883 1294 3040">
    <p class='ocr_par' dir='ltr' id='par_1_31' title="bbox 249 2883 1294 3040">
     <span class='ocr_line' id='line_1_49' title="bbox 305 2883 1292 2941; baseline -0.01 -12"><span class='ocrx_word' id='word_1_319' title='bbox 305 2905 362 2941; x_wconf 83' lang='lat'>35.</span> <span class='ocrx_word' id='word_1_320' title='bbox 390 2890 549 2938; x_wconf 64' lang='lat' dir='ltr'>Cupias,</span> <span class='ocrx_word' id='word_1_321' title='bbox 569 2898 608 2925; x_wconf 83' lang='lat' dir='ltr'>ut</span> <span class='ocrx_word' id='word_1_322' title='bbox 630 2901 664 2924; x_wconf 86' lang='lat' dir='ltr'>re</span> <span class='ocrx_word' id='word_1_323' title='bbox 684 2886 846 2936; x_wconf 83' lang='lat' dir='ltr'>potiaris,</span> <span class='ocrx_word' id='word_1_324' title='bbox 875 2883 1038 2933; x_wconf 56' lang='lat' dir='ltr'>oportet]</span> <span class='ocrx_word' id='word_1_325' title='bbox 1076 2883 1222 2930; x_wconf 84' lang='lat' dir='ltr'>Scribe,</span> <span class='ocrx_word' id='word_1_326' title='bbox 1251 2893 1292 2919; x_wconf 85' lang='lat' dir='ltr'>ut</span> 
     </span>
     <span class='ocr_line' id='line_1_50' title="bbox 249 2933 1294 2993; baseline -0.009 -14"><span class='ocrx_word' id='word_1_327' title='bbox 249 2944 304 2993; x_wconf 71' lang='lat' dir='ltr'>spo</span> <span class='ocrx_word' id='word_1_328' title='bbox 321 2943 463 2992; x_wconf 79' lang='lat' dir='ltr'>potiaris</span> <span class='ocrx_word' id='word_1_329' title='bbox 479 2969 489 2985; x_wconf 94' lang='lat'>,</span> <span class='ocrx_word' id='word_1_330' title='bbox 524 2940 582 2977; x_wconf 82' lang='lat' dir='ltr'>vel</span> <span class='ocrx_word' id='word_1_331' title='bbox 614 2947 739 2975; x_wconf 80' lang='lat' dir='ltr'>contra</span> <span class='ocrx_word' id='word_1_332' title='bbox 762 2939 869 2974; x_wconf 82' lang='lat' dir='ltr'>llbros</span> <span class='ocrx_word' id='word_1_333' title='bbox 889 2945 1040 2974; x_wconf 85' lang='lat' dir='ltr'>veteres.</span> <span class='ocrx_word' id='word_1_334' title='bbox 1069 2934 1115 2972; x_wconf 82' lang='lat' dir='ltr'>fic</span> <span class='ocrx_word' id='word_1_335' title='bbox 1136 2938 1171 2971; x_wconf 65' lang='grc' dir='ltr'>ὃ(</span> <span class='ocrx_word' id='word_1_336' title='bbox 1187 2933 1294 2983; x_wconf 77' lang='lat' dir='ltr'>potiri</span> 
     </span>
     <span class='ocr_line' id='line_1_51' title="bbox 254 2986 1293 3040; baseline -0.007 -10"><span class='ocrx_word' id='word_1_337' title='bbox 254 2996 346 3030; x_wconf 77' lang='lat' dir='ltr'>votis</span> <span class='ocrx_word' id='word_1_338' title='bbox 366 2992 487 3040; x_wconf 76' lang='lat' dir='ltr'>paffim</span> <span class='ocrx_word' id='word_1_339' title='bbox 509 2992 602 3037; x_wconf 79' lang='lat' dir='ltr'>apud</span> <span class='ocrx_word' id='word_1_340' title='bbox 626 2989 814 3026; x_wconf 84' lang='lat' dir='ltr'>Nostrum.</span> <span class='ocrx_word' id='word_1_341' title='bbox 853 2987 924 3024; x_wconf 77' lang='lat' dir='ltr'>Adi</span> <span class='ocrx_word' id='word_1_342' title='bbox 949 2987 1066 3023; x_wconf 84' lang='lat' dir='ltr'>Notas</span> <span class='ocrx_word' id='word_1_343' title='bbox 1088 2986 1221 3023; x_wconf 80' lang='lat' dir='ltr'>Fastor.</span> <span class='ocrx_word' id='word_1_344' title='bbox 1239 2997 1293 3023; x_wconf 86' lang='lat' dir='ltr'>vt.</span> 
     </span>
    </p>
   </div>
   <div class='ocr_carea' id='block_1_27' title="bbox 1327 1669 2378 1924">
    <p class='ocr_par' dir='ltr' id='par_1_32' title="bbox 1327 1669 2378 1924">
     <span class='ocr_line' id='line_1_52' title="bbox 1379 1669 2377 1724; baseline 0.004 -15"><span class='ocrx_word' id='word_1_345' title='bbox 1379 1682 1438 1721; x_wconf 85' lang='lat'>37.</span> <span class='ocrx_word' id='word_1_346' title='bbox 1465 1669 1554 1708; x_wconf 78' lang='lat' dir='ltr'>Velle</span> <span class='ocrx_word' id='word_1_347' title='bbox 1582 1684 1654 1708; x_wconf 87' lang='lat' dir='ltr'>reor</span> <span class='ocrx_word' id='word_1_348' title='bbox 1682 1672 1810 1709; x_wconf 87' lang='lat' dir='ltr'>multos</span> <span class='ocrx_word' id='word_1_349' title='bbox 1833 1698 1844 1716; x_wconf 92' lang='lat'>,</span> <span class='ocrx_word' id='word_1_350' title='bbox 1872 1671 1952 1720; x_wconf 89' lang='lat' dir='ltr'>quis</span> <span class='ocrx_word' id='word_1_351' title='bbox 1971 1672 2064 1711; x_wconf 81' lang='lat' dir='ltr'>enim</span> <span class='ocrx_word' id='word_1_352' title='bbox 2098 1673 2189 1712; x_wconf 80' lang='lat' dir='ltr'><em>mihi</em></span> <span class='ocrx_word' id='word_1_353' title='bbox 2220 1685 2296 1713; x_wconf 82' lang='lat' dir='ltr'>tam</span> <span class='ocrx_word' id='word_1_354' title='bbox 2326 1673 2377 1724; x_wconf 75' lang='lat' dir='ltr'>fit</span> 
     </span>
     <span class='ocr_line' id='line_1_53' title="bbox 1327 1721 2376 1776; baseline 0.004 -16"><span class='ocrx_word' id='word_1_355' title='bbox 1327 1721 1513 1772; x_wconf 80' lang='lat' dir='ltr'>iniquus.]</span> <span class='ocrx_word' id='word_1_356' title='bbox 1554 1723 1742 1761; x_wconf 82' lang='lat' dir='ltr'>Sententia</span> <span class='ocrx_word' id='word_1_357' title='bbox 1772 1723 1843 1760; x_wconf 87' lang='lat' dir='ltr'>est:</span> <span class='ocrx_word' id='word_1_358' title='bbox 1874 1724 2044 1762; x_wconf 82' lang='lat' dir='ltr'>Arbitror</span> <span class='ocrx_word' id='word_1_359' title='bbox 2063 1726 2200 1763; x_wconf 88' lang='lat' dir='ltr'>multos</span> <span class='ocrx_word' id='word_1_360' title='bbox 2221 1725 2376 1776; x_wconf 78' lang='lat' dir='ltr'>quidem</span> 
     </span>
     <span class='ocr_line' id='line_1_54' title="bbox 1329 1771 2378 1822; baseline 0.004 -11"><span class='ocrx_word' id='word_1_361' title='bbox 1329 1772 1422 1819; x_wconf 81' lang='lat' dir='ltr'>effe,</span> <span class='ocrx_word' id='word_1_362' title='bbox 1450 1773 1514 1821; x_wconf 89' lang='lat' dir='ltr'>qui</span> <span class='ocrx_word' id='word_1_363' title='bbox 1528 1801 1538 1817; x_wconf 93' lang='lat'>,</span> <span class='ocrx_word' id='word_1_364' title='bbox 1552 1772 1576 1809; x_wconf 86' lang='lat' dir='ltr'><strong>fi</strong></span> <span class='ocrx_word' id='word_1_365' title='bbox 1596 1774 1788 1811; x_wconf 86' lang='lat' dir='ltr'>voluntate</span> <span class='ocrx_word' id='word_1_366' title='bbox 1807 1771 1969 1822; x_wconf 76' lang='lat' dir='ltr'>possent,</span> <span class='ocrx_word' id='word_1_367' title='bbox 2000 1783 2063 1814; x_wconf 84' lang='lat' dir='ltr'>aut</span> <span class='ocrx_word' id='word_1_368' title='bbox 2075 1787 2118 1813; x_wconf 83' lang='lat' dir='ltr'>ea</span> <span class='ocrx_word' id='word_1_369' title='bbox 2140 1777 2213 1814; x_wconf 85' lang='lat' dir='ltr'>sola</span> <span class='ocrx_word' id='word_1_370' title='bbox 2236 1777 2378 1815; x_wconf 80' lang='lat' dir='ltr'>suffice-</span> 
     </span>
     <span class='ocr_line' id='line_1_55' title="bbox 1328 1824 2377 1872; baseline 0.004 -10"><span class='ocrx_word' id='word_1_371' title='bbox 1328 1832 1405 1869; x_wconf 89' lang='lat' dir='ltr'>ret,</span> <span class='ocrx_word' id='word_1_372' title='bbox 1433 1835 1495 1861; x_wconf 88' lang='lat' dir='ltr'>me</span> <span class='ocrx_word' id='word_1_373' title='bbox 1522 1824 1654 1872; x_wconf 82' lang='lat' dir='ltr'>juvare</span> <span class='ocrx_word' id='word_1_374' title='bbox 1687 1825 1837 1862; x_wconf 84' lang='lat' dir='ltr'>vellent.</span> <span class='ocrx_word' id='word_1_375' title='bbox 1873 1825 1932 1862; x_wconf 88' lang='lat' dir='ltr'>sed</span> <span class='ocrx_word' id='word_1_376' title='bbox 1962 1837 2039 1864; x_wconf 91' lang='lat' dir='ltr'>non</span> <span class='ocrx_word' id='word_1_377' title='bbox 2070 1826 2150 1866; x_wconf 83' lang='lat' dir='ltr'>satis</span> <span class='ocrx_word' id='word_1_378' title='bbox 2178 1827 2227 1865; x_wconf 92' lang='lat' dir='ltr'>est</span> <span class='ocrx_word' id='word_1_379' title='bbox 2256 1828 2377 1866; x_wconf 80' lang='lat' dir='ltr'>velle:</span> 
     </span>
     <span class='ocr_line' id='line_1_56' title="bbox 1331 1875 2378 1924; baseline 0.004 -11"><span class='ocrx_word' id='word_1_380' title='bbox 1331 1885 1461 1913; x_wconf 84' lang='lat' dir='ltr'>verum</span> <span class='ocrx_word' id='word_1_381' title='bbox 1493 1883 1642 1923; x_wconf 89' lang='lat' dir='ltr'>oportet</span> <span class='ocrx_word' id='word_1_382' title='bbox 1673 1883 1757 1913; x_wconf 87' lang='lat' dir='ltr'>toto</span> <span class='ocrx_word' id='word_1_383' title='bbox 1789 1875 1940 1924; x_wconf 70' lang='lat' dir='ltr'>peecore</span> <span class='ocrx_word' id='word_1_384' title='bbox 1968 1877 2006 1914; x_wconf 90' lang='lat' dir='ltr'>in</span> <span class='ocrx_word' id='word_1_385' title='bbox 2037 1877 2133 1915; x_wconf 81' lang='lat' dir='ltr'>hanc</span> <span class='ocrx_word' id='word_1_386' title='bbox 2160 1890 2236 1916; x_wconf 90' lang='lat' dir='ltr'>rem</span> <span class='ocrx_word' id='word_1_387' title='bbox 2261 1887 2298 1917; x_wconf 92' lang='lat' dir='ltr'>te</span> <span class='ocrx_word' id='word_1_388' title='bbox 2319 1880 2378 1917; x_wconf 87' lang='lat' dir='ltr'>in·</span> 
     </span>
    </p>
   </div>
   <div class='ocr_carea' id='block_1_28' title="bbox 1329 1925 2381 2020">
    <p class='ocr_par' dir='ltr' id='par_1_33' title="bbox 1329 1925 2381 2020">
     <span class='ocr_line' id='line_1_57' title="bbox 1331 1925 2381 1979; baseline 0.006 -15"><span class='ocrx_word' id='word_1_389' title='bbox 1331 1925 1536 1969; x_wconf 76' lang='lat' dir='ltr'>cumbere,</span> <span class='ocrx_word' id='word_1_390' title='bbox 1557 1937 1789 1975; x_wconf 85' lang='lat' dir='ltr'>omnemque</span> <span class='ocrx_word' id='word_1_391' title='bbox 1818 1938 1971 1975; x_wconf 86' lang='lat' dir='ltr'>operam</span> <span class='ocrx_word' id='word_1_392' title='bbox 2000 1939 2043 1966; x_wconf 89' lang='lat' dir='ltr'>ac</span> <span class='ocrx_word' id='word_1_393' title='bbox 2063 1928 2292 1979; x_wconf 86' lang='lat' dir='ltr'>diligentiam</span> <span class='ocrx_word' id='word_1_394' title='bbox 2314 1929 2381 1969; x_wconf 84' lang='lat' dir='ltr'>ad-</span> 
     </span>
     <span class='ocr_line' id='line_1_58' title="bbox 1329 1977 1807 2020; baseline -0.004 -4"><span class='ocrx_word' id='word_1_395' title='bbox 1329 1985 1497 2020; x_wconf 89' lang='lat' dir='ltr'>vertere,</span> <span class='ocrx_word' id='word_1_396' title='bbox 1525 1977 1599 2014; x_wconf 69' lang='grc' dir='ltr'>ἃς.</span> <span class='ocrx_word' id='word_1_397' title='bbox 1627 1978 1807 2016; x_wconf 74' lang='grc' dir='ltr'>Μιεηι.</span> 
     </span>
    </p>
   </div>
   <div class='ocr_carea' id='block_1_29' title="bbox 1330 2041 2377 2235">
    <p class='ocr_par' dir='ltr' id='par_1_34' title="bbox 1330 2041 2377 2235">
     <span class='ocr_line' id='line_1_59' title="bbox 1371 2041 2375 2098; baseline 0.007 -20"><span class='ocrx_word' id='word_1_398' title='bbox 1371 2051 1444 2098; x_wconf 64' lang='grc'>39,</span> <span class='ocrx_word' id='word_1_399' title='bbox 1475 2041 1608 2097; x_wconf 59' lang='grc' dir='ltr'>Ρςὲἶονε</span> <span class='ocrx_word' id='word_1_400' title='bbox 1628 2052 1661 2080; x_wconf 82' lang='lat' dir='ltr'>te</span> <span class='ocrx_word' id='word_1_401' title='bbox 1681 2053 1750 2080; x_wconf 87' lang='lat' dir='ltr'>toto</span> <span class='ocrx_word' id='word_1_402' title='bbox 1763 2070 1773 2086; x_wconf 93' lang='lat'>‚</span> <span class='ocrx_word' id='word_1_403' title='bbox 1801 2043 1998 2094; x_wconf 59' lang='lat' dir='ltr'>cunstisque</span> <span class='ocrx_word' id='word_1_404' title='bbox 2014 2044 2208 2083; x_wconf 85' lang='lat' dir='ltr'>incumbere</span> <span class='ocrx_word' id='word_1_405' title='bbox 2226 2045 2375 2098; x_wconf 67' lang='lat' dir='ltr'>nervis]</span> 
     </span>
     <span class='ocr_line' id='line_1_60' title="bbox 1330 2091 2377 2146; baseline 0.007 -17"><span class='ocrx_word' id='word_1_406' title='bbox 1330 2091 1415 2130; x_wconf 82' lang='lat' dir='ltr'>Lib.</span> <span class='ocrx_word' id='word_1_407' title='bbox 1436 2091 1559 2129; x_wconf 80' lang='lat' dir='ltr'>vanc.</span> <span class='ocrx_word' id='word_1_408' title='bbox 1579 2094 1737 2142; x_wconf 82' lang='lat' dir='ltr'>totisque.</span> <span class='ocrx_word' id='word_1_409' title='bbox 1767 2093 1939 2133; x_wconf 71' lang='lat' dir='ltr'>CJOFAN.</span> <span class='ocrx_word' id='word_1_410' title='bbox 1976 2095 2134 2146; x_wconf 84' lang='lat' dir='ltr'>Totisque</span> <span class='ocrx_word' id='word_1_411' title='bbox 2164 2107 2234 2135; x_wconf 84' lang='lat' dir='ltr'>tres</span> <span class='ocrx_word' id='word_1_412' title='bbox 2264 2100 2377 2136; x_wconf 85' lang='lat' dir='ltr'>etiam</span> 
     </span>
     <span class='ocr_line' id='line_1_61' title="bbox 1333 2142 2377 2196; baseline 0.007 -15"><span class='ocrx_word' id='word_1_413' title='bbox 1333 2142 1493 2181; x_wconf 84' lang='lat' dir='ltr'>codices.</span> <span class='ocrx_word' id='word_1_414' title='bbox 1528 2143 1611 2189; x_wconf 88' lang='lat' dir='ltr'>sed,</span> <span class='ocrx_word' id='word_1_415' title='bbox 1649 2145 1846 2196; x_wconf 58' lang='lat' dir='ltr'>cuneusque</span> <span class='ocrx_word' id='word_1_416' title='bbox 1873 2145 2069 2185; x_wconf 79' lang='lat' dir='ltr'>incumbere</span> <span class='ocrx_word' id='word_1_417' title='bbox 2094 2148 2196 2186; x_wconf 86' lang='lat' dir='ltr'>remis</span> <span class='ocrx_word' id='word_1_418' title='bbox 2233 2147 2308 2188; x_wconf 90' lang='lat' dir='ltr'>duo</span> <span class='ocrx_word' id='word_1_419' title='bbox 2337 2150 2377 2188; x_wconf 88' lang='lat'>&amp;</span> 
     </span>
     <span class='ocr_line' id='line_1_62' title="bbox 1333 2193 2319 2235; baseline 0.003 -3"><span class='ocrx_word' id='word_1_420' title='bbox 1333 2193 1558 2232; x_wconf 89' lang='lat' dir='ltr'>Bersmanni.</span> <span class='ocrx_word' id='word_1_421' title='bbox 1595 2198 1684 2232; x_wconf 83' lang='lat' dir='ltr'>curis</span> <span class='ocrx_word' id='word_1_422' title='bbox 1705 2209 1809 2235; x_wconf 87' lang='lat' dir='ltr'>unus.</span> <span class='ocrx_word' id='word_1_423' title='bbox 2313 2214 2319 2218; x_wconf 97' lang='lat'>·</span> 
     </span>
    </p>
   </div>
   <div class='ocr_carea' id='block_1_30' title="bbox 1336 2245 2382 2550">
    <p class='ocr_par' dir='ltr' id='par_1_35' title="bbox 1336 2245 2379 2334">
     <span class='ocr_line' id='line_1_63' title="bbox 1336 2245 2379 2333; baseline 0.007 -51"><span class='ocrx_word' id='word_1_424' title='bbox 1336 2294 1360 2333; x_wconf 76' lang='lat' dir='ltr'>b</span> <span class='ocrx_word' id='word_1_425' title='bbox 1382 2257 1449 2302; x_wconf 34' lang='lat'>¹41.</span> <span class='ocrx_word' id='word_1_426' title='bbox 1479 2245 1616 2283; x_wconf 80' lang='lat' dir='ltr'>Vincere</span> <span class='ocrx_word' id='word_1_427' title='bbox 1636 2245 1804 2296; x_wconf 85' lang='lat' dir='ltr'>amicos.]</span> <span class='ocrx_word' id='word_1_428' title='bbox 1860 2247 1999 2286; x_wconf 81' lang='lat' dir='ltr'>Vincere</span> <span class='ocrx_word' id='word_1_429' title='bbox 2020 2249 2154 2286; x_wconf 66' lang='lat' dir='ltr'>cuni-‘los</span> <span class='ocrx_word' id='word_1_430' title='bbox 2173 2260 2313 2288; x_wconf 89' lang='lat' dir='ltr'>novem</span> <span class='ocrx_word' id='word_1_431' title='bbox 2335 2250 2379 2289; x_wconf 84' lang='lat' dir='ltr'>li-</span> 
     </span>
     <span class='ocr_line' id='line_1_64' title="bbox 1363 2307 1404 2334; baseline 0.024 -1"><span class='ocrx_word' id='word_1_432' title='bbox 1363 2307 1404 2334; x_wconf 77' lang='lat' dir='ltr'>rt.</span> 
     </span>
    </p>

    <p class='ocr_par' dir='ltr' id='par_1_36' title="bbox 1340 2346 2382 2550">
     <span class='ocr_line' id='line_1_65' title="bbox 1389 2346 2380 2400; baseline 0.005 -16"><span class='ocrx_word' id='word_1_433' title='bbox 1389 2356 1454 2398; x_wconf 49' lang='lat'>4¹3.</span> <span class='ocrx_word' id='word_1_434' title='bbox 1481 2353 1617 2397; x_wconf 81' lang='lat' dir='ltr'>Magna</span> <span class='ocrx_word' id='word_1_435' title='bbox 1656 2347 1721 2385; x_wconf 78' lang='lat' dir='ltr'>tibi</span> <span class='ocrx_word' id='word_1_436' title='bbox 1750 2346 1909 2397; x_wconf 80' lang='lat' dir='ltr'>impofita</span> <span class='ocrx_word' id='word_1_437' title='bbox 1937 2348 1980 2396; x_wconf 82' lang='lat' dir='ltr'>est</span> <span class='ocrx_word' id='word_1_438' title='bbox 2013 2349 2195 2400; x_wconf 80' lang='lat' dir='ltr'>perfima.]</span> <span class='ocrx_word' id='word_1_439' title='bbox 2251 2349 2380 2389; x_wconf 84' lang='lat' dir='ltr'>Senec.</span> 
     </span>
     <span class='ocr_line' id='line_1_66' title="bbox 1340 2398 2382 2449; baseline 0.002 -13"><span class='ocrx_word' id='word_1_440' title='bbox 1340 2398 1452 2436; x_wconf 90' lang='lat' dir='ltr'>Cons.</span> <span class='ocrx_word' id='word_1_441' title='bbox 1489 2400 1535 2436; x_wconf 90' lang='lat' dir='ltr'>ad</span> <span class='ocrx_word' id='word_1_442' title='bbox 1565 2399 1756 2449; x_wconf 80' lang='lat' dir='ltr'>Polybiam</span> <span class='ocrx_word' id='word_1_443' title='bbox 1782 2411 1860 2448; x_wconf 83' lang='lat' dir='ltr'>cap.</span> <span class='ocrx_word' id='word_1_444' title='bbox 1883 2411 1968 2436; x_wconf 83' lang='lat' dir='ltr'>xxv.</span> <span class='ocrx_word' id='word_1_445' title='bbox 2008 2413 2175 2448; x_wconf 80' lang='lat' dir='ltr'>magnam</span> <span class='ocrx_word' id='word_1_446' title='bbox 2203 2406 2382 2449; x_wconf 78' lang='lat' dir='ltr'>personam</span> 
     </span>
     <span class='ocr_line' id='line_1_67' title="bbox 1340 2449 2382 2499; baseline 0.003 -13"><span class='ocrx_word' id='word_1_447' title='bbox 1340 2449 1405 2486; x_wconf 82' lang='lat' dir='ltr'><em>tibi</em></span> <span class='ocrx_word' id='word_1_448' title='bbox 1433 2449 1616 2486; x_wconf 82' lang='lat' dir='ltr'>hominum</span> <span class='ocrx_word' id='word_1_449' title='bbox 1647 2451 1818 2498; x_wconf 79' lang='lat' dir='ltr'>consensus</span> <span class='ocrx_word' id='word_1_450' title='bbox 1851 2450 2032 2499; x_wconf 79' lang='lat' dir='ltr'>imposuit,</span> <span class='ocrx_word' id='word_1_451' title='bbox 2065 2452 2146 2490; x_wconf 81' lang='lat' dir='ltr'>haec</span> <span class='ocrx_word' id='word_1_452' title='bbox 2166 2451 2229 2489; x_wconf 80' lang='lat' dir='ltr'>tibi</span> <span class='ocrx_word' id='word_1_453' title='bbox 2251 2452 2382 2497; x_wconf 72' lang='lat' dir='ltr'>tuenda¹</span> 
     </span>
     <span class='ocr_line' id='line_1_68' title="bbox 1340 2500 2315 2550; baseline 0.003 -12"><span class='ocrx_word' id='word_1_454' title='bbox 1340 2501 1395 2548; x_wconf 78' lang='lat' dir='ltr'>est.</span> <span class='ocrx_word' id='word_1_455' title='bbox 1424 2501 1485 2539; x_wconf 92' lang='lat' dir='ltr'>ubi</span> <span class='ocrx_word' id='word_1_456' title='bbox 1504 2501 1594 2538; x_wconf 80' lang='lat' dir='ltr'>Mss.</span> <span class='ocrx_word' id='word_1_457' title='bbox 1618 2500 1731 2549; x_wconf 73' lang='lat' dir='ltr'>Liplii</span> <span class='ocrx_word' id='word_1_458' title='bbox 1753 2512 1967 2550; x_wconf 85' lang='lat' dir='ltr'>perperam,</span> <span class='ocrx_word' id='word_1_459' title='bbox 1993 2512 2142 2550; x_wconf 82' lang='lat' dir='ltr'>partem.</span> <span class='ocrx_word' id='word_1_460' title='bbox 2169 2503 2315 2541; x_wconf 67' lang='lat' dir='ltr'>Herus.</span> 
     </span>
    </p>
   </div>
   <div class='ocr_carea' id='block_1_31' title="bbox 1339 2563 2387 2716">
    <p class='ocr_par' dir='ltr' id='par_1_37' title="bbox 1339 2563 2387 2716">
     <span class='ocr_line' id='line_1_69' title="bbox 1392 2563 2385 2615; baseline 0.009 -16"><span class='ocrx_word' id='word_1_461' title='bbox 1392 2575 1456 2615; x_wconf 83' lang='lat'>44.</span> <span class='ocrx_word' id='word_1_462' title='bbox 1486 2563 1730 2614; x_wconf 72' lang='lat' dir='ltr'>Exemplum]</span> <span class='ocrx_word' id='word_1_463' title='bbox 1760 2564 1946 2612; x_wconf 84' lang='lat' dir='ltr'>Exemplar</span> <span class='ocrx_word' id='word_1_464' title='bbox 1967 2565 2139 2604; x_wconf 72' lang='lat' dir='ltr'>Francof.</span> <span class='ocrx_word' id='word_1_465' title='bbox 2160 2567 2250 2606; x_wconf 90' lang='lat' dir='ltr'>nihil</span> <span class='ocrx_word' id='word_1_466' title='bbox 2270 2577 2385 2609; x_wconf 78' lang='lat' dir='ltr'>muta.</span> 
     </span>
     <span class='ocr_line' id='line_1_70' title="bbox 1339 2615 2387 2672; baseline 0.005 -19"><span class='ocrx_word' id='word_1_467' title='bbox 1339 2615 1596 2672; x_wconf 41' lang='lat' dir='ltr'>P·etr0n.c)(1.</span> <span class='ocrx_word' id='word_1_468' title='bbox 1625 2616 1743 2652; x_wconf 86' lang='lat' dir='ltr'>Solum</span> <span class='ocrx_word' id='word_1_469' title='bbox 1777 2615 1868 2652; x_wconf 79' lang='lat' dir='ltr'>illud</span> <span class='ocrx_word' id='word_1_470' title='bbox 1902 2615 2071 2666; x_wconf 76' lang='lat' dir='ltr'>adfulstſje</span> <span class='ocrx_word' id='word_1_471' title='bbox 2099 2631 2224 2655; x_wconf 84' lang='lat' dir='ltr'>verum</span> <span class='ocrx_word' id='word_1_472' title='bbox 2250 2620 2387 2667; x_wconf 79' lang='lat' dir='ltr'>pudici·</span> 
     </span>
     <span class='ocr_line' id='line_1_71' title="bbox 1341 2666 2264 2716; baseline 0.003 -13"><span class='ocrx_word' id='word_1_473' title='bbox 1341 2677 1411 2704; x_wconf 86' lang='lat' dir='ltr'>nae</span> <span class='ocrx_word' id='word_1_474' title='bbox 1431 2667 1625 2716; x_wconf 82' lang='lat' dir='ltr'>amorisque</span> <span class='ocrx_word' id='word_1_475' title='bbox 1645 2666 1855 2715; x_wconf 78' lang='lat' dir='ltr'>exemplum,</span> <span class='ocrx_word' id='word_1_476' title='bbox 1879 2667 1940 2704; x_wconf 89' lang='lat' dir='ltr'>ubi</span> <span class='ocrx_word' id='word_1_477' title='bbox 1961 2668 2045 2705; x_wconf 85' lang='lat' dir='ltr'>vide</span> <span class='ocrx_word' id='word_1_478' title='bbox 2067 2668 2264 2708; x_wconf 85' lang='lat' dir='ltr'>Wouwer.</span> 
     </span>
    </p>
   </div>
   <div class='ocr_carea' id='block_1_32' title="bbox 1343 2730 2389 3035">
    <p class='ocr_par' dir='ltr' id='par_1_38' title="bbox 1343 2730 2389 3035">
     <span class='ocr_line' id='line_1_72' title="bbox 1395 2730 2385 2783; baseline 0.005 -15"><span class='ocrx_word' id='word_1_479' title='bbox 1395 2740 1459 2780; x_wconf 75' lang='lat'>45.</span> <span class='ocrx_word' id='word_1_480' title='bbox 1487 2737 1589 2768; x_wconf 86' lang='lat' dir='ltr'>Hanc</span> <span class='ocrx_word' id='word_1_481' title='bbox 1617 2744 1661 2768; x_wconf 84' lang='lat' dir='ltr'>ne-</span> <span class='ocrx_word' id='word_1_482' title='bbox 1688 2731 1860 2779; x_wconf 80' lang='lat' dir='ltr'>degeneres</span> <span class='ocrx_word' id='word_1_483' title='bbox 1880 2757 1891 2775; x_wconf 85' lang='lat'>,</span> <span class='ocrx_word' id='word_1_484' title='bbox 1919 2730 2051 2779; x_wconf 67' lang='lat' dir='ltr'>&amp;sint</span> <span class='ocrx_word' id='word_1_485' title='bbox 2068 2734 2250 2781; x_wconf 79' lang='lat' dir='ltr'>praeconia</span> <span class='ocrx_word' id='word_1_486' title='bbox 2271 2735 2385 2783; x_wconf 70' lang='lat' dir='ltr'>nostra</span> 
     </span>
     <span class='ocr_line' id='line_1_73' title="bbox 1347 2782 2386 2833; baseline 0.003 -14"><span class='ocrx_word' id='word_1_487' title='bbox 1347 2788 1455 2826; x_wconf 82' lang='lat' dir='ltr'>Vera,</span> <span class='ocrx_word' id='word_1_488' title='bbox 1483 2782 1586 2826; x_wconf 79' lang='lat' dir='ltr'>vide,</span> <span class='ocrx_word' id='word_1_489' title='bbox 1617 2782 1713 2831; x_wconf 59' lang='lat' dir='ltr'>&amp;ej</span> <span class='ocrx_word' id='word_1_490' title='bbox 1770 2782 1870 2826; x_wconf 83' lang='lat' dir='ltr'>Alii,</span> <span class='ocrx_word' id='word_1_491' title='bbox 1898 2788 1951 2819; x_wconf 86' lang='lat' dir='ltr'>Ne</span> <span class='ocrx_word' id='word_1_492' title='bbox 1976 2796 2060 2819; x_wconf 83' lang='lat' dir='ltr'>cave</span> <span class='ocrx_word' id='word_1_493' title='bbox 2090 2786 2283 2833; x_wconf 81' lang='lat' dir='ltr'>degeneres,</span> <span class='ocrx_word' id='word_1_494' title='bbox 2312 2789 2386 2826; x_wconf 51' lang='grc' dir='ltr'>ὅσ,</span> 
     </span>
     <span class='ocr_line' id='line_1_74' title="bbox 1346 2833 2386 2884; baseline 0.004 -13"><span class='ocrx_word' id='word_1_495' title='bbox 1346 2834 1494 2881; x_wconf 74' lang='lat' dir='ltr'>legunt,</span> <span class='ocrx_word' id='word_1_496' title='bbox 1520 2834 1712 2871; x_wconf 78' lang='lat' dir='ltr'>insolentia</span> <span class='ocrx_word' id='word_1_497' title='bbox 1735 2833 1832 2869; x_wconf 86' lang='lat' dir='ltr'>verbi</span> <span class='ocrx_word' id='word_1_498' title='bbox 1857 2834 1975 2875; x_wconf 83' lang='lat' dir='ltr'>moti,</span> <span class='ocrx_word' id='word_1_499' title='bbox 1995 2833 2150 2879; x_wconf 83' lang='lat' dir='ltr'>scilicet,</span> <span class='ocrx_word' id='word_1_500' title='bbox 2178 2837 2280 2884; x_wconf 85' lang='lat' dir='ltr'>quod</span> <span class='ocrx_word' id='word_1_501' title='bbox 2302 2839 2386 2875; x_wconf 72' lang='lat' dir='ltr'>alias</span> 
     </span>
     <span class='ocr_line' id='line_1_75' title="bbox 1348 2883 2388 2934; baseline 0.004 -13"><span class='ocrx_word' id='word_1_502' title='bbox 1348 2884 1547 2933; x_wconf 80' lang='lat' dir='ltr'>degenerare</span> <span class='ocrx_word' id='word_1_503' title='bbox 1575 2884 1736 2922; x_wconf 81' lang='lat' dir='ltr'>absolute</span> <span class='ocrx_word' id='word_1_504' title='bbox 1769 2883 1924 2927; x_wconf 84' lang='lat' dir='ltr'>dicitur,</span> <span class='ocrx_word' id='word_1_505' title='bbox 1951 2895 2017 2931; x_wconf 90' lang='lat' dir='ltr'>pro</span> <span class='ocrx_word' id='word_1_506' title='bbox 2041 2896 2088 2922; x_wconf 88' lang='lat' dir='ltr'>eo</span> <span class='ocrx_word' id='word_1_507' title='bbox 2118 2887 2219 2934; x_wconf 85' lang='lat' dir='ltr'>quod</span> <span class='ocrx_word' id='word_1_508' title='bbox 2241 2888 2289 2924; x_wconf 85' lang='lat' dir='ltr'>est</span> <span class='ocrx_word' id='word_1_509' title='bbox 2310 2900 2388 2924; x_wconf 87' lang='lat' dir='ltr'>ma-</span> 
     </span>
     <span class='ocr_line' id='line_1_76' title="bbox 1343 2933 2389 2985; baseline 0.003 -13"><span class='ocrx_word' id='word_1_510' title='bbox 1343 2935 1485 2985; x_wconf 81' lang='lat' dir='ltr'>joribus</span> <span class='ocrx_word' id='word_1_511' title='bbox 1513 2943 1574 2972; x_wconf 85' lang='lat' dir='ltr'>aut</span> <span class='ocrx_word' id='word_1_512' title='bbox 1601 2946 1736 2983; x_wconf 81' lang='lat' dir='ltr'>genere</span> <span class='ocrx_word' id='word_1_513' title='bbox 1758 2933 1822 2971; x_wconf 83' lang='lat' dir='ltr'>suo</span> <span class='ocrx_word' id='word_1_514' title='bbox 1847 2934 1882 2972; x_wconf 90' lang='lat' dir='ltr'>se</span> <span class='ocrx_word' id='word_1_515' title='bbox 1905 2935 2120 2984; x_wconf 84' lang='lat' dir='ltr'>indignum,</span> <span class='ocrx_word' id='word_1_516' title='bbox 2148 2937 2389 2975; x_wconf 84' lang='lat' dir='ltr'>deteriorem-</span> 
     </span>
     <span class='ocr_line' id='line_1_77' title="bbox 1348 2984 2389 3035; baseline -0.001 -12"><span class='ocrx_word' id='word_1_517' title='bbox 1348 2997 1421 3035; x_wconf 88' lang='lat' dir='ltr'>que</span> <span class='ocrx_word' id='word_1_518' title='bbox 1441 2986 1631 3033; x_wconf 82' lang='lat' dir='ltr'>praebere‚</span> <span class='ocrx_word' id='word_1_519' title='bbox 1663 2988 1735 3022; x_wconf 60' lang='lat' dir='ltr'>dcc.</span> <span class='ocrx_word' id='word_1_520' title='bbox 1784 2984 1854 3021; x_wconf 87' lang='lat' dir='ltr'>Sed</span> <span class='ocrx_word' id='word_1_521' title='bbox 1872 2986 1960 3034; x_wconf 87' lang='lat' dir='ltr'>quid</span> <span class='ocrx_word' id='word_1_522' title='bbox 1993 2986 2017 3023; x_wconf 84' lang='lat' dir='ltr'>li</span> <span class='ocrx_word' id='word_1_523' title='bbox 2039 2987 2157 3033; x_wconf 82' lang='lat' dir='ltr'>legas,</span> <span class='ocrx_word' id='word_1_524' title='bbox 2186 2987 2299 3030; x_wconf 80' lang='lat' dir='ltr'>Hinc,</span> <span class='ocrx_word' id='word_1_525' title='bbox 2330 2991 2389 3029; x_wconf 84' lang='lat' dir='ltr'>vel</span> 
     </span>
    </p>
   </div>
   <div class='ocr_carea' id='block_1_33' title="bbox 253 3037 1296 3348">
    <p class='ocr_par' dir='ltr' id='par_1_39' title="bbox 253 3037 1296 3348">
     <span class='ocr_line' id='line_1_78' title="bbox 255 3037 1295 3090; baseline -0.01 -8"><span class='ocrx_word' id='word_1_526' title='bbox 255 3045 309 3090; x_wconf 56' lang='lat' dir='ltr'>sss-</span> <span class='ocrx_word' id='word_1_527' title='bbox 335 3046 414 3080; x_wconf 80' lang='lat'>126.</span> <span class='ocrx_word' id='word_1_528' title='bbox 443 3042 588 3079; x_wconf 65' lang='lat' dir='ltr'>Herm.</span> <span class='ocrx_word' id='word_1_529' title='bbox 617 3040 651 3077; x_wconf 80' lang='lat' dir='ltr'>Si</span> <span class='ocrx_word' id='word_1_530' title='bbox 675 3041 762 3087; x_wconf 85' lang='lat' dir='ltr'>quid</span> <span class='ocrx_word' id='word_1_531' title='bbox 787 3037 1194 3081; x_wconf 56' lang='lat' dir='ltr'>mutandummalim,</span> <span class='ocrx_word' id='word_1_532' title='bbox 1211 3037 1295 3073; x_wconf 78' lang='lat' dir='ltr'>velle</span> 
     </span>
     <span class='ocr_line' id='line_1_79' title="bbox 253 3091 1295 3145; baseline -0.008 -14"><span class='ocrx_word' id='word_1_533' title='bbox 253 3107 379 3145; x_wconf 82' lang='lat' dir='ltr'>parum</span> <span class='ocrx_word' id='word_1_534' title='bbox 402 3092 464 3137; x_wconf 71' lang='lat' dir='ltr'>est.-</span> <span class='ocrx_word' id='word_1_535' title='bbox 497 3092 609 3137; x_wconf 63' lang='lat' dir='ltr'>cupias</span> <span class='ocrx_word' id='word_1_536' title='bbox 632 3117 641 3132; x_wconf 91' lang='lat'>‚</span> <span class='ocrx_word' id='word_1_537' title='bbox 681 3100 719 3125; x_wconf 83' lang='lat' dir='ltr'>ut</span> <span class='ocrx_word' id='word_1_538' title='bbox 748 3103 798 3126; x_wconf 77' lang='lat' dir='ltr'>mc</span> <span class='ocrx_word' id='word_1_539' title='bbox 816 3091 958 3136; x_wconf 56' lang='lat' dir='ltr'>potiora-&#39;s</span> <span class='ocrx_word' id='word_1_540' title='bbox 981 3115 990 3130; x_wconf 91' lang='lat'><strong>‚</strong></span> <span class='ocrx_word' id='word_1_541' title='bbox 1017 3097 1153 3135; x_wconf 79' lang='lat' dir='ltr'>oportet.</span> <span class='ocrx_word' id='word_1_542' title='bbox 1181 3097 1295 3135; x_wconf 82' lang='lat' dir='ltr'>cupere</span> 
     </span>
     <span class='ocr_line' id='line_1_80' title="bbox 258 3139 1294 3195; baseline -0.01 -12"><span class='ocrx_word' id='word_1_543' title='bbox 258 3147 336 3195; x_wconf 85' lang='lat' dir='ltr'>plus</span> <span class='ocrx_word' id='word_1_544' title='bbox 357 3155 456 3180; x_wconf 83' lang='lat' dir='ltr'>enim</span> <span class='ocrx_word' id='word_1_545' title='bbox 478 3141 524 3178; x_wconf 85' lang='lat' dir='ltr'>est</span> <span class='ocrx_word' id='word_1_546' title='bbox 555 3152 664 3188; x_wconf 77' lang='lat' dir='ltr'>quam</span> <span class='ocrx_word' id='word_1_547' title='bbox 687 3141 787 3176; x_wconf 86' lang='lat' dir='ltr'>velle.</span> <span class='ocrx_word' id='word_1_548' title='bbox 813 3139 995 3181; x_wconf 70' lang='lat' dir='ltr'>volumus,</span> <span class='ocrx_word' id='word_1_549' title='bbox 1017 3149 1100 3174; x_wconf 86' lang='lat' dir='ltr'>cum</span> <span class='ocrx_word' id='word_1_550' title='bbox 1122 3147 1294 3186; x_wconf 83' lang='lat' dir='ltr'>optamus</span> 
     </span>
     <span class='ocr_line' id='line_1_81' title="bbox 261 3188 1296 3239; baseline -0.009 -5"><span class='ocrx_word' id='word_1_551' title='bbox 261 3201 296 3234; x_wconf 59' lang='grc' dir='ltr'>ἃ</span> <span class='ocrx_word' id='word_1_552' title='bbox 320 3196 412 3232; x_wconf 73' lang='lat' dir='ltr'>votis</span> <span class='ocrx_word' id='word_1_553' title='bbox 436 3192 642 3239; x_wconf 75' lang='lat' dir='ltr'>simpliciter</span> <span class='ocrx_word' id='word_1_554' title='bbox 670 3190 915 3238; x_wconf 75' lang='lat' dir='ltr'>defungimur.</span> <span class='ocrx_word' id='word_1_555' title='bbox 944 3188 1119 3234; x_wconf 74' lang='lat' dir='ltr'>cupimus,</span> <span class='ocrx_word' id='word_1_556' title='bbox 1140 3200 1223 3225; x_wconf 88' lang='lat' dir='ltr'>cum</span> <span class='ocrx_word' id='word_1_557' title='bbox 1244 3189 1296 3225; x_wconf 79' lang='lat' dir='ltr'>la·-</span> 
     </span>
     <span class='ocr_line' id='line_1_82' title="bbox 260 3239 1296 3287; baseline -0.009 -3"><span class='ocrx_word' id='word_1_558' title='bbox 260 3248 433 3284; x_wconf 69' lang='lat' dir='ltr'>hotarnus</span> <span class='ocrx_word' id='word_1_559' title='bbox 453 3271 465 3287; x_wconf 93' lang='lat'>,</span> <span class='ocrx_word' id='word_1_560' title='bbox 501 3240 667 3277; x_wconf 79' lang='lat' dir='ltr'>ardenter</span> <span class='ocrx_word' id='word_1_561' title='bbox 696 3241 865 3277; x_wconf 80' lang='lat' dir='ltr'>volumus</span> <span class='ocrx_word' id='word_1_562' title='bbox 893 3240 929 3275; x_wconf 70' lang='grc' dir='ltr'>δε</span> <span class='ocrx_word' id='word_1_563' title='bbox 960 3250 1110 3286; x_wconf 74' lang='lat' dir='ltr'>operam</span> <span class='ocrx_word' id='word_1_564' title='bbox 1143 3239 1296 3282; x_wconf 72' lang='lat' dir='ltr'>damus,</span> 
     </span>
     <span class='ocr_line' id='line_1_83' title="bbox 264 3290 1296 3348; baseline -0.009 -11"><span class='ocrx_word' id='word_1_565' title='bbox 264 3310 302 3338; x_wconf 66' lang='lat' dir='ltr'>u,</span> <span class='ocrx_word' id='word_1_566' title='bbox 321 3308 358 3336; x_wconf 87' lang='lat' dir='ltr'>re</span> <span class='ocrx_word' id='word_1_567' title='bbox 381 3295 501 3348; x_wconf 73' lang='lat' dir='ltr'>cupita</span> <span class='ocrx_word' id='word_1_568' title='bbox 528 3291 722 3342; x_wconf 79' lang='lat' dir='ltr'>potiamur.</span> <span class='ocrx_word' id='word_1_569' title='bbox 752 3290 847 3328; x_wconf 70' lang='lat' dir='ltr'>male</span> <span class='ocrx_word' id='word_1_570' title='bbox 872 3291 1017 3328; x_wconf 86' lang='lat' dir='ltr'>Merula</span> <span class='ocrx_word' id='word_1_571' title='bbox 1035 3298 1147 3338; x_wconf 79' lang='lat' dir='ltr'>cupere</span> <span class='ocrx_word' id='word_1_572' title='bbox 1169 3298 1296 3339; x_wconf 81' lang='lat' dir='ltr'>optare</span> 
     </span>
    </p>
   </div>
   <div class='ocr_carea' id='block_1_34' title="bbox 1351 3035 2392 3340">
    <p class='ocr_par' dir='ltr' id='par_1_40' title="bbox 1351 3035 2392 3340">
     <span class='ocr_line' id='line_1_84' title="bbox 1353 3035 2390 3086; baseline 0.004 -14"><span class='ocrx_word' id='word_1_573' title='bbox 1353 3044 1424 3074; x_wconf 78' lang='lat' dir='ltr'>Hac</span> <span class='ocrx_word' id='word_1_574' title='bbox 1445 3050 1485 3072; x_wconf 85' lang='lat' dir='ltr'>ne</span> <span class='ocrx_word' id='word_1_575' title='bbox 1505 3036 1690 3083; x_wconf 69' lang='lat' dir='ltr'>degeneres.</span> <span class='ocrx_word' id='word_1_576' title='bbox 1729 3035 1806 3073; x_wconf 81' lang='lat' dir='ltr'>Aut</span> <span class='ocrx_word' id='word_1_577' title='bbox 1829 3037 1965 3073; x_wconf 70' lang='lat' dir='ltr'>rursum</span> <span class='ocrx_word' id='word_1_578' title='bbox 1983 3064 1992 3078; x_wconf 89' lang='lat'>,</span> <span class='ocrx_word' id='word_1_579' title='bbox 2020 3039 2082 3072; x_wconf 82' lang='lat' dir='ltr'>Sed</span> <span class='ocrx_word' id='word_1_580' title='bbox 2103 3049 2187 3070; x_wconf 85' lang='lat' dir='ltr'>cave</span> <span class='ocrx_word' id='word_1_581' title='bbox 2205 3036 2390 3086; x_wconf 75' lang='lat' dir='ltr'>degeneres.</span> 
     </span>
     <span class='ocr_line' id='line_1_85' title="bbox 1352 3086 2391 3136; baseline 0.004 -12"><span class='ocrx_word' id='word_1_582' title='bbox 1352 3088 1486 3136; x_wconf 83' lang='lat' dir='ltr'>Neque</span> <span class='ocrx_word' id='word_1_583' title='bbox 1507 3088 1605 3124; x_wconf 88' lang='lat' dir='ltr'>enim</span> <span class='ocrx_word' id='word_1_584' title='bbox 1638 3098 1700 3134; x_wconf 91' lang='lat' dir='ltr'>per</span> <span class='ocrx_word' id='word_1_585' title='bbox 1731 3088 1859 3124; x_wconf 83' lang='lat' dir='ltr'>omnia</span> <span class='ocrx_word' id='word_1_586' title='bbox 1890 3086 2020 3124; x_wconf 84' lang='lat' dir='ltr'>arridet</span> <span class='ocrx_word' id='word_1_587' title='bbox 2049 3086 2271 3133; x_wconf 75' lang='lat' dir='ltr'>amphibolia</span> <span class='ocrx_word' id='word_1_588' title='bbox 2305 3090 2391 3134; x_wconf 80' lang='lat' dir='ltr'>ista,</span> 
     </span>
     <span class='ocr_line' id='line_1_86' title="bbox 1352 3136 2392 3189; baseline 0.005 -16"><span class='ocrx_word' id='word_1_589' title='bbox 1352 3144 1405 3174; x_wconf 87' lang='lat' dir='ltr'>Ne</span> <span class='ocrx_word' id='word_1_590' title='bbox 1423 3151 1506 3174; x_wconf 71' lang='lat' dir='ltr'>cave</span> <span class='ocrx_word' id='word_1_591' title='bbox 1523 3137 1718 3187; x_wconf 75' lang='lat' dir='ltr'>degeneres:</span> <span class='ocrx_word' id='word_1_592' title='bbox 1749 3150 1831 3174; x_wconf 85' lang='lat' dir='ltr'>cum</span> <span class='ocrx_word' id='word_1_593' title='bbox 1856 3136 1952 3173; x_wconf 89' lang='lat' dir='ltr'>idem</span> <span class='ocrx_word' id='word_1_594' title='bbox 1978 3146 2127 3172; x_wconf 84' lang='lat' dir='ltr'>comma</span> <span class='ocrx_word' id='word_1_595' title='bbox 2155 3146 2227 3175; x_wconf 74' lang='lat' dir='ltr'>tam</span> <span class='ocrx_word' id='word_1_596' title='bbox 2252 3144 2392 3189; x_wconf 77' lang='lat' dir='ltr'>negati·</span> 
     </span>
     <span class='ocr_line' id='line_1_87' title="bbox 1351 3186 2392 3236; baseline 0.006 -12"><span class='ocrx_word' id='word_1_597' title='bbox 1351 3200 1423 3232; x_wconf 89' lang='lat' dir='ltr'>ve,</span> <span class='ocrx_word' id='word_1_598' title='bbox 1453 3200 1562 3236; x_wconf 80' lang='lat' dir='ltr'>quam</span> <span class='ocrx_word' id='word_1_599' title='bbox 1593 3189 1810 3226; x_wconf 79' lang='lat' dir='ltr'>affirmative</span> <span class='ocrx_word' id='word_1_600' title='bbox 1841 3186 1977 3233; x_wconf 84' lang='lat' dir='ltr'>exponi</span> <span class='ocrx_word' id='word_1_601' title='bbox 2008 3186 2123 3233; x_wconf 83' lang='lat' dir='ltr'>possit.</span> <span class='ocrx_word' id='word_1_602' title='bbox 2153 3187 2223 3226; x_wconf 83' lang='lat' dir='ltr'>Sed</span> <span class='ocrx_word' id='word_1_603' title='bbox 2252 3190 2299 3227; x_wconf 87' lang='lat' dir='ltr'>de</span> <span class='ocrx_word' id='word_1_604' title='bbox 2319 3194 2392 3231; x_wconf 80' lang='lat' dir='ltr'>hoc</span> 
     </span>
     <span class='ocr_line' id='line_1_88' title="bbox 1353 3237 2392 3288; baseline 0.003 -13"><span class='ocrx_word' id='word_1_605' title='bbox 1353 3240 1461 3276; x_wconf 80' lang='lat' dir='ltr'>etiam</span> <span class='ocrx_word' id='word_1_606' title='bbox 1479 3240 1732 3288; x_wconf 75' lang='lat' dir='ltr'>altijudicent.</span> <span class='ocrx_word' id='word_1_607' title='bbox 1759 3239 1934 3274; x_wconf 74' lang='lat' dir='ltr'>chut..</span> <span class='ocrx_word' id='word_1_608' title='bbox 1963 3237 2155 3274; x_wconf 61' lang='lat' dir='ltr'>Aternum.</span> <span class='ocrx_word' id='word_1_609' title='bbox 2181 3245 2252 3284; x_wconf 85' lang='lat' dir='ltr'>Ne,</span> <span class='ocrx_word' id='word_1_610' title='bbox 2282 3255 2392 3288; x_wconf 85' lang='lat' dir='ltr'>cave,</span> 
     </span>
     <span class='ocr_line' id='line_1_89' title="bbox 1353 3288 2392 3340; baseline 0.004 -14"><span class='ocrx_word' id='word_1_611' title='bbox 1353 3290 1534 3340; x_wconf 75' lang='lat' dir='ltr'>degeneres.</span> <span class='ocrx_word' id='word_1_612' title='bbox 1562 3289 1865 3338; x_wconf 79' lang='lat' dir='ltr'>Hervagianum,</span> <span class='ocrx_word' id='word_1_613' title='bbox 1891 3293 1992 3325; x_wconf 72' lang='lat' dir='ltr'>Hanc</span> <span class='ocrx_word' id='word_1_614' title='bbox 2007 3300 2047 3325; x_wconf 85' lang='lat' dir='ltr'>ne</span> <span class='ocrx_word' id='word_1_615' title='bbox 2060 3288 2240 3338; x_wconf 80' lang='lat' dir='ltr'>degeneres.</span> <span class='ocrx_word' id='word_1_616' title='bbox 2266 3291 2392 3339; x_wconf 71' lang='lat' dir='ltr'>legen-</span> 
     </span>
    </p>
   </div>
   <div class='ocr_carea' id='block_1_35' title="bbox 2300 3343 2389 3382">
    <p class='ocr_par' dir='ltr' id='par_1_41' title="bbox 2300 3343 2389 3382">
     <span class='ocr_line' id='line_1_90' title="bbox 2300 3343 2389 3382; baseline 0.011 -1"><span class='ocrx_word' id='word_1_617' title='bbox 2300 3343 2389 3382; x_wconf 82' lang='lat' dir='ltr'>dum</span> 
     </span>
    </p>
   </div>
  </div>
 </body>
</html>
