2495 3675
212 178 317 249 760
731 168 792 225 P.
867 160 1274 224 oVrD11

1344 152 1900 225 Nasonts

517 270 681 327 Adde
705 271 1056 342 triumphatos
1086 264 1252 320 modo
1274 261 1510 314 Paeonas
1527 296 1541 319 ,
1579 256 1718 338 adde
1743 257 1914 329 quieti

595 344 817 399 Subdita
845 355 1131 397 montanae
1161 333 1368 389 brachia
1393 330 1710 385 Dalmauae.

522 418 640 473 Nec
666 418 951 486 dedignata
980 411 1054 464 est
1082 405 1292 478 abjeffis
1315 405 1476 484 Illyris
1503 403 1660 456 armis

385 489 453 546 80

594 490 913 544 Caesareum
935 481 1135 537 famulo
1161 478 1365 533 vertice
1393 478 1532 530 serre
1548 474 1766 546 pedem

528 562 640 634 Ipse
667 563 819 630 super
844 571 1062 610 currum
1088 551 1300 622 placido
1327 547 1617 621 speelabilis
1649 564 1745 601 ore

604 633 879 700 Tempora
904 626 1159 682 Phoebea
1181 622 1386 694 virgine
1411 637 1543 676 nexa
1572 620 1706 674 tulit.

528 708 712 777 Quem
735 703 818 774 pia
847 700 1120 755 vobiscum
1147 698 1322 769 proles
1348 693 1623 748 comitavit
1655 705 1923 761 euntem,

601 776 779 848 Digna
802 787 1021 848 par-ente
1047 772 1169 836 suo,
1205 766 1615 838 nominibusque
1641 765 1792 821 datis·

239 1046 332 1086 'obiit
350 1044 474 1091 diem,
501 1055 599 1084 anno
618 1043 676 1082 M.
696 1041 848 1092 Junium
869 1040 1056 1091 syllanum
1068 1038 1279 1091 neptissuae

240 1105 415 1146 nepotem
434 1097 512 1145 jam
535 1095 659 1134 vidisse
680 1096 861 1144 genitum.
891 1095 1040 1132 Htms.

289 1157 354 1194 77.
381 1148 486 1185 Adde
505 1146 736 1197 triumphatos
757 1145 855 1183 modo
875 1151 1052 1189 Paeonas,
1079 1142 1183 1193 σα]
1214 1142 1275 1180 De

235 1199 406 1237 hocloco
421 1210 496 1248 quo
511 1199 628 1236 modo
643 1225 653 1241 ,
666 1197 701 1235 ὃτ-
717 1197 761 1235 de
774 1208 850 1245 quo
870 1197 1059 1244 triumpho
1072 1194 1279 1241 intelligen-

236 1249 305 1288 dus
326 1247 434 1292 esset,
464 1249 565 1297 supra
578 1248 709 1286 monui
725 1275 734 1292 ,
764 1248 890 1295 Elegia
905 1246 1159 1296 praecedente.
1186 1244 1279 1281 Non

236 1301 340 1339 enim
364 1300 409 1337 de
432 1300 644 1338 Dalmatico
673 1298 827 1348 Augusti
856 1297 1047 1345 triumpho
1077 1295 1193 1342 accipi
1214 1293 1278 1332 de-

235 1346 323 1393 bet,
354 1350 417 1399 qui
435 1350 551 1389 statim
570 1350 647 1399 post
669 1349 857 1388 devielum
878 1349 1091 1387 Antonium
1114 1346 1151 1383 ὅ(
1165 1343 1279 1382 Cleo-

235 1409 378 1450 patram
401 1401 499 1439 aetus
521 1402 615 1446 fuit,
644 1400 745 1438 annis
778 1411 892 1448 prope
923 1397 1186 1448 quadraginta,
1213 1406 1279 1433 an·

236 1458 388 1501 tequam
409 1452 501 1490 haec
519 1453 563 1489 ab
584 1451 728 1489 Ovidio
747 1450 874 1499 scripta
894 1449 994 1488 sunt:
1022 1448 1081 1486 sed
1093 1447 1139 1486 de
1161 1446 1279 1495 lllyri-

237 1513 286 1540 co
308 1501 477 1547 Tiberii,
505 1503 568 1552 qui
589 1503 763 1552 proximo
783 1509 867 1540 ante
889 1502 1032 1539 obitum
1047 1497 1279 1548 Augustian-

238 1563 293 1592 no
315 1553 431 1601 gestus
449 1553 509 1591 est.
534 1553 571 1591 id
597 1552 699 1601 quod
729 1553 766 1590 ὅ(
798 1552 972 1600 particula
1002 1550 1107 1588 Modo
1133 1549 1278 1594 innuit,

237 1603 344 1653 quod
365 1609 517 1642 Paeonas
537 1604 634 1642 modo
661 1603 891 1652 triumphatos
917 1603 1037 1650 inquit
1060 1614 1084 1638 ε,
1104 1599 1204 1649 quasi
1225 1598 1280 1637 di-

238 1665 323 1702 cas,
353 1666 493 1704 nuper,
521 1656 711 1693 autetiam
735 1654 869 1692 eodem
884 1654 959 1690 hoc
979 1653 1281 1690 anno.M1cY1.r..

295 1716 353 1753 77.
381 1706 488 1743 Adde
511 1705 619 1755 quieti
645 1703 789 1743 Subdita
819 1714 1005 1741 montanae
1025 1701 1168 1739 brachia
1190 1700 1280 1737 Dab-

237 1756 411 1806 mariae]
461 1758 590 1795 Parum
616 1757 749 1794 Latine
770 1755 901 1793 dicitur
922 1783 932 1799 ,
964 1752 1152 1791 Dalmatia
1171 1752 1280 1802 quieti

231 1806 393 1857 fiebdita.
420 1819 531 1857 quare
555 1815 616 1845 aut
635 1835 645 1852 ,
685 1805 823 1854 (Qiriti
847 1805 992 1854 subdita
1019 1804 1247 1841 scribendum
1264 1829 1275 1846 ‚

242 1866 308 1896 aut
332 1858 447 1895 Pineti
467 1885 478 1902 ,
516 1856 693 1907 quicquid
721 1868 787 1903 pro
816 1855 961 1903 vulgata
998 1853 1160 1892 lectione
1185 1853 1277 1890 stant

241 1908 480 1947 membranae
501 1917 653 1946 veteres.
701 1905 832 1943 Codex
856 1906 1015 1953 Regius,
1045 1903 1169 1954 quieto.
1197 1903 1278 1940 Sar-

240 1970 320 1997 rav.
345 1958 476 2009 quietis.
504 1959 608 1996 Pines
632 1958 705 1995 dux
729 1957 982 1994 Dalmatarum
997 1954 1017 1992 {1
1032 1955 1173 1991 Batone
1192 1965 1278 2000 pro-

239 2008 350 2047 ditus.
379 2009 449 2047 Sed
470 2021 554 2047 cum
584 2008 764 2045 Pinnetem
793 2015 905 2044 vocet
932 2006 1120 2052 Vellejus,
1152 2005 1279 2043 Πὶνυην

240 2058 348 2149 gio?
372 2062 533 2108 priorem
557 2058 810 2109 eonjeeturam
833 2056 1154 2096 ducoveriorem.
1180 2054 1278 2103 apud

266 2121 427 2149 crium:

479 2179 602 2229 quibas
621 2178 695 2217 ima
714 2177 891 2227 Quiritem

294 2230 428 2279 Vertigo
440 2231 544 2276 facit.

241 2306 455 2347 quanquam
486 2293 718 2343 grammatici
741 2301 881 2332 veteres
904 2291 1159 2336 contendunt.
1188 2292 1280 2341 Qi-

240 2349 347 2435 rgtem
368 2345 536 2395 singulari
555 2357 714 2385 numero
737 2345 949 2383 insolentius
969 2344 1053 2384 clici.
1097 2344 1283 2392 Juvenalis

275 2405 323 2437 at.
342 2407 416 2435 vn.

532 2472 651 2501 tamen
671 2462 744 2500 ima
765 2462 803 2500 in
820 2462 911 2512 plebe
930 2461 1107 2511 Qiritem
1120 2466 1150 2507 ,ss

295 2514 502 2552 facundum
523 2515 689 2551 invenies.

242 2564 490 2613 Symmachus
517 2565 610 2602 libro
642 2565 764 2613 primo
795 2564 907 2612 Epist.
939 2576 967 2601 1.
1004 2563 1058 2600 hic
1086 2562 1178 2600 dixit
1202 2563 1287 2611 jura

248 2615 402 2662 Qiriti.
429 2615 478 2653 fic
506 2615 747 2653 scribendum.
785 2617 924 2653 Heius.
979 2614 1117 2662 Qtiriti
1144 2615 1288 2652 nemini

249 2665 403 2713 quidem
424 2666 541 2714 potest
562 2678 639 2703 non
662 2666 813 2713 placere.
842 2666 974 2703 Latine
986 2675 1112 2702 tamen
1130 2664 1201 2702 dici
1221 2676 1290 2711 po-

248 2714 353 2752 tuisse
380 2717 535 2761 subditus
564 2716 672 2767 quieti
701 2716 857 2753 videtur.
887 2717 978 2753 Plin.
1001 2727 1166 2752 v111.1o.
1194 2715 1288 2763 Jugo

242 2763 405 2813 subdidit
426 2767 529 2804 leones
554 2794 563 2810 ‚
604 2766 737 2815 primus
764 2773 889 2804 Romae
918 2766 979 2802 ad
998 2778 1138 2801 curram
1164 2766 1289 2814 junxit

255 2821 313 2851 Μ.
336 2817 526 2852 Antonius.
558 2817 669 2854 Certe
689 2816 780 2866 quies
798 2828 864 2864 pro
881 2817 973 2866 jugo
993 2816 1061 2853 fuit
1079 2815 1260 2852 Dalmatis
1280 2842 1291 2859 ‚

254 2867 356 2913 genti
388 2866 584 2904 latrociniis
614 2866 767 2904 mirifice
796 2866 941 2904 deditae
982 2865 1290 2903 bellicosissimae-

256 2926 352 2963 que,
383 2924 421 2953 ut
441 2917 535 2964 apud
551 2917 789 2959 Strabonem,
818 2917 1005 2965 Vellejum
1021 2943 1031 2960 ‚
1059 2916 1288 2965 Florumque

256 2965 383 3003 videre
414 2966 462 3003 est
485 2994 496 3010 ‚
534 2976 642 3015 atque
675 2968 897 3004 Ciceronem
934 2968 993 3004 lib.
1016 2980 1079 3004 ιιι.
1106 2966 1214 3013 Epist.
1242 2966 1288 3004 ad

256 3013 389 3053 Famil.
410 3016 525 3063 Quod
544 3028 633 3053 vero
653 3017 922 3054 acl-Pinnetem.
936 3017 1086 3054 attinet.
1113 3017 1203 3054 nihil
1225 3015 1288 3054 hic

255 3064 356 3107 loci;
386 3068 449 3114 qui
472 3066 774 3111 Pannoniorum,
802 3079 880 3104 non
905 3068 1183 3110 Dalmatarum,
1212 3066 1286 3104 dux

257 3116 393 3159 fuerit3
425 3127 545 3163 neque
575 3116 668 3153 adeo
697 3118 860 3165 proditus
881 3128 901 3152 a
933 3116 1071 3153 Batone
1093 3118 1288 3162 Dalmata,

258 3165 328 3204 sledv
341 3166 412 3203 alio
425 3166 565 3203 Batone
585 3165 726 3204 Ereuco
739 3182 749 3209 ;
764 3167 841 3203 Dio
855 3167 893 3203 &
907 3166 1083 3214 Vellejus.
1109 3169 1291 3205 AUCTOR·

257 3215 412 3255 Emer.
446 3216 575 3253 Eron.
613 3216 743 3253 Latine
775 3217 846 3253 dici
871 3243 882 3260 ‚
912 3216 1056 3264 subdita
1084 3217 1191 3262 quieti
1210 3230 1287 3255 non

256 3267 433 3316 puto,.&
450 3267 560 3314 longe
571 3265 666 3303 aliud
681 3265 749 3302 effe
771 3293 781 3309 ,
802 3267 882 3313 jugo
900 3265 1066 3314 subdere,
1092 3278 1135 3302 ac
1155 3267 1285 3315 quieti,

251 3319 370 3369 *cinus*
393 3317 493 3357 vocis
521 3316 771 3366 interpretatio
798 3326 819 3353 a
847 3315 927 3356 viro
958 3316 1072 3356 docto
1091 3316 1207 3357 adlata
1232 3317 1290 3357 est»

2243 896 2288 951 F
2291 915 2372 953 ra-

1337 1036 1475 1077 durior.
1510 1033 1572 1073 sed
1596 1032 1694 1072 forte
1726 1031 1954 1073 scribendum
1975 1033 1998 1079 ζ,
2014 1031 2125 1084 'quieti
2144 1033 2305 1080 reddita,
2328 1043 2372 1075 ut

1334 1088 1556 1136 intelligatur
1577 1092 1702 1134 pacata
1727 1084 1925 1123 Dalmatia.
1951 1084 1997 1122 de
2018 1085 2159 1132 <Quirite
2192 1087 2229 1123 in
2251 1086 2374 1135 singu-

1330 1139 1394 1177 lari
1411 1140 1553 1186 egimus
1577 1147 1608 1173 t.
1627 1135 1910 1184 Amor.v11.29.
1937 1136 2053 1173 Pineti
2072 1136 2230 1184 praefert
2247 1137 2374 1177 denuo

1332 1187 1508 1227 Heinsius
1525 1186 1571 1225 ad
1593 1185 1690 1223 Vell.
1709 1185 1825 1223 Pater.
1845 1198 1892 1223 11.
1917 1197 1996 1234 cap.
2019 1198 2102 1224 110.
2127 1186 2208 1224 Bua
2218 1201 2259 1225 M.

1385 1241 1445 1278 81.
1473 1239 1540 1289 Ipse
1561 1236 1663 1286 super
1691 1235 1834 1287 currus]
1880 1234 1963 1280 Ille,
1992 1236 2030 1272 &
2050 1248 2152 1275 curru
2175 1239 2247 1277 Ms.
2271 1238 2376 1284 Bersz

1334 1301 1475 1329 manni.

1390 1341 1451 1381 82.
1479 1344 1642 1388 Tempora
1666 1337 1816 1375 Phoebea
1835 1336 1969 1386 virgine
1989 1350 2079 1374 nexa
2099 1337 2222 1388 talia]
2277 1340 2375 1380 Scri-¹

1334 1391 1499 1431 bendum
1521 1391 1591 1435 est,
1621 1397 1809 1437 utcunque
1828 1389 2049 1426 membranis
2066 1387 2376 1437 difl'entientibus,

1333 1443 1449 1482 Penea
1468 1442 1616 1490 virgine.
1653 1441 1753 1478 Nam
1773 1440 1932 1489 Daphne
1945 1466 1956 1485 ‚
1976 1439 2090 1478 Penei
2113 1439 2271 1479 fluminis
2290 1441 2374 1482 filia.

1335 1493 1469 1533 Noster
1486 1494 1583 1532 Met.
1603 1504 1632 1529 x.

1389 1544 1556 1596 Nympha
1570 1572 1581 1589 ,
1603 1550 1741 1594 precor,
1761 1542 1874 1580 Pene‘a
1904 1554 2020 1581 mane.
2043 1554 2111 1579 non
2136 1541 2297 1594 infiequor⁴
2311 1543 2374 1582 ho-

1519 1596 1586 1635 stis.

1336 1646 1580 1687 Doffiffimus
1609 1645 1823 1684 Gronovius
1853 1644 1899 1683 ad
1930 1643 2084 1682 Statium
2120 1655 2166 1682 ex
2190 1644 2377 1685 Pirckheiss

1335 1700 1505 1737 meriano
1529 1697 1660 1735 codice
1673 1725 1683 1741 ,
1710 1695 1865 1734 Phoebea
1885 1694 2031 1746 conjuge.
2058 1702 2094 1733 at
2113 1695 2283 1737 Phoebus
2302 1697 2375 1746 ipse

1334 1750 1434 1789 Met.
1457 1761 1489 1788 1.
1515 1749 1560 1787 ad
1582 1748 1788 1797 Daphnen:

1511 1805 1677 1856 quoniam
1697 1804 1824 1853 conjux
1844 1818 1921 1842 mea
1940 1816 2008 1842 non
2023 1811 2115 1854 potes
2132 1801 2212 1854 esse,

1386 1857 1505 1895 Arbor
1524 1855 1587 1894 eris
1605 1864 1692 1892 certe
1709 1854 1803 1892 dixit
1823 1869 1912 1893 mea.

1333 1921 1513 1960 Martialis
1538 1918 1584 1957 ad
1606 1918 1823 1966 Apollinem
1842 1947 1853 1965 ,
1879 1929 1934 1957 xv,
1955 1929 2017 1965 41.

1388 1994 1453 2026 Fer
1472 1997 1554 2025 rata
1572 1996 1658 2023 vota
1675 1986 1779 2036 patri.
1804 1984 1849 2035 sic
1870 1996 1903 2023 te
1923 1995 1988 2022 tua
2009 1984 2138 2035 diligat
2158 1985 2274 2028 arbor:

1335 2054 1383 2093 fic
1401 2055 1600 2104 legendum
1627 2066 1673 2092 ex
1702 2054 1852 2103 optimis
1872 2052 2117 2098 membranis,
2145 2065 2221 2093 non
2238 2083 2250 2100 ,
2277 2056 2379 2094 uxor)

1334 2106 1476 2144 Hnms.
1522 2104 1694 2143 Heinsius
1726 2105 1880 2153 conjicit
1901 2132 1912 2149 ,
1961 2103 2079 2141 Penea
2100 2116 2108 2140 :
2160 2106 2383 2144 Gronovius

1336 2156 1580 2202 emendabat,
1609 2154 1762 2193 Phoebea
1783 2155 1929 2204 conjuge.
1957 2154 2010 2192 At
2032 2154 2171 2203 conjux
2193 2168 2268 2193 non
2291 2157 2376 2194 fuit.

1334 2206 1407 2244 dici
1429 2215 1554 2245 tamen
1575 2206 1692 2255 potest
1706 2233 1716 2250 ,
1739 2206 1871 2250 credo,
1899 2216 1995 2253 quae
2014 2203 2148 2253 sperata
2172 2207 2289 2244 fuerit.
2314 2204 2383 2243 sed‘

1333 2266 1467 2295 neutro
1491 2268 1582 2305 opus
1602 2256 1662 2294 est.
1689 2257 1866 2293 Aucrort
1888 2255 2040 2291 Emer.
2069 2254 2197 2293 ΕτοΝ.

1390 2307 1450 2358 83.
1479 2310 1592 2356 {Luem
1605 2307 1664 2356 pia
1681 2305 1858 2342 vobiscum
1874 2304 1982 2354 proles
2003 2304 2192 2342 comitatur
2212 2304 2378 2351 euntem}

1339 2358 1457 2407 Digna
1474 2367 1616 2406 parente
1625 2357 1688 2406 sao
1708 2355 1969 2405 nominibusque
1981 2369 1993 2398 ;
2021 2355 2112 2404 cem]
2142 2356 2206 2393 Per
2216 2356 2356 2404 prolem
2364 2383 2381 2400 a
2399 2389 2401 2391 ,

1340 2410 1484 2448 Tiberii
1504 2408 1621 2447 filiurn
1651 2408 1816 2456 accipio,
1846 2405 2005 2443 Drusum
2019 2433 2029 2449 ,
2057 2407 2123 2454 qui
2145 2416 2290 2444 currum
2312 2417 2382 2454 pa->

1341 2461 1403 2499 tris
1424 2461 1620 2499 comitatus
1639 2458 1770 2502 fuerit,
1800 2468 1884 2496 cum
1909 2455 2057 2494 caeteris
2080 2455 2252 2500 ducibus,
2280 2467 2387 2506 quoe

1341 2512 1402 2550 hic
1422 2513 1483 2551 sub
1506 2523 1601 2549 voce
1625 2510 1800 2557 Vobiscum
1821 2507 1999 2556 intelligit.
2062 2506 2159 2544 Nam
2182 2516 2220 2544 ut
2240 2506 2285 2545 de
2306 2507 2381 2545 Ti-

1342 2563 1444 2601 berio
1463 2565 1501 2601 &
1526 2562 1683 2599 Adiiaco
1703 2559 1892 2607 triumpho
1910 2557 2131 2606 accipiamus
2151 2585 2162 2602 ‚
2199 2567 2383 2607 repugnat:

1343 2622 1558 2662 temporum
1582 2614 1697 2655 ratio,
1726 2611 1760 2647 id
1788 2609 1890 2659 quod
1922 2609 2023 2656 supra
2044 2619 2196 2657 quoque
2216 2609 2378 2647 monui:

1344 2666 1493 2702 &item
1522 2663 1625 2712 quod
1654 2661 1838 2709 sequitur,
1864 2660 1982 2708 Digna
2011 2667 2153 2707 parente
2169 2660 2232 2706 suo
2254 2686 2265 2703 ‚
2316 2671 2377 2696 no·

1343 2715 1563 2763 minibusque
1592 2713 1697 2749 datis.
1725 2711 1860 2760 Neque
1874 2712 1974 2747 enirn
1988 2709 2269 2747 adhucnomina
2281 2709 2379 2746 Cae-

1343 2766 1423 2802 saris
1442 2775 1503 2802 aut
1524 2763 1676 2811 Augusti
1706 2769 1896 2810 acceperat
1916 2760 2073 2797 Adiaco
2093 2760 2282 2808 triumpho
2305 2760 2379 2797 Ti·
2441 2787 2447 2796 .

1343 2815 1477 2853 berius.
1503 2816 1553 2851 At
1576 2814 1601 2851 si
1621 2813 1666 2850 de
1687 2812 1806 2850 Druso
1827 2811 2069 2858 intelligamus
2083 2834 2094 2853 ,
2122 2818 2195 2847 tam
2221 2810 2265 2847 de
2285 2810 2382 2848 Cae-

1343 2866 1424 2903 saris
1443 2865 1715 2914 appellatione,
1742 2874 1853 2911 quam
1877 2861 1923 2899 de
1937 2861 2085 2908 proprio
2098 2861 2253 2897 nomine
2274 2861 2381 2898 intel-

1344 2916 1456 2964 ligere
1477 2916 1562 2953 licet
1581 2943 1592 2958 ,
1628 2913 1727 2963 quasl
1758 2913 1821 2961 qui
1844 2912 1878 2949 se
1905 2911 2056 2959 dignum
2081 2910 2200 2948 Druso
2223 2919 2351 2958 patruo
2366 2938 2379 2954 ,

1344 2968 1381 3003 δε
1407 2968 1495 3003 item
1521 2965 1717 3002 Caesarum
1740 2972 1850 3011 gente
1871 2969 2024 3009 gereret.
2069 2962 2196 3007 Quare
2218 2962 2255 2996 ὃς
2277 2960 2384 3007 supe-

1343 3017 1414 3054 rius
1435 3017 1639 3064 Caesareum
1664 3014 1782 3064 pedem
1807 3041 1817 3058 ‚
1852 3024 1929 3049 non
1957 3010 2107 3058 Augusti
2132 3009 2262 3057 pedem
2285 3038 2295 3055 ‚
2322 3010 2385 3049 sed

1344 3066 1488 3104 Tiberii
1519 3078 1670 3114 expono
1693 3093 1704 3106 ,
1743 3066 1806 3112 qui
1837 3072 1917 3100 tum
1951 3060 2109 3097 Caesaris
2135 3071 2275 3096 nomen
2300 3088 2310 3103 ,
2338 3061 2384 3098 ab

1346 3117 1513 3165 Augusto
1536 3118 1612 3165 jam
1646 3115 1786 3164 pridem
1815 3113 2028 3160 adoptatus,
2058 3109 2217 3156 gerebat.
2266 3110 2388 3157 Quod

1345 3176 1468 3205 autem
1492 3168 1641 3204 inferius
1673 3166 1782 3213 paulo
1811 3163 1973 3209 sequitur
1996 3187 2006 3204 ,
2047 3159 2229 3196 Fratribus
2257 3160 2387 3207 affimi-

1344 3218 1405 3261 lis,
1434 3228 1506 3256 (φτ.
1534 3217 1630 3254 haud
1652 3216 1724 3252 scio
1745 3226 1788 3250 an
1823 3213 1934 3248 etiam
1962 3209 2007 3246 de
2030 3210 2181 3246 Caliore
2201 3212 2238 3247 ὃ(
2267 3212 2391 3250 Pollu-

1345 3280 1387 3305 ce
1409 3268 1559 3314 intelligi
1583 3266 1713 3314 poffit,
1741 3261 1871 3311 quibus
1894 3272 1938 3315 ex
1968 3260 2159 3297 manubiis
2178 3260 2242 3298 suo
2266 3263 2304 3299 ὃ(
2323 3262 2394 3298 frat

1344 3319 1405 3357 tris
1434 3318 1590 3357 nomine
1626 3313 1809 3362 templum
1841 3310 2025 3351 dedicavit
2055 3310 2235 3350 Tiberius
2256 3338 2267 3357 ‚
2295 3310 2394 3399 <apost

2271 3372 2292 3400 a
2331 3370 2419 3406 um.
