2495 3675
237 170 343 245 484
737 169 799 226 P.
873 166 1291 226 ov1D11

1363 162 1895 222 NASONIS

543 258 822 340 Quaeque
839 267 935 322 tibi
963 268 1266 341 quondam,
1305 276 1496 344 tenero
1521 262 1774 343 ducenda
1796 266 2010 335 palam,>

621 340 783 394 Plena
813 340 963 393 dedit
991 341 1174 394 nutrix
1201 338 1394 399 ubera,
1434 350 1583 407 tigrls
1609 349 1736 390 erat.

400 426 472 482 45
547 414 624 468 At
650 414 781 467 mala
809 411 980 466 nostra
1005 412 1179 466 minus
1196 450 1211 474 ,
1247 427 1407 483 quam
1433 426 1603 472 nune,
1639 409 1805 464 aliena
1827 410 2088 482 putaffes;

622 486 978 555 Duritiaeque
1007 484 1136 538 mihi
1163 500 1271 537 non
1295 500 1512 554 agerere
1543 498 1680 536 reus,

546 558 652 612 Sed
683 559 936 629 quoniam
960 556 1168 609 accedit
1196 556 1439 610 fatalibus
1467 556 1571 609 hoc
1595 572 1816 628 quoque
1844 555 2082 619 damniS,

625 630 701 683 Ut
726 641 938 682 careant
963 629 1195 683 numeris
1219 643 1465 700 tempora
1491 629 1659 700 prima
1682 629 1818 690 suis;

549 702 755 764 Effice,
795 701 999 773 peccati
1025 719 1091 755 ne
1119 702 1210 756 fim
1237 720 1446 756 mernor
1468 701 1652 772 hujus;
1695 701 1748 754 δ’(
1775 702 1867 757 illo

405 792 476 843 50

255 926 336 954 nus.
364 912 411 951 fic
438 914 572 962 perflata
595 912 761 960 somnus,
789 923 919 959 terror,
949 926 1078 950 moeror
1105 913 1208 951 habet
1232 942 1242 958 ‚
1269 915 1309 952 &

258 965 387 1004 svmtlia
407 965 531 1012 paffim
557 963 654 1011 apud
676 965 865 1003 Nostrum.
903 965 977 1003 Adi
998 965 1116 1003 Notas
1134 965 1180 1004 ad
1198 965 1310 1015 Epist.

260 1028 331 1054 xii.
354 1015 405 1052 Μ.
429 1027 506 1059 ¹70·
539 1015 686 1053 Hiems.
713 1016 828 1065 Rigidz'
847 1017 958 1054 etiam
979 1017 1130 1065 Regius.

306 1078 366 1112 43.
398 1066 609 1116 Ducenda.]
660 1067 817 1115 sugenda
840 1067 1009 1105 Beruens.
1041 1068 1148 1105 male.
1171 1067 1247 1105 vid.
1263 1066 1309 1105 ad

256 1130 303 1157 11.
325 1117 413 1155 Fast.
435 1130 517 1163 419.
549 1117 718 1156 Francius
739 1119 940 1168 corrigebat
962 1146 973 1163 ,
1014 1128 1126 1155 tenero
1153 1117 1311 1155 ducenda

253 1168 376 1220 palato
407 1168 618 1205 Praebuerat
646 1171 783 1208 nutrix.
819 1171 910 1208 mihi
933 1169 1078 1218 vulgata
1108 1169 1312 1218 elegantior

259 1220 417 1258 videtur.
471 1219 553 1256 Bun
563 1233 602 1256 M.

313 1284 375 1319 45.
405 1276 468 1307 An
492 1271 589 1306 mala
608 1271 720 1318 nostra
748 1272 866 1309 minus
896 1285 1005 1319 quam
1028 1284 1095 1308 non
1115 1270 1231 1307 aliena
1245 1279 1313 1319 pu-

259 1321 394 1370 taret]
425 1327 479 1357 At
509 1321 629 1364 mala,
661 1324 700 1360 &
728 1324 871 1373 putasses
898 1324 1082 1360 meliores.
1138 1321 1312 1366 Deinde,

260 1386 370 1423 quam
394 1385 484 1408 nunc
505 1385 597 1410 unus
617 1373 830 1411 Vaticanus.
855 1386 952 1411 vere.
979 1372 1177 1421 quomodo
1200 1373 1311 1410 etiarn

261 1423 489 1461 doeiiffimus
528 1424 771 1472 Tanaquillus
798 1425 912 1462 Faber
944 1425 1035 1462 vidit
1064 1423 1312 1468 scribendum,

258 1474 321 1513 lib.
343 1488 370 1511 1.
399 1473 509 1522 Epist.
529 1486 592 1522 23.
620 1475 850 1513 Combianus
879 1488 945 1523 pro
968 1474 1108 1513 diversa
1126 1475 1313 1519 lenione,

264 1526 348 1576 quia
368 1538 474 1565 nunc.
508 1525 634 1563 Sensus
666 1527 726 1564 est.
754 1528 805 1564 At
834 1526 959 1564 saltem
984 1527 1078 1564 mala
1100 1526 1220 1564 nostra
1242 1527 1314 1564 mi-

260 1587 328 1614 nus
350 1575 370 1613 a
391 1585 427 1613 te
447 1576 563 1613 aliena
586 1577 736 1625 putasses
750 1589 885 1627 ‚quam
906 1590 1005 1615 nunc
1023 1585 1139 1627 putas.
1167 1578 1315 1616 Hnms.

263 1626 377 1666 Forte
397 1627 570 1674 scripserit
584 1656 594 1670 ,

309 1682 367 1726 At
388 1677 487 1717 mala
514 1678 627 1727 nostra
650 1680 769 1730 prius,
796 1693 906 1730 quam
926 1692 1020 1719 nunc
1033 1707 1045 1727 ‚
1062 1679 1179 1718 aliena
1193 1680 1314 1730 putasL

445 1729 514 1780 ses.

623 773 886 829 Officium
908 774 1119 829 laudern
1138 815 1155 840 ‚
1193 792 1306 847 quo
1329 793 1559 849 queror,
1599 791 1696 829 ore
1724 788 1895 830 tuum,

1362 924 1441 951 non
1460 912 1535 950 hoc
1552 913 1708 952 demum
1727 922 1900 961 tempore
1921 912 2098 951 debuisses
2118 912 2309 953 ostendere
2329 926 2414 956 mea
2486 907 2489 918 ⁴

1362 964 1454 1002 nihil
1474 964 1519 1002 ad
1541 974 1578 1003 te
1599 966 1774 1010 attinere,
1801 965 1862 1002 sed
1877 965 1956 1013 jam
1971 965 2076 1002 olim.
2093 964 2198 1015 quod
2215 965 2242 1004 fi
2261 966 2414 1012 feciffcs.
2488 989 2489 996 κ

1365 1026 1466 1053 nunc
1486 1027 1563 1053 non
1586 1027 1733 1064 agerem
1755 1023 1792 1053 te
1812 1027 1917 1054 reum
1941 1016 2095 1053 duritiae
2119 1044 2129 1060 ,
2158 1017 2217 1054 sed
2236 1018 2413 1066 quiahoc
2488 1042 2490 1048 r

1366 1074 1509 1115 praeter
1529 1067 1598 1104 alia
1620 1068 1731 1104 etiam
1750 1067 1844 1104 mihi
1865 1067 2020 1110 accidit,
2050 1076 2090 1104 ut
2114 1076 2150 1104 te
2167 1068 2317 1116 perdam
2338 1069 2415 1107 hoc
2494 1073 2495 1112 j

1367 1117 1508 1154 infelici
1533 1126 1706 1165 tempore
1727 1145 1738 1159 ,
1775 1118 1836 1166 qui
1874 1126 1981 1155 antea
2006 1118 2145 1156 ami-cus
2173 1119 2266 1157 fuisti
2288 1147 2298 1163 ,
2337 1119 2415 1157 effi-

1369 1179 1412 1204 ce
1433 1168 1505 1204 &c.
1534 1168 1667 1205 deinde
1681 1196 1691 1211 ,
1707 1168 1858 1205 duritiae
1877 1168 1967 1204 mihi
1987 1181 2079 1206 nunc
2100 1182 2170 1206 non
2189 1182 2319 1218 agerere
2338 1183 2416 1208 reus

1367 1218 1549 1266 Excerpta
1570 1217 1812 1257 Kloekhovii.
1840 1218 1972 1257 Bunm.
2458 1219 2463 1224 “

1419 1280 1478 1314 47.
1506 1270 1653 1306 Accedit
1675 1269 1778 1318 hoc.]
1823 1269 2009 1307 Accedunt
2029 1270 2111 1308 haec
2131 1272 2268 1320 Regius
2281 1299 2292 1316 ‚
2309 1272 2418 1311 Bern.

1368 1321 1408 1408 Ξῖ
1428 1320 1591 1409 ἷεέεῃξέξᾶ
1619 1332 1707 1359 cum
1730 1321 1836 1361 editis
1856 1321 2087 1371 quibusdam.
2107 1323 2227 1360 cecidit
2239 1322 2418 1370 fatalibus

1394 1385 1480 1469 ⁰⁶48-
1506 1399 1713 1474 Novaria]
1754 1421 1874 1460 Muris
1896 1423 2067 1462 Leidens.
2089 1424 2221 1462 merim
2243 1425 2284 1464 P.
2302 1424 2419 1465 Servii

1369 1473 1480 1574 C04d9·.
1507 1531 1562 1563 Ne
1573 1523 1686 1576 fim.]
1717 1532 1798 1563 Non
1816 1526 1962 1574 Junian.

1420 1589 1480 1624 50.
1511 1576 1708 1625 Laudem]
1763 1583 1807 1613 Ut
1837 1577 1977 1614 laudem
2005 1589 2058 1627 pr.
2090 1577 2188 1616 Edit.
2218 1579 2256 1616 &
2284 1577 2426 1623 Bersmjs

1365 1627 1426 1666 sed
1447 1628 1537 1666 nihil
1561 1640 1666 1676 opus.
1686 1628 1868 1666 timebant
1899 1629 2000 1667 enim
2019 1641 2066 1667 ne
2080 1658 2090 1674 ‚
2119 1632 2203 1678 quia
2224 1629 2424 1677 praecesse·
2453 1654 2455 1658 .

1366 1687 1421 1717 rat
1449 1693 1489 1716 ne
1520 1677 1606 1724 (im,
1636 1679 1697 1718 hic
1723 1678 1751 1718 fi
1776 1678 1828 1729 fit
1856 1678 1992 1720 abesset
2012 1709 2024 1728 ‚
2048 1681 2166 1720 sensus
2192 1681 2320 1731 planus
2339 1692 2426 1722 nom

1368 1728 1468 1769 effet.
1505 1730 1637 1769 Bunm.

968 1869 1525 1939 ELEGIA
1620 1871 1739 1938 IX.

699 2019 834 2076 Etur
859 2022 1148 2079 inoffensae
1173 2035 1373 2077 metam
1397 2022 1491 2077 tibi
1515 2036 1734 2095 tangere
1757 2025 1927 2087 vitae5

769 2096 881 2166 Qui
917 2098 1041 2169 legis
1069 2097 1173 2150 hoc
1202 2096 1354 2149 nobis
1379 2115 1487 2150 non
1513 2098 1762 2151 inimic-us
1802 2116 1953 2170 opus⁴

558 2172 745 2239 Atque
773 2170 977 2225 utinam
1001 2188 1100 2241 pro
1127 2184 1181 2223 te
1207 2167 1404 2241 possint
1429 2187 1547 2223 mea
1577 2183 1702 2222 vota
1729 2172 1942 2233 valere,

636 2242 792 2311 Quae
818 2258 916 2310 pro
944 2261 1028 2296 me
1054 2242 1217 2296 duros
1244 2260 1354 2296 non
1380 2243 1608 2313 tetigere
1634 2241 1806 2294 Deos!

418 2332 450 2382 5
556 2312 752 2368 Donec
779 2315 879 2366 eris
905 2314 1061 2377 felix,
1099 2317 1296 2369 multos
1322 2314 1625 2370 numerabis
1654 2314 1883 2368 amicos:

633 2386 914 2459 Tempora
938 2388 974 2443 s1
997 2387 1198 2443 fuerint
1221 2388 1427 2454 nubila,
1463 2387 1600 2444 solus
1627 2387 1745 2442 eris,

320 2599 460 2649 Elegia.
480 2598 572 2650 1X.]
602 2599 713 2637 Hanc
730 2599 896 2638 P.Servii
915 2600 1036 2639 codex
1058 2607 1178 2639 severo
1196 2600 1321 2640 inscri-

269 2651 378 2744 gebat
395 2679 405 2694 ,
434 2660 474 2689 ut
495 2651 668 2689 Heinsius
689 2651 838 2700 putabat
855 2679 866 2696 ,
898 2652 1057 2701 decepto
1084 2653 1230 2690 librario
1256 2665 1322 2702 per

330 2716 365 2788 ις
389 2757 503 2788 Deru-r
530 2752 710 2801 inoffensae
739 2752 836 2789 vitae
875 2752 940 2789 tibi
975 2762 1113 2802 tangere
1146 2752 1320 2802 metam.]

276 2799 507 2839 Concinnius
532 2814 691 2852 quatuor
720 2803 859 2852 antiqui
883 2832 892 2847 ‚
931 2814 1062 2841 metam
1093 2803 1158 2840 tibi
1185 2814 1323 2853 tangere

275 2851 386 2887 vitae.
414 2853 449 2888 ὃ(
474 2864 564 2890 mox
578 2882 587 2897 ,
610 2853 728 2902 possint
748 2865 814 2901 pro
833 2854 955 2903 poffient
973 2855 1155 2892 meliores.
1178 2856 1325 2893 Heius.

276 2906 421 2938 Cernere
443 2903 539 2938 vitae
562 2915 652 2942 unus
682 2904 836 2941 Heinfii.
858 2905 931 2942 vid.
951 2905 1024 2954 sup.
1048 2905 1150 2955 Eleg.
1173 2918 1244 2944 vn.
1264 2917 1324 2955 35.

275 2951 433 2990 Zinzerl.
447 2963 523 2999 cap.
546 2966 602 2999 5¹·
632 2967 678 2991 ex
691 2956 779 2992 Mss.
801 2955 902 2992 detur
921 2956 1122 3006 inoffensam
1139 2957 1239 2993 vitae
1258 2956 1325 2994 tibi

276 3012 416 3050 tangere
428 3015 558 3038 metam
572 3032 581 3046 ,
604 3006 705 3052 quod
719 3005 935 3044 illeillustrat
948 3019 992 3044 ex
1017 3012 1144 3045 Horat.
1159 3020 1186 3045 1.
1207 3008 1282 3045 Od.
1296 3022 1324 3046 1.

278 3064 372 3090 meta
392 3053 546 3098 fervidis
574 3063 710 3090 evitata
732 3055 826 3091 rotis.
862 3057 920 3093 scd
939 3058 986 3094 ibi
1009 3059 1075 3095 alia
1096 3070 1149 3096 res
1171 3060 1230 3097 est.
1256 3060 1325 3097 ite-

276 3103 558 3142 rabanturenim
574 3107 609 3140 in
629 3106 727 3141 circo
746 3105 866 3149 spatia.
894 3107 951 3143 sed
974 3109 1010 3144 in
1035 3110 1102 3145 hac
1124 3110 1325 3158 Metapho-

277 3166 315 3192 ra
339 3153 358 3191 a
380 3154 493 3192 stadio
515 3154 703 3198 defututa,
732 3155 842 3192 semel
862 3158 978 3193 modo
1003 3159 1194 3196 decurrere
1215 3161 1325 3206 licet,

279 3205 318 3243 &
339 3205 399 3243 ubi
419 3213 556 3243 metam
570 3205 777 3254 attigimus,
791 3206 908 3243 nullus
927 3208 1028 3244 locus
1040 3208 1200 3247 offensae
1218 3212 1327 3249 relin-

277 3258 414 3304 quitur.
446 3264 549 3305 optat
568 3267 677 3304 ergo,
711 3264 750 3293 ut
773 3255 845 3293 fine
867 3257 1004 3295 offensa
1039 3260 1135 3297 vitae
1165 3260 1319 3301 stadium

271 3306 470 3355 decurrens.
495 3306 542 3349 ad
561 3315 701 3348 metam
723 3309 927 3358 perveniat.
952 3307 1000 3362 sic
1020 3309 1223 3362 inoffinsum
1243 3326 1322 3364 cur:

2304 2464 2426 2521 Aci-

1369 2602 1454 2650 sum
1474 2602 1645 2640 honorum
1669 2601 1761 2641 dixit
1779 2600 1935 2640 Tacitus
1957 2602 1988 2642 i}
2009 2599 2103 2640 Hist.
2114 2601 2174 2648 48.
2194 2602 2428 2654 noninoffen-

1369 2654 1451 2702 sam
1469 2665 1614 2692 metam.
1631 2653 1721 2692 hinc
1739 2653 1920 2703 inoffensus
1939 2651 2307 2703 coepitusurparipro
2333 2667 2444 2694 con·-
2466 2696 2471 2701 ⁴

1376 2705 1484 2741 tinuo
1498 2732 1510 2748 ,
1538 2704 1612 2742 fine
1635 2705 1830 2743 intervallo
1845 2732 1855 2749 ‚
1885 2706 1944 2743 vel
1965 2705 2235 2752 interruptione
2255 2705 2325 2749 slc;
2347 2707 2428 2744 Ta·

1378 2755 1471 2792 citus
1492 2755 1585 2793 dixit
1604 2755 1806 2805 inoffensum
1830 2756 1982 2793 navium
2001 2753 2155 2792 ordinem
2177 2755 2237 2793 lib.
2256 2769 2301 2793 11.
2332 2757 2426 2797 Hist.

1381 2816 1438 2852 32.
1470 2805 1507 2842 &
1530 2807 1685 2854 Quinct.
1712 2820 1742 2845 1.
1770 2807 1815 2844 de
1837 2806 1917 2843 Inst.
1942 2807 2046 2842 Orat.
2065 2817 2091 2841 1.
2122 2806 2325 2856 inoffensam
2347 2808 2427 2845 lite.-

1380 2868 1502 2892 rarum
1521 2857 1664 2905 interse
1685 2857 1967 2905 conjunfiionem.
1987 2858 2025 2892 δί
2047 2867 2125 2903 cap.
2159 2869 2214 2894 io.
2253 2865 2294 2895 In
2313 2860 2428 2897 cami-

1380 2907 1426 2943 cis
1446 2907 1583 2954 eiigitur
1593 2907 1772 2954 strufftura
1804 2906 1978 2955 quaedam
2008 2918 2052 2946 (9⁶
2075 2907 2238 2957 inoffensa
2260 2909 2447 2959 copulatio<-

1380 2970 1516 2994 vocum.
1543 2959 1675 2995 eadem
1704 2957 1920 3004 metaphora
1948 2958 2040 2995 dixit
2063 2958 2197 2996 Cicero
2225 2971 2293 3007 pro
2322 2961 2428 3009 Lege

1379 3008 1510 3044 Manil.
1530 3019 1606 3055 cap.
1627 3019 1662 3044 x.
1698 3007 1867 3055 Pompeji
1892 3008 2156 3056 adolescentiam
2185 3023 2254 3045 non
2281 3011 2430 3060 offenfio-

1380 3058 1480 3094 nibus
1501 3057 1600 3100 belli,
1623 3057 1687 3105 sed
1708 3058 1861 3095 vietorits
1882 3060 2080 3101 erudztam;
2100 3059 2270 3099 Beruens.
2303 3067 2340 3100 6<
2362 3063 2429 3110 Ju-,

1379 3109 1476 3147 nian.
1503 3108 1663 3152 habent,
1684 3108 1774 3146 mihi
1792 3120 1940 3158 tangere.
1966 3109 2099 3147 Buizm.

1429 3171 1463 3208 3.
1490 3164 1557 3194 Pro
1577 3158 1655 3207 te.]
1712 3166 1774 3196 Per
1804 3171 1837 3196 te
1868 3159 1982 3196 Servii
2006 3159 2138 3198 codeJt.
2176 3161 2285 3201 verba
2310 3163 2428 3202 valere

1378 3208 1547 3248 Leidens.
1565 3209 1688 3257 peffent
1707 3212 1820 3247 etiam
1840 3218 1999 3258 quatuor
2017 3210 2111 3267 liQri.

1429 3275 1465 3309 5.
1491 3266 1605 3296 Donec
1630 3260 1696 3297 eris
1725 3260 1819 3306 felix
1843 3287 1854 3302 ,
1891 3260 2020 3297 multos
2051 3263 2250 3301 numerabis
2277 3264 2427 3302 amicos:

1377 3319 1538 3366 {sempera
1550 3309 1585 3362 fi
1604 3310 1745 3360 fuerim
1770 3309 1917 3364 nubila,
1939 3311 2034 3365 [oluff
2063 3313 2166 3366 erin]
2221 3315 2313 3367 Hoc
2328 3310 2428 3406 gisti-

1848 3393 1850 3395 ,
2328 3411 2345 3417 Μ
2376 3376 2448 3415 013,
