2495 3675
361 208 367 212 .
507 161 1143 223 TRISTIUM
1225 158 1423 228 1412,
1498 160 1572 221 v.
1649 167 1915 234 Euan.

2139 181 2232 240 663

365 269 485 326 Nec
511 284 632 322 mea
656 249 899 331 concessa
926 264 1000 320 est
1026 264 1138 321 aliis
1164 262 1409 319 fortuna:
1450 281 1553 321 nec
1579 265 1725 323 exsul

439 341 619 395 Ediffi
645 339 818 394 verbis
848 339 1099 394 nominor
1123 337 1231 410 ipse
1257 337 1351 392 tui.

365 414 670 487 Omniaque
696 414 826 467 haec
855 411 1040 471 timui,
1079 411 1203 482 quia
1230 427 1317 465 me
1343 410 1587 467 meruisse
1617 411 1894 468 videbam:

218 493 291 545 60

444 487 551 543 Sed
582 502 670 541 tua
698 499 923 556 peccato
949 483 1120 537 lenior
1147 483 1221 536 ira
1248 500 1370 538 meo
1395 484 1484 541 est.

336 576 341 581 ’
365 563 511 616 Arva
537 561 829 631 relegatum
851 554 1035 626 juffisti
1063 555 1228 609 visere
1252 555 1444 621 Ponti,

431 631 504 688 Et
531 632 840 704 Scythicum
867 626 1098 699 profuga
1122 628 1330 682 findere
1365 646 1541 701 puppe
1568 630 1782 688 fretum.

345 705 516 779 Juffus
541 705 605 758 ad
631 701 829 757 Euxini
855 700 1117 781 deforrnia
1142 701 1296 754 litora
1321 703 1442 756 veni
1552 775 1559 783 ¹

434 776 715 851 Aequoris.
773 775 903 828 haec
932 772 1113 845 gelido
1139 787 1276 826 terra
1303 772 1395 827 sub
1422 793 1519 830 axe
1549 790 1697 844 jacet.

140 843 277 922 *65

355 854 472 908 Nec
500 869 586 905 me
610 862 718 903 tam
743 847 944 902 cruciat
972 862 1262 916 numquam
1290 845 1396 901 sine
1423 848 1625 920 frigore
1650 851 1890 916 coelum,

435 923 714 994 Glebaque
739 920 948 975 canenti
974 918 1180 989 semper
1204 918 1384 973 obusta
1409 924 1563 993 gelu;

353 996 649 1068 Nesciaque
674 993 748 1047 est
775 993 919 1046 vocis
943 992 1092 1063 quod
1120 991 1334 1044 barbara
1361 993 1535 1064 lingua
1566 994 1823 1059 Latinae;

425 1068 696 1140 Grajaque
720 1065 868 1137 quod
894 1063 1096 1118 Getico
1119 1062 1253 1116 viela
1281 1064 1493 1135 loquela
1527 1067 1686 1129 sono;

351 1143 531 1215 Quam
557 1139 705 1213 quod
730 1138 958 1194 finitimo
982 1135 1183 1190 cinfius
1210 1154 1424 1206 premor
1447 1139 1685 1210 undique
1713 1141 1924 1206 Marte3

207 1234 275 1286 70

426 1213 641 1285 Vixque
668 1212 843 1266 brevis
868 1222 1044 1264 tutum
1072 1226 1251 1263 murus
1276 1209 1339 1262 ab
1365 1210 1512 1264 hoste
1538 1211 1680 1265 facit.

352 1289 466 1345 Pax
493 1303 668 1339 tamen
694 1283 995 1346 interdum,
1034 1282 1177 1353 pacis
1201 1280 1397 1335 fiducia
1419 1301 1709 1355 numquam
1736 1286 1824 1343 est.

422 1360 508 1415 Sic
535 1376 676 1413 nunc
700 1357 785 1410 hic
812 1356 1035 1427 patitur,
1069 1371 1211 1409 nunc
1237 1355 1387 1408 timet
1416 1373 1586 1419 arma,
1624 1358 1786 1413 loeus,

348 1432 499 1491 Hinc
525 1449 628 1503 ego
653 1429 783 1483 dum
809 1443 1011 1491 muter,
1049 1428 1131 1481 vel
1159 1444 1244 1480 me
1273 1426 1534 1482 Zanclaea
1559 1428 1858 1504 Charybdis

420 1505 696 1566 Devorer,
734 1518 871 1573 aque
899 1500 997 1555 suis
1021 1500 1087 1554 ad
1114 1500 1274 1572 Styga
1298 1501 1472 1556 mittat
1499 1503 1674 1574 aquis:

56 1721 192 1760 Cicero
213 1716 364 1758 Tuscul.
394 1712 543 1764 Quaest.
573 1712 637 1752 lib.
658 1726 685 1752 1.
721 1712 879 1751 Hercules
907 1722 1030 1750 tantus
1049 1721 1093 1752 ε’

53 1782 131 1812 tam
149 1773 301 1820 praesens
318 1769 397 1805 deus
419 1765 578 1803 habetur.
605 1765 724 1802 Voffii
747 1765 926 1812 Excerpta
948 1763 1093 1810 coelestia

53 1823 216 1862 numina.
243 1819 387 1858 Hirrus.
442 1823 515 1855 Heu
537 1817 694 1866 praesens
720 1814 912 1865 praesentia
944 1815 1095 1851 numina

56 1873 167 1972 1⁴33:
191 1930 220 1960 O
244 1922 362 1965 decus,
391 1918 590 1969 5⁴patriae.]
622 1917 766 1956 Laudat
781 1916 985 1966 Augustum
1001 1916 1093 1954 Cae-

51 1974 163 2013 sarem
186 1975 228 2012 ab
249 1979 470 2011 ornamento
492 1971 531 2008 &
551 1972 686 2019 pietate
704 1969 743 2006 in
764 1969 931 2017 patriam.
962 1967 1010 2007 fic
1030 1979 1093 2006 ex-

51 2032 176 2063 tremo
198 2025 260 2063 lib.
278 2037 323 2062 rr.

105 2093 135 2124 Ο
150 2097 249 2138 pater
264 2115 273 2131 ,
303 2086 320 2123 ὂ
336 2085 474 2136 patriae
495 2094 577 2123 cura
590 2109 601 2128 ,
623 2082 786 2134 salusque
808 2091 899 2120 tuae.

51 2138 221 2178 CIOFAN.
504 2186 507 2188 v
527 2189 530 2192 Α

98 2212 163 2251 49.
189 2200 398 2250 Florentis.]
431 2193 601 2248 Ful'g‘entis
621 2209 714 2238 unus
737 2197 958 2236 Gallicanus.

99 2264 158 2303 51.
186 2253 238 2290 Sic
258 2252 388 2289 habites
416 2261 525 2287 terras
547 2249 630 2299 em]
686 2248 738 2284 Sic
770 2247 903 2284 habitet
923 2258 1032 2284 terras
1043 2243 1093 2306 [ξε

47 2306 103 2350 te,
133 2303 300 2341 Bernens.
323 2305 358 2339 δί
381 2312 450 2340 tres
470 2300 540 2338 alii.
563 2311 693 2337 terram
708 2325 718 2342 ‚
739 2296 789 2347 fic
807 2297 882 2336 duo
904 2310 987 2335 cum
1016 2297 1093 2335 edi·

45 2355 206 2394 tionibus
227 2354 352 2402 primis
382 2353 419 2389 ὅ(
453 2352 595 2399 Micyll.
616 2351 654 2388 &
684 2349 826 2398 Gryph.
857 2359 968 2386 terras
993 2358 1032 2386 ut
1059 2357 1092 2385 te

46 2405 119 2444 Ms.
140 2404 320 2445 Bersman.
348 2415 382 2439 v.
409 2413 452 2441 <J
472 2412 503 2439 te
525 2399 628 2438 Voss.

98 2469 156 2505 52.
185 2455 248 2492 Ad
268 2453 406 2503 pallas]
462 2451 506 2489 In
535 2451 776 2501 quibusdam,
801 2459 918 2499 parta.
947 2457 1089 2489 utrum·

43 2517 119 2556 que
139 2505 294 2543 redium.
322 2504 512 2541 Nauem.
750 2553 757 2558 .
902 2552 923 2559 ..

102 2565 160 2605 52.
187 2555 322 2592 Tardus
342 2553 435 2602 eas.]
488 2559 584 2589 Serus
611 2564 666 2589 eas
695 2551 845 2600 quidam
865 2552 944 2595 alu.
973 2557 1013 2589 ut
1030 2550 1087 2590 su·

44 2618 119 2658 pra.
149 2606 218 2645 Sed
237 2606 274 2643 in
293 2604 479 2642 Vaticano
497 2604 628 2641 codice
653 2602 765 2640 leerio
784 2601 991 2652 singularis,

98 2672 153 2710 Sic
172 2671 219 2708 ad
238 2671 339 2721 palla
358 2668 421 2705 tibi
437 2666 550 2718 sidera
564 2665 660 2716 fidus
676 2680 745 2706 eas.

47 2734 150 2784 quod
172 2742 339 2782 argutum
359 2730 451 2768 sane.
480 2730 506 2768 fi
526 2730 570 2768 de
586 2731 790 2778 Apotheofi
811 2731 991 2782 capiatur,
1013 2744 1087 2783 qua

48 2785 286 2824 credebantur
311 2782 449 2820 animas
470 2783 506 2819 in
530 2781 631 2818 Deos
657 2783 857 2822 relatorum
880 2796 1022 2822 novum
1045 2784 1088 2822 fi-

49 2835 114 2874 dus
134 2834 222 2873 fieri.
263 2834 346 2871 vide
373 2833 503 2882 Virgil.
527 2845 553 2870 x.
584 2832 723 2882 Georg.
752 2845 810 2882 32.
848 2835 896 2871 ita
926 2835 1089 2873 adulatur

49 2886 221 2924 Lucanus
243 2885 385 2922 Neroni
414 2885 474 2922 lib.
496 2896 522 2920 1.
545 2886 591 2930 46
631 2884 668 2920 ὅ(
698 2883 770 2933 seq.
794 2884 961 2923 Valerius
987 2885 1090 2923 Flac-

50 2947 112 2975 cus
132 2936 352 2984 Vespasiano
373 2935 432 2972 lib.
452 2947 479 2971 1.
498 2933 553 2975 tiss.
580 2944 637 2982 19.
666 2934 726 2971 ubi
747 2935 834 2974 vide
860 2946 955 2985 quae
982 2945 1089 2975 nota-

44 2986 142 3025 mus.
171 2988 300 3025 Statius
312 2986 537 3022 Domitiano
556 2985 617 3022 lib.
639 2996 664 3021 1.
692 2985 815 3024 Theb.
834 2987 985 3035 princip.
1013 2988 1087 3025 vid.

51 3037 90 3076 δί
109 3038 198 3076 Plin.
223 3038 344 3084 Paneg
387 3047 464 3085 cap.
485 3048 538 3072 xi.
566 3037 602 3071 ὃς
632 3047 771 3073 Lxxxrx
812 3037 849 3073 ὃ(
873 3037 1088 3076 innumeros

48 3088 149 3126 alios.
177 3086 218 3128 (ic
238 3098 277 3124 tu
297 3087 421 3125 tardus
443 3099 498 3125 eas
523 3086 570 3123 ad
582 3084 697 3135 fidet-a
712 3089 813 3136 pal‘la
834 3086 897 3124 tibi
920 3088 1088 3127 Beruens.

50 3137 185 3176 Burni.

101 3219 160 3255 59.
191 3207 386 3255 omniaque
414 3207 533 3259 baem]
590 3208 651 3246 An
675 3220 752 3246 non
773 3209 942 3255 mollius,
970 3211 1086 3248 omnia

49 3259 139 3310 'quae
157 3257 284 3294 timui?
310 3258 439 3297 Euam.

2091 1576 2205 1657 vei

1148 1710 1315 1749 videbam
1334 1713 1441 1761 prim.
1458 1713 1566 1752 Polit.
1584 1715 1690 1763 prim.
1711 1714 1834 1754 Vatic.
1855 1716 1963 1764 prim.
1983 1715 2054 1755 Pal.
2075 1717 2195 1756 &tres

1148 1762 1207 1799 alii
1228 1774 1272 1800 ex
1293 1764 1516 1802 melioribus.
1547 1765 1689 1802 Hizms.
1727 1767 1905 1813 Qoniam
1924 1769 2074 1816 meruiffe
2090 1778 2197 1816 putas

1149 1813 1190 1850 vi
1212 1813 1382 1851 Leidens.
1405 1828 1511 1864 quam
1532 1828 1585 1852 me
1605 1816 1755 1864 metuisse
1774 1817 1919 1854 videbar
1939 1818 2108 1858 Bernens.

1201 1870 1261 1902 60.
1292 1864 1456 1914 Lenior]
1488 1865 1625 1902 Mollior
1647 1867 1814 1905 Leidens.
1838 1868 1996 1906 palat&
2013 1869 2146 1907 Bersm.

1201 1915 1260 1952 62.
1289 1915 1444 1953 scindere
1460 1916 1598 1966 puppa]
1644 1916 1783 1954 Findere
1811 1919 1883 1956 sex.
1912 1920 2015 1969 quod
2036 1920 2195 1960 mollius.

1151 1966 1296 2004 Hares.
1323 1967 1398 2005 Vid
1433 1967 1592 2005 Zinzerl.
1610 1968 1762 2006 Diarrib.
1784 1972 1893 2015 prior.
1916 1982 1948 2018 p.
1975 1970 2056 2008 188.

1198 2018 1257 2065 65.
1287 2019 1467 2068 Crucium]
1500 2018 1610 2056 Vitia:
1629 2019 1799 2058 Leidens.
1823 2020 1888 2069 sub
1897 2022 2028 2070 frigore
2047 2021 2198 2068 Juniaru

1140 2067 1216 2116 sme
1229 2064 1339 2116 fidere
1358 2080 1464 2106 unus.

1200 2119 1260 2154 66.
1293 2117 1458 2168 obusta.]
1497 2119 1633 2166 Adusta
1649 2119 1796 2169 plurimi
1815 2121 1905 2160 Mss.
1923 2122 2034 2161 etiam
2057 2122 2194 2172 Bersm}

1147 2167 1261 2211 obulla
1280 2176 1362 2207 tres.
1387 2169 1536 2206 duranti
1557 2170 1636 2218 gelu
1666 2170 1846 2209 Leidens.

1198 2220 1260 2266 67.
1289 2219 1476 2270 Nesciaque
1494 2220 1537 2264 est
1563 2220 1695 2269 vocin‘l
1726 2221 1847 2268 Neshia
1868 2235 1975 2275 quam
1997 2225 2088 2262 vocis
2100 2225 2190 2277 quod

1145 2268 1273 2318 sex.e'st
1288 2271 1379 2307 vocis
1402 2283 1512 2319 quam
1532 2270 1730 2311 sexdecim.

1197 2322 1261 2360 68.
1291 2322 1388 2357 Villa
1408 2321 1544 2372 loquela
1563 2323 1640 2369 fimo
1659 2323 1740 2374 est.]
1795 2325 1914 2372 Magis
1945 2325 2188 2371 satisfaciunt3

1144 2373 1210 2420 qui
1233 2371 1358 2418 mista,
1384 2381 1446 2410 aut
1466 2372 1605 2416 mixta,
1632 2373 1760 2423 legunt
1800 2375 1849 2412 D.
1868 2376 2010 2412 Heras.
2051 2375 2189 2419 Melio—¹

1143 2432 1198 2460 res
1218 2422 1380 2472 plerique
1395 2450 1404 2466 ,
1425 2424 1563 2471 juneza.
1590 2424 1649 2461 alii
1675 2426 1844 2462 nonnulli
1866 2437 1948 2462 curn
1973 2425 2088 2473 priscis
2107 2424 2186 2463 edi-

1143 2473 1303 2511 tionibus
1325 2501 1335 2517 ,
1373 2474 1484 2515 milla.
1530 2473 1610 2510 Nos
1631 2484 1755 2512 veram
1788 2475 1988 2513 lestionem
2020 2474 2187 2517 exhibui-⁸

1146 2534 1239 2562 mus.
1267 2523 1314 2560 sic
1335 2524 1427 2561 infra
1450 2524 1550 2572 Eleg.
1574 2535 1644 2561 vir.

1197 2599 1239 2630 In
1255 2594 1370 2642 paucis
1391 2603 1516 2631 extant
1536 2597 1686 2630 Graecae
1707 2593 1845 2644 vestigia
1864 2595 2020 2644 linguae,

1248 2650 1339 2680 Haec
1359 2658 1489 2695 quoque
1501 2644 1580 2693 jam
1601 2645 1716 2681 Getico
1735 2646 1885 2683 barbara
1903 2648 2006 2693 fasta
2019 2643 2116 2695 [bno-¹
2180 2649 2186 2690 J

1142 2710 1289 2749 Hunis.
1316 2712 1471 2761 Qerela
1483 2713 1591 2750 etiam
1613 2711 1684 2751 sex.

1181 2774 1255 2824 ⁸69.
1284 2778 1489 2828 Finitima]
1544 2781 1665 2827 Qum
1697 2780 1786 2831 quod
1806 2777 1841 2826 si
1859 2779 1965 2817 nimio
1986 2779 2054 2818 Ed.
2072 2779 2183 2829 prim.¹

1138 2828 1297 2878 finitima
1317 2842 1425 2867 morte
1446 2829 1554 2868 Polit.
1578 2830 1662 2867 Vat.
1686 2833 1723 2868 δε
1744 2843 1812 2868 tres
1832 2830 1904 2868 alii.

1195 2892 1253 2925 70.
1282 2883 1413 2931 Vixque
1433 2880 1545 2917 brevis
1564 2884 1693 2930 tunm]
1724 2886 1856 2919 Tutum
1874 2880 2005 2921 retstius
2018 2881 2183 2927 PataVinr

1147 2931 1183 2968 ὅ(
1204 2932 1411 2970 Zulichem.
1432 2932 1566 2969 lib.1v.
1587 2932 1690 2979 Eleg.
1710 2944 1738 2970 1.

1145 3044 1181 3080 H
1199 2992 1330 3043 Vixque
1343 2994 1401 3042 sui
1420 3003 1538 3031 tutum
1559 2995 1731 3033 moenibus
1750 2997 1806 3046 effe
1828 2995 1901 3037 loci.

1189 3056 1288 3081 ems.

1196 3123 1255 3157 72.
1284 3112 1336 3148 Sic
1359 3113 1413 3151 hic
1435 3127 1528 3153 nunc
1554 3115 1730 3166 patirum]
1786 3118 1838 3155 Sic
1856 3117 1916 3155 hoc
1936 3117 2041 3158 Bern.
2067 3119 2121 3157 hie
2133 3115 2182 3166 fic

1141 3162 1292 3200 Putean.
1311 3178 1382 3214 ergo
1400 3164 1455 3202 hic
1479 3168 1582 3204 Leid.
1601 3168 1684 3217 lego
1699 3197 1708 3213 ‚
1728 3166 1778 3217 stc
1797 3183 1889 3207 nunc
1909 3169 1962 3207 hic
1973 3171 2074 3220 quod
2089 3168 2184 3211 moli

1140 3214 1220 3253 lius.
1248 3228 1316 3251 non
1336 3216 1436 3253 timet
1460 3218 1629 3256 Leidens.

1197 3276 1259 3314 73.
1290 3270 1383 3303 Dum
1415 3269 1566 3317 mutem]
1615 3275 1711 3306 Dum
1733 3283 1869 3310 moveor
1890 3283 1980 3310 unus
2012 3271 2182 3308 Gallicus.

104 3319 164 3357 59.
191 3309 368 3357 Qoniam
386 3309 536 3360 meruiffe
547 3309 724 3362 videbun]
754 3312 851 3362 Qia
865 3325 918 3350 me
940 3312 1093 3362 meruiffe
1145 3317 1221 3356 vid.
1240 3316 1286 3355 ad
1305 3317 1366 3354 lib.
1387 3329 1442 3354 xv.
1464 3332 1509 3357 ex
1530 3320 1639 3360 Pont.
1660 3333 1739 3359 xxv.
1761 3333 1793 3369 7.

1326 3368 1458 3419 Pppp
1483 3382 1505 3408 2
2007 3381 2061 3416 72.
2093 3377 2188 3419 Zau<
