2495 3675
466 169 1126 231 ‘TRIST‘IUM
1199 172 1389 231 Lus.

1463 172 1558 230 IV.
1633 174 1800 234 Eme.
1840 179 1897 236 11.
2144 185 2238 249 613

158 265 160 269 ’
235 287 298 341 15
373 262 529 392 Pleibs
553 265 667 337 pia,
707 282 941 348 cumque
964 267 1049 338 pia
1077 266 1338 322 laetentur
1366 264 1529 321 Plebe
1554 266 1809 394 Seffiatuae

371 356 1804 483 Νος3ἕῖἒὲὥίἒᾞὲῗῑοῗέἒωῗὲῗῃῗὲἓέὲέἳὲᾌιιυὲῗῗε·

441 483 707 555 Famaque
730 496 836 535 tam
861 483 1019 552 longe
1046 500 1155 536 non
1180 482 1271 536 nis1
1299 500 1453 554 parva
1481 485 1642 539 venit.

367 553 518 627 Ergo
541 556 712 611 omnis
734 552 932 623 poterit
956 555 1179 623 populus
1203 555 1431 626 speeiare
1459 557 1784 629 triumphos;

219 649 290 686 20

437 629 688 699 Cumque
715 625 914 679 ducum
938 627 1101 679 titulis
1126 628 1324 708 oppida
1348 643 1498 699 capta
1525 631 1688 700 leget:

371 700 669 771 Vinclaque
694 698 901 768 captivit
925 697 1105 767 Reges
1128 717 1332 752 cervice
1361 715 1606 770 gerentes

435 774 583 826 Ante
606 785 890 825 coronatos
916 769 992 823 ire
1017 768 1220 823 videbit
1244 788 1438 843 equos:

360 843 430 900 Et
459 857 642 900 cernet
669 843 841 898 vultus
866 841 973 895 aliis
999 859 1095 911 pro
1121 855 1365 913 tempore
1396 846 1568 901 versos
1586 884 1602 909 >

426 916 717 971 Terribiles
740 915 875 978 aliis,
913 913 1359 988 immemoresque
1385 917 1474 973 sui,

69 1158 72 1161 -
115 1131 264 1170 Violima
278 1159 287 1174 ‚
314 1142 401 1179 quae
422 1129 547 1166 dextra
567 1128 686 1167 cecidit
704 1127 866 1172 viaria,
895 1137 1040 1165 vocatur
1053 1143 1064 1164 :

163 1181 319 1230 Hostibus
339 1180 364 1217 ὰ
386 1180 526 1218 domitis
544 1179 649 1227 hostia
671 1192 793 1216 nomen
813 1177 927 1216 habet.

62 1246 230 1284 Cxorau.
258 1245 383 1293 Tingat
406 1255 488 1281 cum
519 1243 624 1289 prim.
645 1241 766 1278 Vatic.
789 1240 894 1277 multi
913 1239 995 1285 alii,
1016 1238 1096 1289 pul-

53 1298 120 1348 set.
145 1295 248 1346 quod
278 1296 478 1332 Gronovio
498 1291 660 1341 placebat
689 1290 778 1329 Obs.
799 1290 858 1327 lib.
878 1302 904 1327 1.
933 1301 1010 1337 cap.
1041 1301 1097 1338 13.

61 1359 151 1385 mox
165 1357 290 1396 parent
311 1358 376 1394 pro
393 1354 523 1393 parant
545 1355 628 1381 curn
654 1341 858 1389 Hamburg.
877 1342 914 1377 ὃ(
936 1352 1011 1378 uno
1027 1340 1096 1377 lta-

57 1397 143 1436 lico.
173 1399 317 1435 Herus.
344 1396 493 1444 Tinguat
519 1393 595 1430 fine
621 1392 733 1431 dubio
764 1391 892 1429 melius
920 1392 1097 1429 convenit

61 1450 112 1497 ’τῷ
124 1448 295 1498 sanguine
310 1475 320 1491 ,
344 1458 454 1495 quarn
470 1444 590 1494 pulset.
611 1444 660 1481 ita
678 1442 768 1480 Fast.
789 1454 839 1478 v1.
863 1441 920 1478 82.

110 1517 224 1549 Cacus
245 1508 468 1546 Aventinam
483 1504 650 1555 sanguine
671 1503 782 1541 tinxit
797 1501 957 1541 humum.

58 1576 102 1615 In
127 1577 228 1614 Ibide
253 1574 334 1625 368.

113 1628 180 1676 Ipse
193 1630 250 1673 suo
272 1624 392 1662 melias
405 1622 575 1672 sanguine
593 1620 700 1659 tinxit
720 1618 880 1658 humum.

55 1679 95 1717 ὃ(
114 1678 196 1715 alibi
216 1675 355 1714 millies.
383 1674 511 1712 Buam.

106 1756 142 1792 9.
170 1747 214 1778 Et
232 1741 291 1790 qus·
311 1740 472 1786 Caesareo
495 1739 640 1786 juvenes
656 1734 719 1783 sub
740 1734 876 1772 nomine
893 1733 1089 1784 gaudent.]

50 1795 134 1843 Ego
158 1793 292 1841 Cajum
319 1791 355 1827 ἃ
380 1790 537 1825 Lucium
568 1788 751 1835 Agrippae
782 1785 875 1824 filios
898 1797 942 1823 ex
970 1786 1086 1832 Julia,

50 1855 214 1893 quorum
236 1843 323 1879 alter
347 1840 422 1888 jam
447 1849 530 1876 ante
555 1837 751 1880 Massi-liae,
781 1848 864 1874 cum
893 1837 938 1874 ad
960 1835 1088 1884 Hispa-

47 1896 153 1933 nicos
176 1893 351 1931 exercitus
368 1891 456 1927 iret:
485 1890 572 1927 alter
594 1916 604 1932 ‚
643 1899 727 1925 cum
760 1898 805 1925 ex
833 1887 1009 1924 Armenia
1031 1897 1085 1924 re-

48 1952 213 1987 mearet,
241 1943 338 1980 diern
360 1940 496 1978 obierat
521 1968 530 1983 ‚
568 1939 850 1986 haudquaquam
881 1937 1085 1986 intelligen-

46 1997 117 2033 dos
141 1995 297 2032 censeo:
338 1991 397 2029 sed
428 1991 691 2028 Germanicum
726 1987 831 2026 Drufi
861 1986 974 2025 filium
999 2015 1010 2031 ,
1047 1988 1084 2025 ὃ(

45 2045 208 2084 Drusum
231 2043 397 2086 Tiberii,
426 2053 469 2078 ex
491 2041 714 2089 Agrippina,
742 2038 801 2076 seu
823 2038 992 2085 Vipsania
1007 2065 1016 2081 ,
1045 2047 1085 2076 ut

47 2095 71 2134 a
91 2096 229 2134 Tacito
249 2094 310 2131 lib.
327 2104 392 2129 111.
412 2100 565 2129 vocatur
580 2118 588 2133 ‚
616 2100 741 2127 natum
758 2116 768 2133 ‚
783 2090 843 2138 qui
867 2089 904 2126 ὃ(
928 2087 1082 2136 ipsijain

45 2146 213 2184 Caesares
231 2144 461 2182 dicebantur:
491 2141 578 2179 alter
597 2151 790 2189 germanus
813 2138 951 2176 Tiberii
971 2138 1079 2183 filius,

10 2231 14 2237 .
43 2197 131 2235 alter
156 2196 349 2243 adoptivus
367 2220 377 2235 ‚
406 2201 444 2229 ut
468 2192 567 2239 supra
588 2202 740 2238 quoque
761 2189 913 2226 dietum.
942 2190 987 2225 Et
1008 2190 1080 2227 huc

42 2247 185 2286 videtur
206 2247 315 2283 etiam
330 2243 448 2280 facere
462 2269 471 2285 ,
493 2240 596 2289 quod
614 2240 659 2277 de
672 2239 817 2277 nuribus
834 2250 922 2276 mox
947 2241 1079 2277 memi-

41 2298 118 2343 nit,
145 2307 231 2347 quas
253 2306 322 2343 ego
343 2305 418 2330 non
447 2292 589 2329 Tiberii
619 2299 680 2328 aut
703 2289 809 2327 Drusi
832 2301 963 2327 uxores
985 2291 1079 2328 acci-

40 2349 128 2398 pio,
156 2359 239 2385 cum
261 2345 403 2382 Tiberii
424 2354 518 2391 quae
540 2349 637 2386 erat,
665 2341 758 2388 Julia
776 2340 967 2383 videlicet,
1001 2342 1079 2378 Au-

39 2399 130 2448 gusti
156 2398 226 2435 filia
249 2423 258 2440 ,
282 2396 358 2443 jam
390 2394 544 2442 relegata
574 2391 681 2429 esset:
711 2391 770 2428 sed
800 2390 1012 2428 Germanici
1037 2394 1074 2429 &

38 2449 148 2488 Drusi
163 2447 317 2496 junioris
332 2472 341 2488 ‚
368 2455 525 2492 quorum
549 2443 648 2479 alteri
680 2442 878 2489 Agrippina
899 2442 1014 2487 Juliae
1035 2443 1072 2480 ὃ(

37 2501 223 2548 Agrippae
242 2495 334 2533 filia:
361 2495 461 2531 alteri
482 2493 693 2529 Germanici
722 2492 821 2528 soror
850 2492 954 2529 Livia
971 2520 981 2535 ,
1007 2504 1072 2529 nu-

39 2559 102 2599 pta
123 2555 218 2590 erat,
246 2554 285 2583 ut
305 2557 348 2582 ex
370 2543 494 2581 Taciti
511 2544 603 2580 libro
625 2543 744 2590 primo
767 2542 803 2579 8(
825 2541 1056 2580 secundoma

36 2599 208 2640 nifefium
232 2596 291 2635 est.
319 2596 500 2632 Dicuntur
519 2601 640 2630 autem
666 2603 773 2630 nurus
795 2604 870 2629 non
889 2601 1028 2629 tantum
1051 2592 1069 2630 a

37 2651 244 2699 parentibus
262 2675 271 2690 ‚
295 2645 354 2684 sed
374 2647 411 2681 ὃ(
443 2644 486 2680 ab
510 2644 597 2680 avis.
623 2643 798 2680 Micrrr.
850 2643 961 2679 Unde
985 2644 1072 2682 illud

35 2701 188 2751 gaudent
210 2697 348 2735 venerit
377 2695 413 2732 in
439 2702 543 2731 notas
569 2694 714 2743 Micylli
742 2693 884 2736 nescio,
912 2693 1009 2741 ipse,
1035 2703 1072 2732 ut

38 2762 171 2790 omnes
189 2750 278 2787 aliae
299 2746 477 2784 editiones
491 2771 501 2788 ‚
529 2744 564 2781 in
583 2744 642 2781 sua
662 2744 850 2791 expressit,
876 2748 1040 2790 crescunt.

95 2815 149 2840 12.
180 2799 316 2838 Meritis
338 2795 443 2845 dar]
497 2794 555 2832 Sic
585 2794 693 2843 paulo
721 2793 813 2832 infra
845 2795 882 2832 in
911 2795 979 2831 hac
1001 2795 1072 2843 ipsa

37 2853 300 2940 Elelffad-abitus
322 2900 441 2937 merito
462 2899 579 2935 iaurea
598 2905 681 2932 vota
707 2895 810 2941 Jovi.

39 2954 87 2993 Et
108 2955 206 3002 supra
224 2952 285 2990 lib.
304 2965 331 2988 1.
360 2951 461 2998 hleg.
478 2962 512 2987 x.

91 3024 178 3054 Haec
195 3015 228 3065 si
249 3015 447 3063 contigerint
464 3042 472 3056 ‚
501 3011 643 3050 meritae
655 3010 750 3048 cadet
768 3024 857 3059 agna
880 3009 1071 3046 Minervae.

39 3065 203 3104 Cios-AN.
234 3071 299 3102 Det
323 3066 503 3102 meliores.
531 3062 639 3100 redte.
669 3063 703 3099 ἃ
727 3062 994 3104 niox‚l.1eretur
1008 3071 1071 3107 pro

40 3115 190 3155 laetatur
207 3117 331 3154 iidem.
357 3116 566 3153 duotamen
586 3142 595 3157 ‚
622 3113 812 3150 laetantur.
840 3112 981 3154 Scribe,
1004 3110 1071 3146 lno-

39 3176 155 3204 temur
196 3167 335 3204 Hiems.
362 3165 449 3203 Vid.
472 3165 515 3202 ad
538 3178 550 3202 1
589 3167 678 3200 Met.
703 3174 785 3210 313.

98 3230 139 3265 13
181 3221 226 3253 Et
253 3218 382 3263 pariter
412 3214 579 3264 πηνα]
636 3214 739 3250 Malo
765 3241 774 3256 ,
814 3219 907 3250 Dent
934 3211 1074 3262 pariter.

41 3279 136 3317 quae
152 3268 319 3314 repetitio
342 3266 476 3303 sensum
501 3267 616 3312 erigit.
646 3265 788 3301 Heius.

96 3329 151 3363 14.
179 3316 367 3364 servam]
398 3315 546 3353 Sabe-mc
569 3315 736 3352 ssernens.

219 3372 311 3403 Tam.
342 3371 406 3403 ΙΙΙ.

2048 997 2202 1071 Quo-

1210 1138 1265 1177 ῐς.
1298 1127 1392 1165 Plebs
1412 1129 1468 1175 pia
1484 1156 1492 1172 ‚
1522 1143 1666 1180 cumque
1681 1129 1780 1181 pia.]
1812 1131 1985 1169 Notanda
2007 1132 2056 1172 est
2078 1135 2199 1175 tradw

1157 1176 1231 1216 &10
1253 1179 1373 1217 similis
1394 1180 1439 1217 illi
1465 1181 1689 1218 Catonianae
1707 1182 1744 1219 in
1762 1182 1981 1231 Epithalam.

1282 1236 1376 1266 Bona
1398 1243 1474 1266 cum
1495 1230 1582 1267 bona

1279 1281 1393 1317 Nubit
1412 1280 1496 1318 alite
1515 1283 1624 1330 virgo.

1152 1338 1262 1380 atque
1285 1331 1466 1369 familiaris
1480 1332 1528 1370 est
1547 1332 1603 1370 illa
1614 1331 1745 1380 species
1758 1336 1819 1376 τῆς
1838 1336 2063 1381 παλιλογῖεις
2081 1338 2190 1377 etiam

1151 1381 1293 1419 Plauto.
1324 1383 1469 1420 ssznsu.

1206 1432 1263 1470 18.
1291 1439 1370 1470 Non
1391 1433 1455 1481 nist
1469 1442 1582 1479 parva
1603 1434 1739 1482 venit]
1778 1435 1897 1473 Scribe
1913 1463 1922 1479 ,
1951 1438 2055 1473 tarda
2078 1438 2189 1478 venit.

1150 1493 1234 1520 nam
1262 1492 1376 1532 parva
1399 1484 1507 1532 paulo
1537 1492 1620 1522 ante
1641 1485 1883 1532 praecesserat.
1928 1487 2034 1524 Poffit
2059 1489 2187 1536 &skra

1148 1532 1245 1582 legi,
1274 1534 1357 1578 vel,
1385 1547 1479 1570 rara.
1515 1534 1571 1572 sed
1595 1536 1709 1583 prima
1733 1537 1943 1585 conjee'tura
1966 1539 2079 1586 magis
2103 1541 2187 1576 arri—

1149 1582 1223 1621 det.
1253 1585 1395 1622 ΗειΝς.
1442 1585 1494 1623 Ita
1527 1585 1622 1633 apud
1655 1586 1780 1636 virgil.
1803 1599 1853 1624 xr.
1881 1599 1965 1635 430.
1993 1601 2051 1625 nec
2079 1590 2185 1626 tarda

1139 1634 1302 1684 sequetur
1320 1635 1450 1672 Gloria.
1487 1634 1545 1673 ubi
1569 1636 1625 1673 alii
1647 1637 1755 1674 etiarn
1770 1666 1779 1682 ‚
1807 1651 1936 1686 parva.
1980 1638 2038 1675 sed
2059 1649 2185 1678 contra

1149 1685 1295 1723 codices
1308 1686 1395 1724 nihil
1415 1695 1532 1724 rnuto.
1553 1698 1637 1723 nam
1660 1687 1837 1725 minuitur
1858 1689 1954 1726 fama
1976 1689 2186 1738 longinqui-

1147 1742 1221 1773 tate
1242 1737 1424 1774 locorum.
1452 1738 1500 1774 ita
1521 1736 1580 1773 lib.
1604 1749 1667 1774 111.
1686 1750 1757 1774 xn.
1779 1750 1836 1784 44.

1192 1804 1238 1835 Et
1256 1799 1331 1850 fieri
1343 1803 1466 1848 famae
1477 1810 1626 1851 parsque
1642 1802 1835 1849 gradusque
1855 1801 1970 1849 potest.

1143 1863 1181 1900 &
1203 1863 1249 1901 fic
1280 1864 1473 1914 malignam
1505 1872 1614 1902 vocat
1646 1865 1752 1912 Fpist.
1773 1877 1851 1902 xv1.
1878 1876 1955 1911 144·
1987 1864 2024 1901 &
2054 1873 2179 1905 contra

1140 1913 1310 1962 ingentem
1331 1917 1476 1962 famam
1510 1915 1600 1953 dixit
1628 1915 1710 1952 Val.
1741 1915 1833 1952 Flac.
1866 1926 1917 1952 vi.
1939 1927 1973 1963 9.
2010 1915 2180 1955 l-''rancitis

1136 1972 1243 2013 parca
1263 1966 1420 2005 volebat.
1449 1966 1575 2005 BurtM.

1191 2027 1250 2054 20.
1276 2022 1438 2068 Cumque
1473 2017 1600 2054 ducum
1630 2015 1745 2054 titulis
1777 2016 1894 2065 oppida
1923 2025 2021 2066 capta
2050 2016 2173 2067 leget.]

1140 2066 1220 2153 Lhib.
1246 2080 1290 2105 11.
1328 2067 1373 2105 de
1400 2068 1521 2106 Ponto
1551 2067 1678 2116 Elegia
1705 2080 1732 2106 1.
1770 2066 1816 2105 de
1839 2067 1913 2105 hoc
1941 2067 2017 2117 ipso
2044 2069 2173 2107 trium-

1137 2127 1160 2164 p
1190 2128 1236 2154 o:

1186 2168 1348 2205 Protinus
1369 2178 1507 2218 argento
1524 2183 1620 2205 veros
1637 2168 1820 2206 imitantia
1837 2181 1953 2205 muros

1235 2218 1394 2256 Barbara
1413 2233 1489 2256 cum
1511 2220 1614 2255 vic‘lis
1634 2219 1751 2269 oppida
1771 2219 1846 2256 lata
1865 2219 1966 2257 viris.

1133 2266 1340 2318 Propertius
1359 2270 1420 2308 lib.
1440 2271 1476 2308 ὅ(
1502 2270 1626 2318 Elegia
1647 2282 1708 2308 111.

1309 2344 1351 2373 <5⁵
1373 2332 1487 2369 titulis
1509 2332 1625 2382 oppida
1644 2341 1743 2382 capta
1766 2332 1891 2381 legam,

1133 2398 1303 2437 Crot-AN,
1328 2399 1457 2448 Oppida
1467 2398 1594 2448 [cripta
1615 2398 1700 2436 Mss.
1716 2397 1981 2445 Zinzerling.in
2000 2395 2163 2434 Diatribe

1128 2450 1249 2497 priore
1271 2461 1350 2498 pag.
1375 2462 1453 2497 ¹90·
1480 2448 1617 2485 maenia
1639 2457 1736 2497 capta
1756 2447 2059 2495 Excerpt.Voffii.

1182 2512 1200 2536 2
1212 2513 1239 2536 r.
1270 2500 1450 2550 Vinclaque
1462 2499 1600 2545 captiva
1619 2512 1705 2547 reges
1729 2498 1855 2534 cervice
1866 2495 2043 2545 gerentes]
2057 2498 2164 2545 Quos

1131 2548 1150 2585 ὲ
1171 2551 1365 2588 Germanis
1384 2561 1484 2598 reges
1501 2548 1520 2585 a
1539 2550 1656 2586 Druso
1679 2558 1801 2596 captos
1817 2575 1826 2589 ‚
1855 2557 1962 2596 atque
1985 2547 2021 2583 in
2035 2548 2166 2584 triurn-

1129 2601 1241 2647 pliutn
1263 2601 1378 2638 ductos
1398 2600 1513 2638 dicit?
1542 2599 1660 2637 nullos
1679 2599 1797 2646 plane.
1824 2597 1949 2648 Itaque
1976 2597 2160 2635 Ovidium

1128 2651 1172 2687 de
1192 2651 1266 2688 aliis
1287 2652 1498 2699 triumphis,
1527 2652 1561 2687 111
1583 2649 1711 2698 quibus
1743 2660 1842 2696 reges
1857 2676 1866 2692 ,
1895 2660 1978 2686 curn
1997 2647 2068 2696 ipse
2082 2648 2161 2685 Ro-

1128 2712 1208 2738 mae
1223 2701 1307 2738 effer
1321 2730 1331 2745 ,
1345 2701 1442 2739 ducti
1456 2710 1555 2738 crant
1568 2728 1578 2744 ‚
1606 2711 1764 2749 quorum
1784 2700 1880 2736 hunc
1892 2697 2046 2740 similem
2061 2708 2160 2735 nunc

1126 2750 1310 2795 describit,
1338 2753 1440 2801 loqui
1459 2752 1639 2789 exillimO.
1668 2751 1724 2787 Sic
1745 2751 1842 2786 enirn
1861 2747 1966 2786 Drusi
1988 2749 2160 2786 virtutem

1129 2804 1238 2851 magis
1262 2802 1414 2840 extollit.
1443 2803 1640 2839 Germania
1659 2811 1780 2838 autem
1794 2829 1803 2844 ‚
1832 2808 1870 2836 ut
1883 2812 1926 2837 ex
1948 2798 2057 2836 Floro
2071 2811 2162 2836 con-

1129 2852 1191 2890 stat
1207 2879 1216 2895 ,
1244 2854 1354 2901 inagis
1378 2855 1528 2901 turpiter
1549 2849 1670 2889 amula
1688 2880 1696 2895 ,
1724 2863 1835 2899 quam
1855 2849 2010 2899 gloriose
2035 2851 2161 2896 acqui·

1130 2901 1191 2940 fita
1225 2904 1284 2940 est.
1348 2903 1463 2951 Quod
1500 2902 1635 2940 bellum
1671 2913 1769 2939 anno
1809 2901 1852 2938 ab
1890 2901 1975 2938 urbe
2014 2900 2163 2937 condita

1131 2965 1318 2991 Dccxriv.
1361 2953 1497 3001 gestum
1531 2950 1600 2990 effe
1630 2952 1688 2989 alii
1715 2960 1857 2990 notant.
1883 2950 1977 2988 male
1998 2958 2036 2987 ut
2061 2959 2162 2997 pito.

1129 3016 1255 3041 verum
1292 3003 1354 3049 ipsi
1375 3004 1541 3040 viderint.
1579 3004 1703 3050 Atque
1727 3014 1832 3046 eain,
1859 3012 1968 3050 quam
1991 3000 2163 3049 exposui,

1130 3066 1251 3090 veram
1275 3053 1342 3091 effe
1354 3055 1459 3102 hujus
1481 3053 1647 3090 carminis
1667 3052 1879 3090 sententiam
1893 3052 2000 3091 docet
2014 3053 2072 3089 liic
2086 3051 2167 3088 No-

1130 3104 1194 3141 ster
1215 3104 1306 3141 libro
1336 3104 1494 3142 secundo
1515 3104 1559 3141 de
1582 3104 1702 3140 Ponto
1724 3104 1847 3152 Elegia
1867 3104 2024 3152 superius
2047 3104 2165 3140 citata.

1131 3156 1188 3192 ubi
1212 3156 1258 3191 ita
1283 3154 1350 3192 est:

1184 3209 1309 3254 Totque
1332 3205 1439 3255 tulisse
1462 3205 1558 3241 duces
1580 3205 1732 3254 captivos
1752 3204 1876 3242 addita
1891 3204 1984 3240 collis

1241 3256 1381 3292 Vincufa
1400 3286 1406 3298 .
1427 3266 1531 3304 paene
1554 3256 1653 3304 hostes
1679 3268 1758 3305 quot
1775 3257 1863 3304 sati)r
1882 3253 2036 3300 esesnsit.
2071 3302 2074 3305 .
2096 3301 2100 3305 ᾗ

1132 3306 1207 3345 Vel
1233 3306 1349 3394 pusulit
1382 3320 1466 3356 reges
1494 3319 1560 3357 pto
1583 3308 1734 3346 ducibus
1755 3335 1767 3354 ,
1805 3317 1842 3344 ut
1863 3317 1957 3354 apuu
1977 3301 2168 3386 Manilitlitln

1341 3369 1395 3394 111
2128 3364 2175 3387 11.
