2495 3675
418 128 979 193 EPISTOLARUM
1016 130 1123 188 EX
1163 131 1446 190 PONTO.
1485 135 1605 191 Lm.
1641 139 1700 194 ΙΙ.
1736 140 1915 198 Emsr.
1939 144 2034 203 IX.

450 229 608 286 Haec
633 249 851 306 quoque
873 250 956 288 res
983 232 1180 306 aliquid
1207 245 1390 287 tecum
1412 232 1543 287 mihi
1566 233 1798 292 foederis
1819 240 2017 298 adfert:

524 303 780 375 Ejusdem
807 306 935 360 sacri
961 306 1135 360 cultor
1160 319 1387 377 uterque
1415 305 1607 363 sumuS.

300 378 332 426 6
338 391 367 442 ς
442 376 535 431 Ad
561 392 737 432 vatem
760 392 903 432 vates
928 378 1130 432 orantia
1156 377 1366 432 brachia
1391 378 1588 442 tend0,

516 448 693 504 Terra
717 449 776 504 s1t
801 449 988 505 exsiliis
1012 463 1072 503 ut
1098 463 1186 503 tua
1211 450 1315 503 fida
1340 451 1488 505 meis,

438 520 568 577 Non
591 539 696 593 ego
717 522 880 576 caede
905 539 1104 575 nocens
1130 522 1183 575 in
1220 521 1443 576 Pontica
1469 524 1621 579 litora
1650 528 1769 582 veni
1790 551 1804 589 ;

518 595 761 649 Mixtave
789 595 906 648 sunt
935 594 1110 648 nostrii
1134 594 1246 647 dira
1273 611 1476 648 venena
1504 613 1690 653 manu:

445 665 563 720 Nec
588 684 704 721 mea
728 665 953 731 subieci-21
978 666 1218 720 convifia
1242 667 1317 720 est
1338 683 1553 737 gemma
1579 671 1768 727 tabella

515 737 845 794 Mendacem
868 739 982 793 linis
1010 737 1306 808 imposuisse
1332 752 1531 795 notam.

438 811 557 866 Nec
585 811 877 884 quidquam
897 850 912 874 ,
954 811 1102 881 quod
1127 811 1246 880 lege
1272 824 1423 865 veter
1446 816 1818 883 committere,
1852 820 1970 876 feci.

513 883 584 937 Et
612 898 784 936 tamen
811 883 1124 954 hisgravior
1144 901 1285 937 noxa
1312 882 1524 938 fatenda
1548 887 1676 941 mihi
1704 889 1787 944 est.

436 956 588 1011 Neve
613 971 769 1026 roges
798 955 928 1025 quid
954 954 1044 1016 sit3
1085 955 1290 1010 stultam
1319 957 1717 1029 conscripsimus
1743 965 1951 1020 Artem.

512 1027 768 1081 innocuas
793 1026 947 1082 nobis
973 1027 1104 1082 haec
1129 1042 1271 1082 vetat
1296 1028 1398 1082 esse
1425 1046 1627 1085 manus,

292 1119 357 1170 75
435 1099 650 1169 Ecquid
675 1114 946 1171 praeterea
966 1101 1263 1172 peccarim,
1302 1118 1558 1172 quaerere
1579 1106 1715 1160 noli:

507 1172 583 1228 Ut
610 1173 765 1228 lateat
789 1172 893 1228 sola
919 1174 1071 1246 culpa
1097 1173 1188 1228 sub
1216 1174 1352 1228 Arte
1379 1191 1508 1231 mea.

2185 167 2287 220 797

299 757 365 805 70

2101 1309 2278 1383 Quid-

146 1438 300 1478 numeris
320 1449 525 1487 magnorum
545 1434 717 1474 horrenda
738 1436 906 1475 laborum.
933 1447 1028 1487 quae
1050 1435 1098 1476 ibi
1117 1449 1183 1477 ve·
1238 1438 1346 1476 verba
1369 1438 1469 1478 sunt:
1499 1441 1646 1492 Lignum
1664 1442 1804 1481 tabulas
1834 1444 1980 1482 dicimus
1994 1474 2004 1491 ,
2031 1454 2070 1486 ut
2093 1447 2275 1500 satyricus

144 1501 183 1529 ra
204 1490 254 1529 est
273 1489 456 1538 scriptura.
469 1498 529 1538 per
548 1500 706 1525 numeros
729 1488 824 1525 Met.
847 1501 869 1525 ι.

194 1558 326 1602 Perque
342 1551 419 1600 suos
435 1551 531 1589 intus
550 1563 706 1589 numeros
725 1550 936 1601 componitur
945 1549 1077 1599 infans.

139 1614 190 1652 ita
213 1615 313 1651 enim
332 1612 574 1651 scribendum.
593 1614 630 1651 in
653 1612 764 1652 Trist.

498 1687 575 1712 cum
605 1688 642 1712 ue

193 1732 261 1764 Per
280 1736 436 1762 numeros
457 1738 571 1764 omnes
579 1689 653 1763 qhoc
672 1735 790 1763 tueare
810 1735 924 1777 caput.

138 1792 178 1831 in
201 1787 294 1826 Arte
312 1787 525 1828 Amatoria:

191 1863 257 1896 Per
277 1869 432 1895 numeros
452 1856 603 1896 veniunt
621 1857 684 1906 ista
704 1857 902 1909 gradusque
915 1859 1005 1908 ficosa

188 1987 257 2021 Per
274 1997 431 2024 numeros
444 1987 539 2034 fiant
559 1987 623 2035 csta
637 1988 835 2037 gradusque
845 1989 939 2036 suos.

137 2053 295 2084 numeros
307 2047 441 2096 sceleris
463 2048 555 2087 dixit
573 2050 610 2086 in
632 2049 733 2087 Ibide
753 2048 808 2092 >bs-
835 2048 920 2089 186.

185 2115 230 2146 Ut
250 2122 393 2150 careant
412 2113 563 2151 numeris
583 2123 735 2164 tempora
752 2113 870 2161 prima
884 2113 970 2162 suis.

134 2172 248 2213 Trist.
267 2189 295 2214 1.
314 2178 496 2227 Eleg.v11.
514 2179 569 2221 sss.
580 2176 643 2227 48.
673 2180 819 2216 Hnms.
846 2179 944 2216 Vide
964 2191 1010 2216 an
1032 2178 1171 2227 placeat

132 2227 249 2274 magis
262 2232 391 2275 ‚Aque
407 2229 476 2275 suis
496 2229 648 2265 humeris
661 2231 756 2275 fhrte
767 2229 901 2277 quievit
911 2238 1000 2278 opus.
1026 2230 1166 2267 scutum

130 2273 267 2314 scilicet
281 2304 292 2322 ,
317 2278 378 2316 seu
399 2279 562 2327 pharetra
581 2278 742 2327 deposita
757 2279 805 2315 est
825 2279 868 2315 ab
880 2280 1040 2317 humeris
1053 2307 1062 2323 ,
1075 2291 1169 2327 quos

131 2325 242 2363 unice
267 2327 385 2368 decet.
413 2329 588 2366 Aueroa
614 2329 764 2366 Ειεετ.
792 2329 920 2366 ΕτοΝ.
955 2330 1013 2367 sed
1045 2330 1163 2367 osten·

129 2373 294 2414 dendum
317 2402 328 2421 ,
363 2379 523 2426 quiescere
551 2378 596 2414 ab
622 2379 775 2416 humeris
798 2381 982 2427 eleganter
1005 2381 1088 2418 dici.
1126 2381 1164 2417 in

131 2423 416 2473 humerisfertur
443 2442 528 2465 onus
558 2429 650 2466 dixit
671 2442 718 2466 11.
739 2429 847 2467 Trist.
867 2442 952 2467 222.
978 2442 1048 2468 nec
1070 2433 1164 2477 forte

127 2487 214 2513 onus
233 2489 351 2526 aeque
380 2478 474 2516 bene
496 2478 648 2523 dicitur,
675 2487 784 2527 atque
813 2488 902 2528 opus.
928 2481 1017 2518 nihil
1037 2490 1161 2518 tamen

125 2527 262 2614 ffelius
281 2529 318 2566 in
348 2536 514 2567 mentem
541 2530 642 2567 venit
669 2528 868 2568 Heinfiana
891 2531 1165 2570 emendatione.

161 2589 260 2616 unm.

180 2628 244 2668 61.
272 2629 393 2679 orias]
424 2629 746 2680 TemporaThuan.

180 2678 243 2726 64.
270 2680 434 2730 Ejusdem
453 2680 581 2730 sacri.]
610 2682 725 2719 studii
746 2681 820 2721 duo
842 2682 932 2721 libri.

180 2745 242 2785 66.
268 2746 396 2796 Fida]
439 2752 530 2784 Tuta
555 2758 648 2785 unus
676 2746 808 2786 codex.
832 2747 976 2786 auxiliis
1004 2748 1091 2788 editi
1122 2749 1162 2787 &

127 2795 247 2843 scripti
265 2799 430 2845 quidam.
961 2797 972 2804 “

178 2848 239 2892 67.
269 2853 311 2883 In
342 2848 446 2885 Ponti
475 2847 594 2885 littora
629 2846 748 2897 φακὴ]

126 2907 233 2935 unus.
252 2896 358 2935 Voss.
376 2900 413 2936 ὃ(
425 2910 517 2937 unus
535 2899 658 2936 Vatic.
680 2900 786 2936 bene.
806 2899 854 2936 fic
876 2901 1019 2936 Pontica
1037 2901 1136 2937 tellus
1150 2929 1160 2944 ‚

125 2945 189 2985 lib.
209 2959 271 2985 111.
301 2948 400 2998 Eleg.
420 2961 448 2986 1.
476 2949 618 2985 Pontica
643 2960 734 2986 terra
755 2950 816 2987 lib.
835 2961 880 2986 11.
908 2950 1010 2999 Eleg.
1031 2963 1100 2988 vn.
1122 2953 1160 2988 δε

124 2995 187 3035 lib.
207 3010 263 3036 ιν.
290 2999 393 3048 Eleg.
413 3012 465 3037 xx.
504 2998 665 3036 Ponticus
693 2998 770 3044 Ister
799 2999 858 3037 lib.
889 3012 951 3037 111.
989 3001 1090 3048 Eleg.
1118 3014 1162 3039 11.

805 2855 847 2885 In
877 2848 1020 2886 Pontica
1050 2849 1159 2888 Polit.

126 3046 182 3089 Jl's-
201 3059 266 3097 44.
293 3059 333 3087 ut
364 3047 438 3088 11116
462 3050 596 3098 opinor
626 3048 884 3098 castigandum.
918 3050 1003 3089 vide
1032 3053 1164 3090 Notas.

125 3095 343 3195 HE613.S·Nec
376 3163 451 3187 mea
475 3149 603 3197 fallaci
635 3153 792 3190 convicia
819 3151 863 3197 est
888 3164 1027 3198 gemma
1049 3151 1160 3201 sigillo

127 3197 315 3235 Mendaces
333 3201 412 3237 ceris
440 3200 624 3250 imposuiffe
645 3203 780 3252 notas]
827 3202 999 3249 Cujacius
1021 3203 1081 3239 lib.
1104 3215 1158 3240 xx.

130 3247 522 3337 Observa-Toctzp'lim
549 3251 651 3301 lignis
672 3280 683 3299 ‚
718 3265 794 3292 non
827 3252 907 3290 ceris
936 3252 1034 3302 legit.
1072 3253 1158 3302 Ejus

1236 1501 1326 1528 xm.
1349 1491 1388 1527 δ(
1407 1503 1486 1529 xvx.

1290 1547 1388 1577 Vana
1406 1544 1609 1591 supervacui
1628 1545 1740 1583 dicens
1757 1545 1979 1595 chirographa
1995 1547 2094 1596 ligni.

1236 1591 1284 1629 Et
1304 1592 1417 1630 Ovid.
1440 1606 1484 1631 11.
1510 1594 1555 1631 de
1576 1595 1718 1634 Ponto:

1284 1648 1356 1679 Nec
1375 1656 1452 1679 mea
1463 1644 1591 1691 fallaci
1610 1648 1767 1684 convicta
1786 1647 1829 1694 est
1845 1661 1983 1696 gemma
1986 1648 2098 1700 sigillo

1339 1695 1523 1731 Mendaces
1543 1695 1644 1744 lignis
1663 1698 1844 1748 imposuiffe
1857 1707 1968 1738 notas.

1235 1754 1339 1811 Igibri
1367 1758 1486 1796 excusi
1518 1760 1652 1797 habent
1675 1787 1685 1802 ‚
1720 1761 1800 1797 ceris
1825 1788 1835 1804 ‚
1870 1772 1939 1808 pro
1967 1761 2066 1810 lignis
2087 1779 2097 1799 .·
2125 1763 2271 1814 scripti}

1235 1805 1362 1853 linguis
1385 1835 1394 1850 ‚
1423 1809 1520 1846 unde
1541 1810 1612 1846 feci
1632 1809 1754 1857 tignis,
1775 1810 1959 1858 perspicua
1988 1814 2265 1853 emendatione.

1236 1855 1405 1895 ClOFAN.
1444 1859 1541 1895 Linis
1561 1860 1744 1908 imposuiffe
1763 1860 1988 1899 scribendum
2022 1875 2104 1901 cum
2127 1865 2269 1904 Sarrav.

1234 1905 1406 1956 Scaligeri
1434 1909 1589 1953 codice,
1621 1911 1771 1958 Argent.
1801 1912 1837 1947 &
1858 1923 1933 1949 uno
1957 1913 2155 1953 Vaticano.
2184 1918 2267 1954 vin-

1233 1957 1418 1996 eulalinea
1431 1960 1623 2007 intelligit,
1646 1972 1740 2008 quae
1759 1960 1946 1999 tabellis&
1966 1964 2268 2004 testamentisob-

1229 2005 1409 2054 fignandis
1426 2009 1597 2047 adhiberi
1624 2011 1736 2048 solita.
1770 2011 1834 2048 lini
1872 2013 1972 2049 enim
2003 2014 2082 2052 usus
2110 2015 2204 2054 hanc
2223 2018 2263 2056 in

1226 2067 1305 2095 rem
1339 2059 1529 2098 adhibitus.
1557 2060 1603 2097 de
1635 2072 1706 2109 qua
1735 2062 1830 2098 inter
1857 2062 1945 2099 alios
1972 2063 2162 2103 Salmasius
2180 2079 2261 2115 cap.

1226 2118 1277 2144 xr.
1304 2108 1349 2145 de
1371 2109 1489 2147 modo
1510 2109 1708 2148 usurarum.
1726 2111 1871 2148 vincula
1892 2112 2062 2161 epistolae,
2091 2115 2125 2152 id
2145 2117 2260 2154 linum

1226 2158 1360 2197 Noster
1389 2172 1469 2198 non
1500 2173 1576 2198 uno
1605 2161 1758 2210 appe'ilat
1780 2161 1878 2200 loco.
1922 2164 2028 2201 multi
2067 2175 2260 2214 veterum,

1223 2207 1337 2256 lignis.
1363 2211 1465 2258 quod
1486 2211 1641 2260 Cujacio
1658 2211 1851 2250 Observat.
1872 2213 1932 2250 lib.
1950 2227 2000 2250 xi.
2024 2226 2101 2263 cap.
2117 2229 2169 2262 14.
2185 2218 2260 2266 pla·

1223 2258 1339 2297 cebat.
1366 2261 1446 2305 alii,
1465 2260 1594 2309 fignis:
1626 2261 1958 2301 ssarberin.tabulis.
1985 2264 2094 2310 alius,
2118 2267 2260 2306 chartis.

1222 2309 1316 2356 apud
1336 2311 1553 2357 juvenalem
1576 2323 1729 2361 quoque
1750 2312 1798 2350 fic
1827 2314 2073 2363 castigandum
2102 2317 2152 2355 bis
2174 2319 2257 2366 opi·

1218 2371 1298 2396 nor.
1318 2371 1356 2399 ut
1376 2362 1501 2411 Satyra
1525 2375 1613 2400 11111.
1638 2363 1725 2409 136.

1268 2430 1304 2466 Si
1321 2430 1424 2467 decies
1443 2428 1533 2465 leolis
1552 2428 1689 2475 diversa
1709 2428 1747 2465 in
1762 2437 1862 2476 parte
1882 2429 2033 2472 tabellis,

1271 2485 1370 2517 Vana
1383 2480 1591 2528 supervacui
1609 2479 1730 2516 dicunt
1750 2478 1972 2529 chirographa
1991 2479 2067 2516 lini.

1220 2541 1269 2581 Et
1291 2544 1427 2593 Satyra.
1451 2556 1528 2582 xvx.
1547 2555 1609 2594 40.

1271 2595 1414 2632 Debitor
1432 2606 1495 2631 aut
1505 2597 1636 2643 sumtos
1654 2608 1722 2632 non
1736 2595 1843 2643 pergit
1864 2595 2002 2632 reddere
2015 2608 2199 2641 nummos,

1272 2650 1370 2682 Vana
1384 2645 1591 2694 supervacui
1610 2646 1723 2682 dicens
1746 2645 1967 2694 chirographa
1987 2645 2063 2684 lini.

1215 2695 1283 2734 nisi
1304 2697 1385 2745 quis
1399 2695 1487 2744 signi
1510 2697 1619 2734 malit.
1642 2705 1799 2745 utroque
1819 2697 1906 2733 loco
1927 2696 2012 2744 ligni
2039 2695 2252 2734 circumfer-

1214 2756 1285 2785 tur.
1319 2746 1366 2784 fic
1400 2748 1437 2784 &
1467 2747 1600 2784 Cicero
1629 2746 1888 2796 chirographum
1917 2747 1955 2784 δί
1987 2745 2128 2796 signum
2160 2757 2251 2784 con-

1210 2798 1335 2847 junxit
1357 2797 1448 2835 libro
1471 2810 1515 2834 11.
1536 2797 1643 2846 Epist.
1665 2810 1724 2834 xx.
1754 2798 1797 2834 ad
1825 2797 2014 2834 Atticum:
2044 2811 2149 2853 neque
2168 2806 2248 2833 utor

1217 2861 1288 2884 meo
1315 2847 1555 2896 chirographo,
1577 2861 1683 2897 neque
1694 2845 1803 2895 signo.
1833 2855 2014 2895 praeterea
2037 2849 2146 2895 priori
2169 2859 2252 2884 ver·

1216 2898 1252 2935 su
1268 2926 1277 2940 ‚
1297 2898 1424 2945 fallaci
1455 2898 1622 2934 conviffla'
1639 2899 1680 2944 est
1707 2910 1845 2945 gemma
1865 2895 1971 2945 sigillo
1992 2896 2162 2947 Scaligeri
2183 2909 2250 2935 co-

1217 2948 1300 2985 dex*
1330 2948 1432 2997 quod
1454 2949 1491 2984 δε
1516 2948 1686 2995 Cujacius
1711 2949 1745 2984 in
1766 2948 1834 2986 suis
1856 2948 2043 2985 videbatur
2064 2946 2254 2986 invenisse·

1219 2999 1365 3035 Hrms.
1393 2999 1481 3037 Vid.
1495 2997 1621 3036 Briosii
1640 2998 1747 3047 Epist.
1760 3009 1840 3047 pag.
1864 3000 1949 3045 107'.
1970 2997 2137 3049 supposita
2150 3009 2254 3036 unus.

1212 3049 1278 3097 sub
1300 3051 1388 3085 ιεέῖα
1409 3050 1533 3086 561ν11.

1271 3111 1328 3141 71.
1355 3099 1537 3148 Qodlege
1554 3098 1682 3148 veron]
1707 3105 1803 3136 Veter
1815 3110 1858 3137 ex
1879 3100 2100 3138 melioribus.
2115 3100 2253 3136 HEINS.

1268 3160 1327 3196 72.
1355 3151 1410 3187 Est
1439 3161 1557 3187 tamen
1590 3151 1641 3186 his
1667 3151 1810 3198 gravior
1839 3163 1931 3186 noxa
1957 3151 2103 3196 fatenda
2126 3145 2253 3194 mileu]

1217 3205 1262 3238 Et
1276 3213 1394 3237 tamen
1414 3202 1466 3237 his
1482 3202 1629 3248 gravior
1650 3213 1739 3238 noxa
1761 3200 1907 3243 falenda
1927 3202 2015 3239 mihi
2034 3200 2074 3246 est
2087 3227 2097 3243 ,
2126 3196 2256 3235 16611115

1216 3260 1285 3290 tres
1307 3259 1458 3290 veteres.
1491 3252 1633 3289 Herus.

1396 3301 1503 3339 11111·
2097 3302 2262 3344 73-N1·
