2495 3675
197 246 271 301 44

674 219 752 277 P.
828 206 1236 272 OVIDII
1298 198 1848 259 'NA‘S'DNIS

503 335 731 393 Intafiae
757 330 972 389 fueratis
999 340 1120 379 aves
1137 365 1150 382 ‚
1190 317 1562 383 solatiaruris3

580 410 880 465 Adsuetum
906 400 1067 462 filvis,
1105 395 1507 463 innocuumque
1534 406 1736 461 genus;

509 484 664 556 Quae
690 479 858 534 facitis
881 472 1063 530 nidos,
1103 483 1239 538 quae
1275 464 1468 534 plumis
1495 479 1597 516 ova
1617 460 1839 523 fovetis,

582 555 654 609 Et
683 551 819 606 facili
849 546 1029 600 dulces
1058 539 1215 594 editis
1244 554 1338 590 ore
1366 535 1575 589 modos.

371 648 472 701 445

512 627 617 683 Sed
643 624 769 679 nihil
795 621 882 673 ista
903 617 1113 687 juvant:
1157 609 1280 682 quia
1308 609 1518 680 linguae
1543 608 1746 662 crimen
1771 605 1999 670 habeti3‚

589 699 768 767 Dique
795 702 982 764 putant
1011 698 1339 742 mentesvos
1365 680 1568 752 aperire
1594 680 1722 735 suas.

506 774 622 828 Nec
650 782 825 821 tamen
851 763 907 818 id
938 761 1138 815 falsum.
1178 771 1328 818 nam,
1368 755 1464 807 Dis
1491 766 1548 807 ut
1571 753 1814 824 proxima
1841 769 2106 826 quaeque,

585 842 742 896 Nunc
768 838 942 910 penna
966 849 1143 894 veras,
1178 844 1320 883 nunc
1344 825 1479 880 datis
1511 843 1604 879 ore
1630 836 1797 879 notas.

513 915 661 970 Tuta
690 911 782 965 diu
809 909 1090 962 volucrum
1113 901 1318 976 proles,
1356 912 1470 954 tum
1497 897 1731 971 denique
1757 896 1904 952 caesa
1929 897 2030 952 est:

374 1010 477 1062 450

584 987 955 1058 juveruntque
980 979 1128 1032 Deos
1155 973 1346 1029 indicis
1372 984 1493 1026 exta
1518 971 1612 1025 sui.

514 1059 663 1131 Ergo
690 1057 839 1128 saepe
863 1056 956 1108 suo
982 1049 1180 1119 conjux
1202 1044 1426 1100 abdueta
1451 1045 1645 1097 marito

586 1131 776 1187 Uritur
800 1129 855 1183 in
879 1123 1063 1181 calidis
1099 1122 1211 1177 alba
1235 1116 1481 1174 columba
1504 1115 1658 1172 focis„

221 1347 480 1402 'Priapejorum
500 1348 672 1396 scripton
700 1348 738 1384 in
769 1342 947 1382 Strabone
975 1339 1069 1379 libro
1091 1338 1205 1388 vm.)
1235 1339 1273 1376 δε

229 1404 298 1443 'alia
315 1432 325 1448 ‚
353 1403 372 1440 {1
391 1402 481 1439 locis
505 1401 563 1437 ubi
586 1398 712 1435 cultus.
742 1397 919 1434 Netum.

281 1466 365 1500 440.
395 1452 539 1490 Victima
557 1448 700 1498 grata.]
731 1453 833 1483 Sacra
858 1446 1008 1482 Putean.
1030 1443 1068 1479 δῖ
1087 1440 1275 1478 Petavian.

230 1503 498 1552 Hellespontiaco
518 1516 558 1538 v.
574 1513 606 1548 g.
629 1498 722 1535 mari
759 1508 851 1534 unus
882 1494 1072 1531 Medicecs
1094 1519 1104 1535 ‚
1141 1500 1180 1529 ut
1201 1503 1278 1527 mas

200 1590 210 1594 ,
230 1557 374 1593 dicatur
394 1554 540 1600 Priapus
561 1563 580 1587 a
612 1558 710 1598 parte
735 1547 827 1585 xirili
843 1574 853 1591 ,
882 1557 952 1595 qua
972 1544 1166 1593 praecipue
1187 1553 1278 1579 con-

233 1606 390 1655 spicitur.
411 1603 542 1640 Eoum.

281 1668 366 1702 442.
394 1653 594 1700 Adsuetum
608 1648 743 1700 filvi5.]
772 1644 957 1696 Affiduum
969 1644 1095 1682 tertius
1108 1642 1278 1686 Moreti,

235 1707 433 1755 eleganter.
461 1703 590 1740 eadem
616 1702 769 1737 varietas
791 1700 837 1735 est
857 1699 895 1733 in
910 1696 969 1732 lib.
984 1708 1009 1731 1.
1031 1693 1208 1731 Trist.1v.
1223 1705 1279 1739 74.

233 1760 397 1805 Aſjuetus
425 1753 545 1800 studiis
575 1750 734 1789 mollibus
766 1749 829 1796 ipfh
849 1747 917 1790 sui.
939 1748 976 1782 &
997 1745 1064 1793 Ep.
1087 1756 1202 1781 xvxix.
1221 1755 1281 1780 22.

236 1809 274 1845 &
305 1818 396 1844 xiix.
424 1805 519 1842 Met.
546 1815 628 1852 792.
674 1801 721 1838 s1c
749 1798 900 1845 affiliatus
929 1795 1019 1832 ludis
1059 1795 1187 1832 Claud.
1221 1807 1282 1832 111.

235 1858 392 1905 Eutrop.
413 1868 495 1899 410.
523 1853 568 1891 de
600 1863 693 1890 voce
713 1848 861 1897 affiduus
883 1847 1025 1895 egregia
1054 1845 1164 1884 habet
1185 1846 1282 1883 Gro-

243 1919 335 1947 nov.
359 1907 403 1944 de
415 1907 551 1944 Pecun.
566 1903 694 1940 Veter.
714 1913 766 1938 iv.
786 1912 821 1948 9.
848 1898 980 1935 Eum.

290 1969 373 2006 443.
398 1962 444 1993 Et
476 1954 603 2006 plumis
631 1965 698 1990 ova
721 1949 891 1999 fovetis.]
935 1950 1038 1997 Qae
1064 1946 1194 1996 plumis
1213 1953 1283 1986 tres

238 2009 319 2049 libri
340 2009 485 2046 Hnms.

288 2072 370 2106 444.
399 2056 600 2106 litfacili.]
631 2057 732 2105 Quae
746 2051 849 2101 facili
867 2062 960 2090 unus
979 2049 1109 2089 codex,
1128 2049 1202 2088 vid.
1214 2049 1285 2098 Ep.

237 2123 330 2150 vni.
355 2110 436 2148 118.

236 2156 240 2158 ,
262 2173 373 2251 1444.
398 2159 524 2197 Dulces
543 2156 684 2209 simam]
732 2154 853 2192 Medos
881 2153 1078 2192 Patavinus
1109 2152 1147 2190 &
1179 2150 1286 2189 multi

241 2224 259 2251 a
278 2225 314 2251 ιι.

294 2275 376 2310 447.
405 2268 449 2299 Ut
466 2260 626 2311 proxima
653 2255 845 2307 quaeque]
873 2255 930 2292 Ex
953 2253 1070 2291 veteri
1097 2253 1216 2302 legas,
1244 2261 1285 2289 ut

238 2315 401 2365 proxima
437 2325 588 2362 quaeque
623 2309 676 2357 est.
722 2309 872 2345 Clarius.
909 2305 1084 2343 Neapon.
1136 2303 1285 2340 Rec‘tius

242 2366 416 2403 meliores
448 2364 490 2400 τὸ
524 2363 565 2407 efl
603 2360 792 2398 omittunt.
828 2358 865 2394 id
881 2355 1017 2403 falsum
1051 2353 1172 2391 Ursini
1197 2354 1287 2390 liber

244 2417 284 2453 δε
305 2416 362 2453 alii
381 2413 560 2453 nonnulli.
585 2411 683 2456 duo,
706 2410 743 2447 id
756 2408 860 2458 falso.
883 2406 1042 2455 vulgati,
1070 2404 1289 2452 hocfalsum.

242 2467 392 2505 Hem-s.

294 2517 378 2562 448.
408 2521 513 2552 Nunc
527 2522 640 2562 penna
671 2509 817 2560 veum]
848 2509 890 2546 ln
913 2507 1124 2550 nonnullis,
1148 2504 1290 2542 vetitas.

246 2567 438 2604 Nausea.
467 2565 560 2613 Quis
591 2574 669 2600 non
699 2560 872 2598 meminit
891 2586 901 2602 ‚
938 2561 975 2595 in
1004 2556 1164 2604 augurali
1184 2555 1290 2592 disci-

248 2615 349 2664 plina
387 2627 470 2652 aves
504 2612 604 2651 fnisse
645 2611 767 2660 oscines
804 2610 841 2647 &
869 2617 1034 2657 praepetes
1057 2617 1071 2643 .‹'
1118 2616 1212 2651 quae
1242 2603 1289 2641 fic

251 2665 368 2703 dietae
392 2693 401 2708 ,
445 2665 530 2714 quia
563 2674 626 2700 ore
657 2665 694 2698 δε
724 2659 846 2708 penna
876 2659 1076 2706 auspicium
1115 2657 1290 2692 facerent.

251 2716 430 2753 Nemee.

302 2778 386 2813 449.
415 2764 592 2800 Volucrum
616 2758 762 2811 proles.]
818 2756 968 2795 Volucris
994 2763 1063 2793 tres
1085 2753 1216 2801 scripti.
1242 2751 1291 2788 sic

250 2816 357 2854 turba
377 2815 524 2851 volucris
547 2813 591 2851 de
617 2811 742 2849 avibus
776 2809 869 2847 Met.
893 2820 927 2847 v.
949 2818 1035 2857 300.
1069 2816 1114 2842 ex
1135 2802 1291 2852 antiquis

248 2869 347 2908 libris
363 2879 372 2903 ι

743 2936 846 2977 nuper
870 2937 913 2966 θ’
933 2925 1012 2973 istae

302 2984 496 3022 ‘Auxerunt
517 2981 689 3018 volucrem
711 2979 825 3014 vissae
846 2977 1031 3014 certamine
1053 2973 1206 3012 turbam.

257 3051 411 3088 volueres
437 3058 564 3096 pennae
594 3048 672 3084 Art.
703 3046 790 3082 Am.
814 3056 858 3079 11.
877 3056 936 3090 45.
977 3054 1020 3078 ex
1054 3042 1169 3078 veteri
1195 3039 1299 3078 libro.

259 3114 352 3139 nunc
369 3100 512 3148 denique
529 3107 597 3134 tres
623 3096 748 3134 itidem
769 3093 898 3139 scripti.
921 3093 1065 3128 Hnms.

2259 1189 2377 1246 Nec
2432 1211 2438 1215 ·

1428 1342 1531 1353 ——-·
1552 1328 1717 1379 sulphure
1738 1340 1815 1365 cum
1830 1327 1912 1376 jam

1387 1380 1550 1431 Nimboso
1572 1381 1701 1429 ignitus
1723 1378 1851 1416 coelum
1866 1377 2067 1427 subtexitur
2088 1379 2163 1417 a‘e'rss

1334 1449 1414 1488 usus
1438 1459 1589 1498 quoque
1619 1447 1718 1503 idem
1750 1445 1833 1484 alibi
1863 1457 1904 1483 ea
1930 1457 2025 1485 voce
2046 1459 2123 1486 non
2145 1447 2266 1485 semel.
2294 1449 2386 1498 igni-

1335 1512 1412 1538 tum
1435 1510 1587 1548 quoque
1614 1510 1742 1533 vinum
1770 1496 1901 1533 videor
1929 1495 2052 1543 legisse
2083 1499 2178 1546 apud
2207 1499 2384 1538 Gellium.

1334 1550 1466 1640 sslanda
1490 1547 1647 1633 colum(ba
1671 1555 1856 1596 praeterea
1878 1546 1937 1584 sex
1957 1547 2089 1596 scripti.
2116 1556 2156 1586 ut
2175 1549 2213 1587 in
2232 1550 2387 1598 Amori<

1361 1614 1410 1640 us.
1438 1613 1482 1638 11.
1504 1612 1553 1637 v1v
1576 1613 1592 1647 ς
1614 1615 1633 1635 ›.

1388 1667 1511 1717 Oscula
1532 1667 1596 1703 dat
1617 1665 1732 1715 cupido
1753 1663 1886 1701 blanda
1914 1662 2070 1700 columba
2092 1663 2196 1701 mari.

1337 1737 1431 1774 haec
1447 1736 1551 1773 olim.
1577 1741 1612 1771 at
1633 1744 1723 1770 vero
1742 1730 1854 1768 scribe
1877 1729 2079 1768 indubitata
2102 1730 2339 1780 conjecstura3

1390 1799 1514 1837 Uritur
1540 1796 1659 1835 Idaliis
1677 1794 1758 1833 alba
1779 1793 1934 1831 columba
1947 1794 2046 1842 focis.

1341 1868 1402 1898 aut
1425 1861 1450 1899 fi
1471 1862 1651 1899 Mazarini
1673 1859 1809 1897 codicis
1830 1857 1984 1907 vestigiis
2006 1860 2060 1896 vis
2083 1858 2187 1897 infisti
2203 1888 2214 1904 ‚
2241 1859 2280 1896 in
2301 1860 2389 1898 Cni-

1341 1911 1409 1948 diis
1422 1912 1520 1958 focis.
1547 1911 1651 1961 quod
1678 1908 1911 1948 tantumdem
1933 1908 1994 1946 est.
2029 1910 2170 1948 Veneri
2189 1911 2290 1949 enim
2317 1913 2390 1950 im-

1340 1963 1546 2001 molabatur
1569 1961 1752 2001 columba.
1778 1960 1986 2009 Propertius
2006 1971 2060 1998 iv.
2087 1960 2181 2009 eleg.
2204 1975 2237 2011 ς.
2385 1954 2389 1957 ’

1391 2039 1455 2076 Sed
1475 2050 1550 2090 cape
1569 2048 1775 2088 temptatae,
1803 2043 1914 2076 Venus
1934 2039 1950 2075 ὅ
1973 2038 2100 2088 Regina
2113 2069 2122 2084 ‚
2154 2040 2329 2078 columbae

1443 2091 1494 2128 ob
1517 2093 1681 2129 meritum
1701 2099 1782 2127 ante
1805 2099 1879 2126 tuos
1897 2100 2045 2139 guttura
2063 2090 2158 2139 seHa
2168 2093 2274 2138 focos.

1342 2177 1440 2208 certe
1462 2182 1548 2209 cum
1570 2168 1841 2219 insequentibus
1855 2167 2016 2205 anserem
2037 2166 2120 2206 Isidi
2133 2167 2261 2214 Deae,
2275 2168 2391 2207 Nosti

1341 2221 1476 2270 gallum
1502 2219 1604 2258 fuiffe
1624 2221 1838 2258 immolatos
1856 2219 1991 2256 disertis
2010 2219 2127 2256 verbis
2149 2219 2287 2263 tradat,
2315 2220 2391 2257 hoc

1341 2273 1452 2309 etiam
1482 2271 1569 2309 loco
1600 2272 1660 2308 cui
1689 2269 1861 2308 columba
1899 2269 2155 2306 immolaretur
2183 2271 2393 2316 exprimen-

1342 2321 1431 2359 dum
1454 2322 1534 2359 fuit.
1563 2320 1746 2370 Superiori
1767 2319 1871 2357 versu
1888 2318 2085 2367 aliquando
2109 2330 2175 2366 pro
2199 2323 2284 2368 Ergo
2306 2321 2391 2367 opi-

1344 2373 1454 2410 nabar
1484 2385 1578 2421 aegre
1604 2373 1735 2421 reponi
1763 2370 1907 2409 debere.
1948 2369 2019 2407 Sed
2039 2369 2135 2406 nulla
2155 2380 2247 2416 opus
2270 2379 2392 2407 muta-

1344 2424 1460 2460 tione.
1490 2424 1636 2460 Hfiius.
1692 2421 1808 2459 Re&e
1840 2420 1997 2457 mutavit
2021 2418 2236 2456 sententiam
2270 2420 2394 2456 Hein-

1345 2472 1445 2511 ssus:
1495 2485 1571 2511 non
1607 2472 1655 2510 est
1686 2473 1786 2509 enim
1818 2482 1893 2507 vox
1925 2470 2007 2506 aevi
2040 2469 2219 2507 Ovidiani
2250 2469 2392 2518 ignitus.

1345 2523 1516 2560 Francius
1545 2524 1710 2571 legebat,
1740 2520 1878 2557 invitis.
1912 2519 1972 2556 sed
1992 2530 2063 2567 ego
2084 2520 2267 2568 vulgatam
2289 2531 2392 2568 prae-

1343 2574 1410 2610 tuli
1432 2573 1678 2621 conjeffiturae,
1714 2570 1845 2606 Calida
1873 2570 1973 2606 enirn
2000 2570 2147 2617 proprie
2167 2581 2248 2606 arae
2271 2571 2308 2608 &
2334 2571 2393 2608 fo-

1346 2623 1389 2660 ci.
1416 2623 1462 2661 de
1490 2634 1566 2672 quo
1596 2623 1736 2671 agimus
1764 2619 1808 2658 ad
1835 2619 1917 2656 Val.
1939 2618 2034 2657 Flac.
2055 2632 2099 2656 11.
2117 2619 2178 2667 98.
2206 2619 2336 2657 Burin.

1348 2740 1354 2746 .
1396 2702 1480 2738 45⁷--
1508 2689 1606 2727 Alba
1628 2690 1782 2726 columba
1796 2687 1925 2737 faula]
1956 2689 2017 2726 Ad
2038 2700 2111 2726 aras
2125 2688 2281 2727 Veneris
2299 2689 2391 2727 haec

1341 2741 1518 2788 jugulata.
1546 2740 1706 2789 Propert.
1725 2740 1786 2777 lib.
1806 2752 1860 2777 iv.
1883 2737 2007 2788 Elegia
2027 2750 2062 2776 v.

1400 2826 1505 2858 Nunc
1526 2830 1601 2869 cape
1621 2830 1804 2869 torquatae
1818 2849 1828 2865 ‚
1858 2826 1966 2857 Venus
1987 2817 2144 2866 §Regina
2158 2846 2167 2861 ‚
2194 2818 2369 2856 columbae

1354 2925 1391 2963 N
1453 2871 1503 2907 Ob
1525 2872 1687 2909 meritum
1707 2882 1789 2908 ame
1811 2881 1885 2909 tuos
1898 2879 2045 2920 guttura
2058 2870 2152 2918 secia
2166 2873 2268 2915 focos.

1387 2934 1530 2961 favor..

1406 2998 1490 3036 453.
1519 2993 1590 3023 Nec
1621 2986 1755 3035 defensa
1786 2986 1923 3034 juvant
1954 2983 2165 3033 capitone]
2220 2984 2256 3021 A
2286 2985 2398 3024 Gallis

1358 3037 1585 3081 Senonibus,
1621 3039 1709 3086 qui,
1738 3036 1805 3073 nisi
1830 3035 1967 3073 anseres
1997 3035 2061 3072 suo
2092 3035 2260 3084 clangore
2288 3037 2401 3073 Man-

1356 3091 1445 3128 lium
1477 3087 1708 3131 excitnffent,
1738 3086 1963 3135 Capitolium
1995 3083 2176 3131 cepissent.
2231 3086 2400 3134 Contigit

311 3164 396 3201 451.
430 3146 632 3196 Abducta]
687 3145 871 3194 Adjumfz‘a
911 3143 1018 3180 Bern:
1056 3142 1211 3179 acidum
1244 3141 1304 3178 sex
1358 3142 1432 3179 hoc
1453 3150 1550 3175 anno
1571 3139 1614 3175 ab
1646 3138 1732 3175 urbe
1753 3136 1900 3175 condita
1923 3146 2100 3172 cchxin.
2139 3136 2316 3173 Meminit
2333 3137 2403 3172 hu-

261 3203 332 3241 alii.

315 3265 397 3301 452.
425 3250 544 3287 Uritur
565 3248 602 3285 in
625 3246 746 3284 calidis
768 3244 848 3281 alba
877 3242 1034 3280 columba
1053 3241 1182 3291 focis.]
1217 3242 1307 3289 Igni-

1356 3193 1414 3242 jus
1434 3190 1483 3227 rei
1507 3190 1634 3226 Livius
1655 3189 1716 3226 lib.
1737 3200 1772 3225 v.
1791 3189 1827 3225 &
1850 3187 2059 3224 Plutarchus
2081 3186 2117 3222 in
2134 3186 2220 3223 Vita
2245 3186 2407 3224 Camilli.

1365 3240 1460 3279 Vide
1480 3241 1590 3277 etiam
1617 3267 1626 3282 ‚
1666 3250 1761 3286 quae
1784 3249 1854 3287 ego
1878 3238 1915 3275 in
1947 3236 2199 3282 Metamorpli.
2224 3247 2267 3272 ex
2290 3236 2407 3273 Colu-

263 3304 310 3340 tis
333 3303 417 3349 focis
448 3301 623 3338 Mazarin.
646 3300 798 3347 optime.
829 3296 875 3333 fic
905 3295 1053 3344 ignitum
1085 3296 1199 3331 aerem
1220 3294 1309 3332 dixit
1367 3291 1476 3330 mella
1513 3291 1701 3327 annotavi.
1756 3289 1888 3325 Cicero
1918 3299 1983 3335 pro
2008 3287 2105 3324 Sext.
2128 3287 2261 3324 Roscio
2292 3288 2410 3323 Arne-

262 3352 478 3394 Prudentius
497 3351 665 3390 Hamart.

1368 3344 1475 3383 tino:
1507 3341 1698 3391 Anseribus
1718 3339 1849 3379 cibaria
1864 3337 2000 3388 publice
2028 3337 2187 3376 locamur
2211 3365 2221 3384 ,
2255 3348 2297 3378 <9¹
2315 3348 2414 3420 calmes

2313 3399 2334 3423 a
2352 3398 2419 3422 un-
