2495 3675
559 100 581 112 s

517 178 1465 246 FASTORUM
1575 183 1876 243 L113.I.

405 304 685 376 Tempora
709 297 946 367 commisi
970 296 1234 351 nascentia
1259 296 1416 351 rebus
1441 298 1690 368 agendis;

482 377 661 432 Totus
686 376 748 430 ab
772 369 1002 441 auspicio
1026 387 1096 423 ne
1119 368 1260 423 foret
1288 387 1452 423 annus
1477 372 1632 425 iners.

410 450 652 523 Quisque
675 449 783 502 suas
809 457 945 498 artes
968 441 1039 495 ob
1064 441 1212 495 idem
1236 441 1431 496 delibat
1457 444 1694 515 agendo:

267 539 364 590 170
474 523 589 577 Nec
614 521 728 591 plus
752 533 912 588 quam
935 514 1148 568 solitum
1177 514 1486 586 testificatur
1511 535 1660 588 opus.

409 595 551 652 Mox
577 601 712 662 ego;
750 591 892 652 Cur,
933 588 1177 659 quamvis
1200 589 1423 642 aliorum
1446 591 1662 644 numina
1685 589 1920 661 placem,

475 665 640 735 jane,
678 663 775 717 tibi
799 662 975 730 primo
1001 674 1116 713 tura
1142 677 1460 732 merumque
1486 662 1634 715 fero?

408 737 485 793 Ut
510 756 605 809 per
633 754 718 790 me
745 733 902 806 possis
928 732 1163 796 aditum,
1199 734 1292 805 qui
1317 734 1494 787 limina
1523 735 1701 798 sei-VO,

427 812 434 821 ’
479 810 572 865 Ad
595 824 972 881 quoscumque
996 807 1155 859 velim
1181 806 1416 877 prorsus,
1458 807 1653 861 habere
1679 807 1840 861 DeOS.

269 901 363 953 175
402 885 479 940 At
506 901 600 937 cur
628 884 761 935 laeta
786 880 889 934 tuis
913 878 1166 932 dicuntur
1192 879 1352 933 verba
1378 879 1655 944 Kalendis3

480 956 551 1011 Et
578 955 762 1009 damus
787 954 1008 1008 alternas
1024 991 1039 1016 ,
1077 952 1473 1025 accipimusque
1495 952 1712 1025 preces?

127 1171 191 1208 καῖ
209 1169 460 1218 σελκνοέρόμιει
474 1198 484 1216 ,
511 1171 574 1208 καὶ
595 1169 888 1218 καλκνὲσλόγικ,
915 1169 952 1207 οὐ
975 1171 1046 1217 χρῆ
1065 1169 1177 1216 δέχε-

127 1223 215 1259 σθαι·
250 1221 396 1268 βέβηλοι
422 1224 493 1268 γὰρ
523 1224 661 1260 πάντα.
692 1223 868 1261 ΝεΑΡοι.
905 1223 993 1261 Vid.
1023 1222 1177 1259 Sueton.

129 1273 273 1312 Neron.
296 1285 374 1323 cap.
397 1286 469 1312 vn.
490 1275 527 1311 ὃ(
544 1273 592 1311 ibi
614 1273 764 1311 Casaub.

183 1325 265 1373 169.
295 1325 452 1373 Qisque
471 1325 557 1374 suas
577 1324 706 1373 artes.]
739 1325 828 1361 Hoc
852 1323 899 1361 est
915 1351 924 1367 ‚
952 1322 1043 1360 fullo
1068 1322 1176 1359 fullo-

126 1375 228 1414 niam
244 1403 255 1420 ,
281 1375 380 1414 sutor
397 1375 569 1413 sutoriam
597 1374 797 1419 delibabat,
824 1374 1005 1422 agricolae
1027 1372 1176 1419 rurestre

129 1437 223 1475 opus
236 1454 246 1470 ,
273 1427 361 1464 teste
383 1424 602 1463 Columella.
632 1425 702 1462 Sed
719 1425 793 1462 hoc
813 1436 925 1471 apage
944 1423 1062 1460 lucelli
1077 1423 1176 1459 caus-

126 1475 174 1515 sa.
211 1477 291 1514 Pari
323 1476 441 1515 modo
474 1477 629 1524 quisque
653 1474 911 1523 supelleetilem
931 1473 1174 1511 domesticam

128 1527 313 1576 pollebat,
352 1535 393 1564 ut
422 1535 505 1564 toto
533 1524 609 1563 fere
629 1537 727 1562 anno
750 1524 825 1562 fine
846 1522 990 1562 macula
1010 1524 1173 1562 exstaret.

128 1579 269 1616 Seneca
299 1579 336 1615 in
358 1575 517 1625 Epistola
543 1588 711 1615 Lxxxm.
730 1576 799 1613 hac
819 1575 901 1613 luce
925 1576 1057 1612 fatetur
1077 1575 1176 1624 frigi-

130 1626 178 1666 da
193 1628 228 1665 se
251 1628 396 1665 solitum
421 1638 552 1675 corpus
573 1624 720 1664 abluisse
735 1654 745 1671 ‚
773 1625 834 1663 sed
845 1626 1174 1664 adolescentiaeta-

130 1686 180 1716 te.
233 1677 294 1714 Ille
323 1686 469 1722 tantus,
506 1678 649 1725 inquit,
678 1676 934 1726 psychrolutes,
962 1676 1024 1727 qui
1043 1676 1175 1714 Kalen-

133 1729 186 1766 dis
203 1727 392 1774 Januariis
418 1728 456 1764 in
478 1729 647 1777 Euripum
660 1727 842 1774 saltabam
855 1755 865 1773 ,
897 1727 958 1778 qui
977 1741 1069 1764 anno
1087 1742 1176 1765 novo

132 1778 423 1829 quemadmodum
454 1778 578 1827 legere,
608 1778 779 1828 scribere,
813 1779 921 1815 dicere
948 1778 1111 1827 aliquid,
1126 1778 1177 1828 fic

132 1829 331 1878 auspicabar
353 1829 392 1865 in
415 1829 587 1878 Virginem
610 1828 749 1879 destlire.
803 1831 908 1868 Plura
928 1830 993 1867 alia
1015 1830 1132 1867 scribit
1153 1829 1175 1867 a

130 1881 288 1929 patribus
314 1879 500 1918 observata
526 1881 595 1917 hac
623 1880 848 1929 potiffimiim
870 1881 930 1918 die
951 1881 1176 1930 Augustinus

133 1932 172 1969 in
195 1931 373 1969 Sermone
393 1930 438 1968 de
456 1932 555 1968 hisce
576 1931 748 1970 Kalendis
761 1960 770 1974 ,
800 1944 844 1970 ex
864 1944 941 1981 quo
957 1931 1100 1970 tanturn
1115 1932 1176 1970 ista

133 1993 292 2030 excerpo
315 1995 324 2018 :
362 1987 450 2018 Sunt
471 1982 533 2031 qui
554 1982 723 2019 Kalendis
743 1983 937 2029 Januariis
956 1983 1009 2019 ita
1029 1983 1178 2030 auguria

132 2032 316 2081 observant
329 2060 338 2076 ,
365 2042 404 2068 ut
416 2035 535 2078 focum
554 2033 597 2069 de
616 2035 712 2070 domo
728 2033 798 2080 sual
808 2033 978 2070 velaliud
989 2035 1177 2084 quodcum-

132 2096 196 2132 que
217 2082 415 2130 beneficium
435 2084 635 2133 cuicumque
653 2085 782 2133 petenti
805 2099 872 2122 non
893 2084 1077 2121 tribuant.-
1101 2085 1179 2122 dia-

133 2133 258 2171 bolicas
286 2134 392 2170 etiam
417 2133 552 2181 strenas
582 2147 625 2174 (9⁶
653 2134 698 2171 ab
726 2136 805 2172 altis
832 2136 1025 2185 accipiunt,
1055 2148 1099 2175 ξφ
1122 2135 1184 2184 ipsi

135 2184 214 2222 aliis
236 2184 396 2222 tradunt.
443 2185 572 2235 Aliqui
588 2186 694 2222 etiam
714 2186 828 2234 rustici
844 2186 1017 2235 mensulas
1036 2186 1102 2233 istd
1121 2182 1181 2223 no-

134 2238 186 2272 §le
199 2244 452 2285 ponunt‚quae
467 2237 648 2285 praeieriit
663 2267 672 2280 ,
679 2237 802 2286 plenas
814 2237 936 2274 multis
948 2237 1046 2274 rebus
1059 2265 1070 2282 ,
1091 2251 1180 2287 quae

136 2286 186 2322 ad
207 2287 494 2324 manducandam
513 2289 598 2336 sunt
621 2288 832 2337 necessariae,
854 2298 1082 2335 componentes
1097 2304 1107 2324 :
1128 2299 1180 2325 to-

135 2337 177 2373 td
197 2339 290 2374 nobie
302 2336 350 2385 fic
370 2336 563 2386 compositas
580 2337 637 2388 effe
658 2339 809 2383 volunt,
837 2339 1006 2376 credentes
1017 2339 1110 2389 qubd
1120 2338 1180 2376 hoc

134 2387 207 2424 illis
226 2388 406 2424 Kalendae
427 2390 633 2433 Januariae
650 2390 957 2439 praestarepoffunt
970 2418 980 2435 ‚
1009 2400 1047 2426 ut
1056 2400 1115 2439 per
1128 2400 1181 2427 to-

137 2446 215 2474 tum
235 2451 371 2475 annum
391 2439 556 2475 convivia
577 2439 717 2477 illorum
739 2440 777 2477 in
797 2441 1183 2489 taliabundantidper-

131 2485 300 2533 severent.
327 2489 457 2527 Unum
481 2502 526 2527 ex
546 2491 681 2528 eodem
705 2491 826 2536 addo,
855 2504 991 2539 percos
1003 2492 1078 2529 dies
1088 2503 1183 2539 quo·

138 2547 212 2584 que
243 2536 365 2573 solitos
404 2540 584 2585 quosdam
611 2539 736 2576 tunica
766 2542 932 2577 muliebri
962 2541 1104 2577 amiciri
1144 2543 1182 2576 &

140 2586 266 2623 habitu
287 2585 490 2634 impudico.
538 2586 658 2634 Hujus
679 2587 932 2623 obscoenitatis
953 2588 1123 2623 meminit
1146 2589 1185 2624 &

136 2634 299 2673 Balsamo
323 2636 368 2673 ad
390 2636 581 2683 Synodum
604 2636 723 2673 Trull.
750 2633 871 2677 Ηίὒιςο
889 2639 974 2681 γαῖν
992 2637 1090 2680 mpii
1106 2633 1185 2672 P‘w-

141 2687 256 2731 μαίοις
270 2714 280 2730 ,
318 2685 368 2729 εἷς
406 2686 541 2732 μνήμην
583 2688 713 2722 τούτων
751 2686 906 2727 bauaima
926 2685 1185 2732 πανηγυρίζειν

143 2735 438 2781 Ἑλληνικώτερον
459 2765 470 2781 ,
516 2739 578 2773 uxi
610 2737 690 2772 τίνει
719 2736 857 2779 ἄσεμνα
884 2736 1182 2781 διαπράττεσῦκι.

143 2787 226 2832 ἵπερ
247 2786 311 2824 καὶ
333 2789 441 2833 μέχρι
465 2789 527 2824 τοῦ
549 2790 607 2824 νῦν
628 2787 726 2832 παρὰ
751 2790 853 2824 τίνων
868 2789 1027 2834 femen-&v
1040 2788 1184 2832 ’γίνετκι

143 2841 242 2875 κατ-ἐι
283 2839 352 2881 τῖις
390 2838 531 2881 πρώτας
566 2838 696 2883 ἡμέρας
737 2842 800 2875 τοῦ
831 2836 1038 2884 Ιάνοναρίου
1065 2841 1184 2883 μηνός.

143 2890 319 2927 NEAPOL.
346 2889 464 2927 Multa
485 2889 539 2926 his
563 2889 699 2928 duabus
721 2891 817 2927 notis
842 2889 968 2938 Lipsio
992 2890 1036 2929 ad
1059 2889 1184 2929 Tacit.

143 2951 197 2978 1v.
217 2941 316 2977 Ann.
343 2941 400 2988 36.
417 2940 567 2987 sublegit
586 2941 772 2990 Neapolis,

202 2991 283 3039 169.
311 2996 417 3027 Artes
435 2989 473 3026 ob
493 2991 585 3026 idem
606 2991 734 3028 delibat
748 2991 916 3041 agenda]
949 2991 1076 3030 Ibidem
1090 2992 1184 3030 mul-

146 3042 174 3079 ti
201 3053 245 3079 ex
272 3041 415 3089 scriptis.
463 3041 559 3085 Alii,
588 3041 686 3086 obici,
714 3041 831 3086 obide,
859 3043 946 3080 inibi
971 3044 1009 3081 ὅς
1041 3043 1184 3080 fimilia.

150 3092 257 3140 Lego
280 3119 289 3134 ,
328 3092 397 3129 obit
425 3103 468 3132 (9·
499 3092 627 3129 delibat
654 3094 791 3142 agendo.
830 3093 932 3131 Obire
954 3095 1040 3142 suas
1064 3104 1155 3130 artes
1173 3121 1184 3137 ,

148 3142 346 3190 quomodo
375 3143 465 3180 obire
486 3146 570 3191 suas
598 3157 648 3180 res
687 3146 723 3181 ὅ(
753 3144 875 3180 munia
900 3146 967 3192 sua
998 3145 1186 3182 Ciceroni.

151 3193 273 3229 munia
302 3193 391 3230 obire
421 3193 584 3242 Apulcjo
619 3195 712 3232 Met.
740 3207 812 3231 vix.
846 3195 933 3232 obire
964 3195 1186 3241 clandestinos

153 3242 254 3278 coitus
272 3244 367 3280 Met.
384 3257 470 3282 viii.
497 3245 587 3281 obire
605 3245 749 3293 officium
767 3246 993 3284 Martialilib.
1008 3259 1037 3284 1.
1052 3248 1188 3294 Loxe.

155 3287 242 3326 obire
257 3292 521 3382 abalnelauapud
554 3296 757 3347 Apulejum
784 3298 880 3335 Met.
899 3309 988 3336 vm.
1008 3297 1094 3334 obire
1114 3311 1189 3347 exe-=

285 3355 349 3380 om.
422 3372 431 3383 .

2117 1027 2271 1082 Tum

1233 1169 1383 1207 crandas
1413 1169 1601 1216 foeditates
1638 1166 1788 1207 ibidem.
1829 1163 1920 1204 obire
1960 1165 2153 1216 consuetum
2181 1164 2276 1202 labo-

1232 1233 1305 1256 rem
1341 1221 1433 1257 libro
1474 1233 1530 1259 xx.
1575 1232 1618 1259 Εἴ
1647 1220 1818 1269 discursus
1849 1218 1979 1254 alacres
2010 1217 2111 1254 obire.
2145 1216 2274 1252 civita-

1232 1280 1306 1314 tes,
1333 1271 1538 1319 amplexus,
1574 1271 1689 1319 saepe.
1720 1269 1856 1316 epulas,
1885 1268 2103 1312 concubitus,
2126 1267 2280 1318 praelia:

1233 1333 1338 1356 comes
1369 1321 1484 1357 obibat
1515 1321 1691 1369 virginem
1717 1322 1812 1358 libro
1834 1332 1867 1357 X.
1905 1319 1972 1358 nisl
1999 1319 2102 1357 malis
2125 1347 2135 1363 ,
2173 1318 2279 1354 obiter

1233 1370 1374 1408 delibat.
1411 1372 1512 1421 quod
1542 1385 1620 1409 non
1653 1372 1775 1409 minus
1802 1370 1944 1408 arridet.
1972 1371 2119 1407 Heius.
2148 1369 2280 1406 Multi-

1231 1422 1315 1470 plex
1337 1423 1491 1472 quidem
1514 1423 1592 1460 usus
1610 1424 1709 1460 verti
1732 1422 1831 1458 obire.
1856 1421 1916 1459 sed
1936 1434 1978 1458 an
2000 1421 2089 1457 obire
2099 1431 2191 1458 artes
2208 1421 2279 1458 dici

1231 1473 1339 1521 poffit
1365 1474 1607 1511 vehementer
1637 1474 1778 1512 dubito.
1805 1472 1939 1510 deinde
1967 1472 2211 1510 incommoda
2232 1473 2282 1509 est

1233 1535 1310 1562 vox
1337 1525 1488 1573 agendo,
1516 1536 1561 1562 an
1591 1525 1628 1562 ὃς
1660 1525 1717 1562 illa
1739 1523 1928 1573 jungenda
1960 1525 2009 1569 τῷ
2038 1533 2148 1567 artes,
2178 1532 2218 1560 ut
2240 1522 2281 1560 sit

1233 1575 1360 1622 agendo
1389 1586 1481 1612 artes
1511 1576 1598 1612 illas.
1626 1587 1737 1624 quare
1766 1574 1871 1611 obiter
1899 1575 2119 1624 praeferrem
2137 1602 2148 1620 ,
2176 1583 2215 1611 ut
2238 1573 2281 1612 sit

1233 1625 1365 1662 delibat
1380 1637 1472 1663 artes
1493 1625 1599 1662 obiter
1615 1627 1755 1674 agendo.
1786 1625 1932 1663 mallem
1953 1633 2077 1662 tamen
2091 1653 2102 1670 ‚

1285 1676 1444 1726 Qisque
1457 1678 1542 1725 suas
1555 1686 1671 1725 partes
1689 1677 1796 1713 obiter
1816 1676 1946 1713 delibat
1966 1676 2106 1724 agenda.

1232 1731 1344 1776 Agere
1357 1738 1471 1776 partes
1496 1727 1648 1765 obvium
1664 1755 1675 1772 ,
1695 1729 1731 1765 ὃ(
1747 1728 1894 1775 vulgare
1910 1755 1920 1771 ,
1949 1727 1987 1763 ὅς
2010 1726 2095 1763 huic
2114 1726 2201 1763 loco
2222 1737 2284 1763 ac·-

1234 1778 1537 1822 commodatum,
1557 1780 1642 1826 quia
1657 1778 1904 1826 perfunctorie
1916 1785 2059 1815 tantum
2071 1788 2164 1825 opus
2175 1776 2282 1814 suum

1232 1828 1416 1874 delibant,
1446 1831 1483 1867 ὅ(
1500 1857 1509 1873 ,
1539 1831 1625 1866 utin
1639 1830 1741 1866 scena
1754 1829 2111 1872 histriones,tantum
2126 1829 2284 1877 quisque

1232 1888 1348 1929 partes
1361 1880 1423 1918 fibi
1435 1880 1532 1918 datas
1545 1882 1620 1928 agit
1632 1908 1641 1924 ‚
1669 1881 1718 1918 ita
1729 1881 1825 1918 cives
1837 1880 1998 1917 Romani
2011 1879 2101 1922 suas,
2123 1890 2211 1928 quas
2221 1891 2286 1927 per

1232 1939 1354 1968 toturn
1387 1943 1526 1970 annum
1558 1931 1692 1968 deinde
1723 1931 1875 1979 implere
1903 1931 2023 1967 debet.
2047 1939 2161 1978 partes
2192 1941 2283 1968 vero

1234 1991 1309 2019 erat
1328 1983 1363 2019 in
1389 1982 1578 2031 Excerptis
1592 2011 1601 2026 ‚
1621 1994 1716 2031 quae
1736 1983 1860 2030 accepi
1874 1994 1892 2018 a
1913 1981 2167 2018 Kloekliovio.
2184 1990 2290 2030 prae-

1234 2033 1321 2070 libat
1342 2034 1452 2070 etiam
1472 2033 1618 2081 Junian.
1639 2032 1744 2081 obiter
1767 2032 1815 2069 est
1835 2034 1870 2070 in
1894 2032 2059 2069 Bullialdi
2081 2031 2287 2070 codice.est

1236 2096 1327 2122 vero
1339 2084 1470 2122 leviter
1482 2113 1492 2129 ,
1505 2096 1582 2122 non
1596 2084 1631 2122 id
1647 2096 1770 2132 agens,
1783 2091 1823 2120 ut
1834 2095 1925 2131 opus
1937 2094 2061 2120 revera
2076 2082 2204 2126 faciat,
2223 2083 2285 2121 sed

1237 2136 1373 2173 ominis
1393 2135 1481 2173 boni
1500 2133 1617 2173 cauffa
1639 2136 1840 2183 imaginem
1862 2135 1981 2182 operis
2002 2134 2115 2171 annui
2136 2133 2174 2170 &
2189 2145 2287 2182 quo-

1236 2187 1365 2223 tidiani
1387 2187 1568 2224 exhibeat.
1596 2185 1644 2223 fic
1661 2185 1767 2222 obiter
1789 2185 1918 2222 reverti
1939 2183 2236 2232 Quin&il.Decl.
2250 2197 2286 2222 x.

1242 2237 1297 2274 16.
1326 2236 1400 2275 vid.
1421 2238 1461 2274 δε
1483 2236 1747 2274 commentati
1759 2237 2139 2284 Petron.cap.xxxrv.
2154 2234 2285 2272 Euam.

1292 2299 1371 2333 172.
1401 2288 1515 2334 Jeme,
1529 2286 1768 2336 tibiprimum.
1782 2286 1797 2336 ]
1812 2287 1929 2324 Primo
1940 2286 2122 2324 meliores.
2140 2286 2287 2324 Herus.

1234 2338 1324 2376 Vid.
1343 2338 1434 2386 supr.
1453 2339 1507 2382 iss.
1530 2341 1589 2385 64.
1611 2340 1648 2375 &
1669 2339 1734 2376 inf.
1747 2350 1834 2384 297.

1292 2401 1373 2436 172.
1402 2388 1649 2438 Merumque]
1680 2395 1883 2439 Precemque
1906 2388 2021 2426 Stroz.

1291 2452 1374 2489 173.
1402 2446 1446 2477 Ut
1470 2440 1563 2490 poffis
1589 2441 1731 2476 aditum
1750 2450 1808 2488 per
1825 2440 1918 2487 me]
1949 2440 2058 2492 Ratio
2079 2437 2173 2485 apud
2198 2438 2288 2476 Ori·

1238 2491 1363 2540 ginem
1385 2494 1503 2539 gentis
1526 2493 1720 2528 Romanae
1740 2502 1816 2526 non
1847 2491 1913 2525 alia
1941 2499 2054 2535 quam
2090 2489 2287 2537 antiquitas

1240 2541 1420 2576 adventus
1441 2542 1477 2574 in
1491 2541 1632 2575 Italiam
1651 2568 1660 2580 ‚
1687 2539 1785 2585 quasi
1806 2550 1849 2574 ex
1863 2539 1929 2574 hac
1943 2539 2039 2584 prior
2052 2538 2290 2575 illidatuslo-

1243 2599 1303 2624 cus
1314 2589 1350 2624 in
1362 2587 1474 2624 sacris.
1498 2587 1567 2624 Sed
1580 2587 1793 2624 hancnostri
1805 2588 1962 2624 advertit
1973 2589 2083 2623 etiam
2098 2588 2288 2627 Arnobius

1238 2637 1298 2674 lib.
1323 2649 1386 2675 111.
1419 2637 1586 2674 adversus
1619 2639 1786 2674 Gentes:
1824 2643 1945 2683 Atque
1974 2637 2026 2672 ita
2052 2646 2113 2686 per
2139 2653 2199 2674 vos
2220 2640 2288 2676 Dei

1240 2699 1364 2723 nomen
1391 2687 1572 2732 eraditur,
1599 2701 1699 2737 quem
1729 2687 1767 2723 in
1796 2688 1924 2723 cunc'lis
1954 2688 2160 2733 anteponitis
2175 2690 2288 2738 preci-

1240 2736 1302 2772 bus
1315 2765 1325 2781 ,
1354 2748 1397 2776 <7¹
1419 2738 1521 2775 viam
1541 2739 1637 2775 vobis
1653 2739 1802 2787 pandere
1821 2743 1973 2774 Deorum
1993 2738 2043 2774 ad
2063 2740 2287 2778 audientiam

1240 2788 1387 2826 creditis.
1418 2789 1596 2826 NEAPOL.
2030 2801 2034 2807 ’

1297 2850 1378 2885 174.
1408 2839 1827 2890 Ad'quoscunquevoles,
1855 2838 2012 2889 inquit]
2046 2840 2288 2890 Adquoscun-

1238 2903 1303 2939 que
1323 2889 1433 2926 velim
1451 2891 1588 2939 prorsus
1608 2891 1756 2928 venuste
1775 2891 1864 2928 liber
1884 2891 2001 2928 Fulvii
2025 2891 2157 2930 Urfini.
2181 2903 2221 2931 ut
2243 2894 2288 2931 τὸ

1239 2941 1358 2990 inquit
1378 2941 1684 2990 subintelligatur,
1712 2940 1911 2988 quomodo
1933 2942 2013 2978 alzbi
2023 2942 2138 2991 saepe.
2157 2945 2289 2982 &sane

1239 2990 1356 3040 inquit
1384 3003 1476 3029 mox
1507 2991 1632 3030 denuo
1662 2992 1833 3041 sequitur.
1854 2992 2128 3032 Mazarinianus
2149 2995 2259 3033 etiam
2274 3023 2286 3040 ,

1237 3042 1336 3078 velis.
1369 3042 1515 3080 Hiems.

1296 3094 1376 3140 176.
1405 3093 2010 3144 Alternusaccipimusque-preces?]
2035 3096 2148 3134 Haud
2161 3096 2289 3134 obscuss

1241 3156 1321 3182 rum
1355 3144 1391 3181 id
1419 3146 1529 3182 etiam
1564 3158 1606 3182 cx
1642 3146 1872 3183 Herodiano.
1899 3146 2018 3184 s=·rlbit
2038 3149 2137 3185 enim
2162 3148 2195 3183 in
2214 3148 2287 3194 pri-

1244 3207 1334 3233 mo:
1363 3196 1510 3239 Ταύτκς
1530 3196 1570 3231 δὲ
1594 3197 1659 3238 τῆς
1679 3195 1798 3240 {cwig
1821 3199 1994 3241 προϊούσης
2008 3225 2017 3241 ,
2048 3199 2084 3234 ἐν
2104 3196 2286 3244 {11:22th

1245 3245 1404 3292 Fani-<704
1425 3246 1622 3294 δεξιοῦνται
1639 3261 1681 3282 τε
1696 3245 1885 3292 ἁλλῆλευς
1906 3250 1967 3284 uxi
1987 3248 2286 3293 πρσσκγσρεῦσυσι,

1246 3300 1470 3344 νομισμάτων
1501 3312 1543 3335 τε
1574 3296 1775 3337 ιίντιδόσεσι
1794 3300 1857 3336 καὶ
1879 3300 2029 3347 κσινιενῑᾳ
2052 3300 2119 3335 τῶν
2136 3297 2204 3341 γῆς
2224 3299 2287 3334 καῖ

1479 3350 1511 3387 C
2148 3348 2287 3385 θαλάτ-
