2495 3675
519 140 1458 230 FAST⁴0RUM
1565 173 1866 237 LIB.I.

266 289 365 359 235
403 292 510 344 Pax
537 304 678 352 erat;
721 289 776 344 ἃ
800 287 985 346 vestri,
1024 282 1377 347 Germanice,
1414 285 1582 339 cauffa
1608 288 1863 361 triumphi

475 362 798 416 Tradiderat
822 357 1037 412 famulas
1055 355 1162 424 jam
1186 354 1282 409 tibi
1306 355 1529 412 Rhenus
1552 376 1724 432 aquas,

393 436 553 507 Jeme,
590 435 704 488 face
729 444 1006 492 aeternos,
1045 429 1242 482 Pacem
1282 428 1538 502 Pacisque
1565 433 1856 489 ministros:

474 507 626 562 Neve
648 505 796 558 suurn
816 545 828 565 ,
869 500 1099 573 praesta,
1139 501 1342 555 deserat
1366 504 1548 559 auctor
1575 521 1722 577 opus,

37 749 43 754 -
107 726 204 765 hodie
223 742 290 766 non
302 729 412 775 seres,
450 721 517 773 nisi
534 723 597 761 das
623 723 831 775 sequestrum
852 732 916 761 aut
942 721 1120 760 arbitrum
1134 749 1145 768 ,

107 780 204 828 cujus
223 785 305 816 haec
327 791 377 815 res
394 774 571 813 arbitratu
582 773 663 823 fiat.
689 776 793 813 Silius
815 775 876 813 lib.
897 785 950 811 vt.
976 784 1080 822 1347.

153 848 210 881 At
233 855 325 879 nova
348 840 482 890 Eliffaei
496 840 614 886 jurato
626 840 760 885 foedere
773 849 888 888 patres

153 893 360 940 Consultant
382 891 552 929 mandare
570 891 670 936 duci,
691 891 853 940 pacisque
866 889 1070 941 sequestrem

152 947 310 980 Mittere.

100 1005 232 1045 Statius
255 1006 378 1045 Theb.
400 1018 472 1044 vn.
498 1010 580 1055 5424

323 1069 386 1106 Ubi
404 1078 488 1105 tunc
499 1068 586 1117 fidei
595 1069 754 1120 pacisque
765 1067 939 1121 sequestra

149 1126 270 1158 Mater
294 1129 394 1157 eras?

96 1161 157 1221 Ad
179 1195 290 1233 quern
311 1184 437 1221 locurn
462 1184 672 1224 Scholiastes
687 1214 697 1230 ,
726 1186 892 1237 sequester
911 1186 1061 1231 dicitur,
1084 1186 1144 1236 qui

99 1233 310 1271 certantibus
333 1235 463 1271 medius
491 1236 681 1273 intervenit
694 1265 704 1281 ,
732 1238 823 1286 apud
842 1251 943 1287 quem
963 1239 1144 1287 cujuscun-

98 1297 163 1333 que
181 1285 379 1322 certaminis
391 1286 513 1332 futuri
530 1287 672 1334 pignora
696 1288 910 1337 deponuntur
925 1317 934 1333 ,
961 1288 1021 1325 hoc
1043 1301 1147 1324 voca-

97 1334 218 1371 bulum
238 1335 281 1371 ab
293 1335 496 1385 obsequendo
504 1338 644 1384 facium
657 1338 710 1384 est.
737 1338 829 1388 quod
846 1339 915 1387 ejus
928 1367 938 1382 ,
951 1339 1013 1387 qui
1023 1337 1146 1374 eleetos

88 1386 226 1431 fuerit,
255 1396 404 1437 utraque
421 1395 502 1435 pars
521 1387 630 1433 fidem
645 1392 826 1436 sequatur.
853 1389 982 1437 quibus
1014 1386 1143 1424 similia

96 1435 207 1474 habes
228 1437 324 1484 apud
343 1438 509 1474 Servium
531 1437 593 1474 lib.
611 1452 646 1475 x.
666 1439 821 1475 Aeneid.
844 1449 925 1486 133.
956 1437 1051 1486 apud
1065 1438 1144 1475 Lu-

98 1497 233 1524 canum
253 1488 346 1524 libro
359 1499 393 1524 x.
421 1499 505 1533 472.
534 1493 660 1524 Orator
678 1488 761 1535 regis
784 1487 943 1537 pacisque
965 1489 1142 1539 sequester.

96 1535 187 1574 hinc
201 1537 357 1585 Virgilio
381 1537 480 1575 dicto
502 1537 588 1575 loco
604 1538 642 1575 δε
664 1538 781 1576 eidem
805 1538 920 1576 Statio
937 1548 1010 1588 pax
1027 1540 1143 1587 seque-

90 1586 167 1633 stra
194 1587 252 1624 lib.
275 1599 317 1624 11.
342 1587 463 1625 Theb.
496 1600 577 1635 μς.
608 1589 644 1625 &
669 1589 822 1626 Sidonio
854 1589 1056 1637 Apollinari
1076 1590 1142 1628 Pa-

96 1638 273 1685 negyrico
287 1637 480 1686 Majoriani
495 1653 506 1681 ;
522 1639 560 1676 &
573 1638 616 1676 ad
630 1651 758 1678 eorum
774 1640 1022 1679 imitationem
1037 1641 1144 1680 Gun-

99 1686 204 1725 thero
223 1698 373 1736 quoque
392 1687 451 1725 lib.
473 1701 508 1726 v.
538 1689 703 1739 Ligurini
716 1719 728 1736 ,

502 1762 542 1788 ut
555 1762 635 1801 pace
653 1753 819 1803 sequestra

146 1799 290 1845 Judicis
306 1801 449 1838 arbitrio
463 1804 529 1850 sua
550 1804 694 1854 quisque
721 1808 894 1854 reposceret
911 1799 1024 1857 aetiui.

97 1865 292 1921 Frontinus
313 1868 461 1918 Strateg.
486 1870 532 1906 L,
554 1884 580 1908 1.
600 1883 631 1908 c.
645 1882 678 1915 4.
702 1877 822 1909 Naves
843 1873 1059 1912 ordinandae
1075 1883 1142 1925 pa-

95 1928 143 1954 cts
166 1918 357 1966 sequestres.
389 1920 584 1959 Gunthero
615 1922 782 1971 Ligurini
811 1923 872 1962 lib.
896 1937 968 1963 vn.

145 1984 256 2028 thue
277 1983 517 2028 reformandae
530 1984 627 2033 pacis
645 1982 769 2034 veniffe
781 1985 997 2036 sequestrum

143 2033 328 2079 Agnovere
347 2033 459 2073 duces.

95 2096 235 2134 Contra
271 2098 442 2145 Carnifex
481 2101 687 2150 rapinarum
721 2102 884 2152 sequester
927 2105 1134 2144 Ammiano

65 2165 75 2179 ι
93 2145 154 2184 lib.
173 2158 250 2184 xxv.
280 2149 490 2187 Pudicitiam
517 2153 658 2200 perjurii
668 2153 869 2202 sequestrem
898 2154 980 2192 Val.
1012 2157 1139 2194 Maxi·'

93 2206 176 2252 mus
196 2197 287 2236 dixit
308 2199 366 2236 lib.
389 2213 442 2238 1x.
470 2213 547 2249 cap.
575 2215 603 2240 1.
626 2203 872 2242 Tertullianus
894 2205 985 2242 libro
1006 2206 1052 2243 de
1068 2207 1134 2244 Pa-

92 2248 219 2284 nentia
239 2276 249 2292 ,
285 2254 400 2287 Deum
428 2251 577 2300 injuriae
596 2253 811 2302 sequestrem.
863 2256 976 2300 Julius
1003 2256 1136 2294 Firmi-

93 2307 156 2353 cus
175 2298 328 2338 Mathes.
355 2301 376 2338 l.
400 2315 463 2340 111.
491 2315 519 2340 c.
542 2314 597 2351 13.
641 2305 822 2353 sequestres
841 2305 1049 2343 illicitarum
1076 2321 1136 2343 ar·

92 2355 198 2386 tium.
207 2351 538 2400 sequestersermonis
553 2354 794 2402 Symmachus
806 2368 871 2394 111.
899 2356 965 2404 Ep.
978 2357 1134 2404 71.Pru-

94 2395 236 2436 dentius
259 2401 506 2440 Cathemerin.
528 2404 673 2453 Hymn.
694 2419 730 2444 x.

146 2451 250 2484 Nunc
264 2451 388 2498 suscipe
408 2463 499 2489 terra
512 2454 707 2498 fovendum
721 2484 731 2499 ‚

197 2501 400 2547 Gremioque
420 2501 511 2537 hunc
533 2505 657 2550 concipe
679 2506 786 2542 molli.

146 2546 283 2583 Omim's
302 2548 365 2584 tibi
383 2549 534 2584 membra
549 2551 714 2596 sequestro

147 2598 310 2644 Generosa
333 2600 567 2646 &fragmina
587 2602 690 2637 credo.

95 2646 350 2683 Mandatorum
377 2649 534 2698 sequestri
571 2650 665 2698 apud
693 2651 926 2690 Guntherum
961 2653 1129 2702 Ligurini

95 2695 186 2733 libro
216 2709 267 2734 vr.
304 2699 432 2747 quibus
462 2699 630 2738 mandata
671 2699 887 2748 perferenda*
924 2705 1129 2743 creduntur.

91 2746 187 2793 apud
204 2747 403 2794 Apuleium
431 2750 586 2787 Metam.
609 2762 660 2787 vr.
686 2751 843 2790 latrones
870 2752 1009 2791 asinum
1033 2769 1129 2792 men-

92 2795 208 2832 dacem
225 2796 328 2843 fic'lae
349 2799 590 2839 debilitatis&
604 2801 787 2849 virginalis
799 2804 904 2850 fugae
915 2805 1127 2853 sequestrum

93 2847 287 2894 appellant:
314 2850 351 2886 &
379 2852 530 2887 Metam.
553 2864 603 2889 ix.
641 2857 742 2888 Anus
761 2854 932 2899 quaedam
953 2856 1062 2904 stupri
1076 2858 1122 2903 fi·-

90 2897 222 2945 questra
245 2910 288 2937 ey·
317 2899 553 2937 adulterorum
590 2902 822 2940 internuncia.
858 2907 1058 2955 sequestrem
1084 2918 1127 2947 ῳ·

81 2946 244 2992 scaniam
264 2958 402 2987 veteres
419 2950 543 2989 dixiffe
569 2965 613 2990 ex
641 2954 687 2989 A.
716 2954 837 2991 Gellio
859 2964 955 3002 patet
983 2957 1042 2994 lib.
1065 2970 1125 2995 xx.

90 3006 166 3044 cap.
191 3010 234 3034 11.
263 3001 463 3048 Sequestrem
480 3002 783 3052 pacisdefignavir
805 3005 934 3042 Horat.
952 3006 974 3043 l.
999 3019 1043 3044 11.
1064 3009 1127 3046 od.

88 3058 178 3103 xlx..
194 3059 276 3086 cum
302 3050 416 3095 dixit,
441 3057 485 3088 Et
504 3053 594 3089 idem
611 3053 705 3102 pacis
725 3067 798 3090 eras
819 3056 1016 3106 mediusque
1037 3058 1126 3096 belli.

87 3097 218 3134 medlus
239 3100 410 3145 μεσίτης,
438 3102 483 3139 de
512 3115 588 3150 quo
608 3104 791 3142 vocabulo
814 3106 858 3144 ad
878 3107 1124 3146 Claudianum

89 3146 231 3185 abunde
257 3153 408 3199 egimus.
441 3154 666 3190 mediatorem
686 3155 870 3202 posteriori
900 3169 994 3196 aevo
1024 3159 1123 3196 dixe-

89 3203 180 3233 runt.
209 3199 371 3250 Maligne
391 3203 498 3250 igitur
517 3206 553 3242 &
574 3205 698 3242 inscite
720 3206 908 3246 Salmasius
930 3208 975 3245 de
1000 3210 1121 3248 Usuris

2078 584 2245 658 Quod

1202 733 1288 760 cum
1301 722 1467 763 Latinius
1478 726 1567 764 verri
1582 738 1657 764 non
1672 729 1845 776 potuerit.
1872 729 1936 779 qui
1951 729 2094 768 Latinis
2104 729 2248 777 arbitri,

1194 775 1396 822 sequestres,
1424 777 1554 821 medii,
1574 778 1770 817 hiGraecis
1783 781 1948 824 μεσὶτειι,
1978 780 2151 826 μῑσὶἑεοι,
2182 784 2245 817 καῖ

1203 826 1304 870 μέσοι,
1331 826 1432 865 Plura
1443 828 1586 874 Juretus
1607 829 1650 866 ad
1676 829 1939 878 Symmachum
1963 832 2247 880 lib.111.ep.72.

1202 876 1248 914 de
1268 877 1483 926 hujusmodi
1506 880 1630 917 naevis
1650 891 1694 916 ex
1722 882 1900 918 concursu
1920 882 2074 920 duarum
2097 882 2249 931 syllaba-

1200 939 1283 966 rum
1303 936 1365 966 aut
1385 940 1524 967 vocum
1549 939 1785 978 cognatarum
1806 933 2028 980 exortisjam
2049 933 2190 981 egimus
2201 932 2247 971 ad

1201 978 1310 1026 Epist.
1334 991 1411 1017 xw.
1439 994 1472 1017 v.
1498 992 1578 1027 194.
1614 981 1748 1019 Amor.
1771 995 1797 1019 1.
1818 982 1920 1030 Eleg.
1943 995 2030 1020 xxrr.
2056 983 2111 1025 ΧΤ.
2139 996 2169 1021 s.
2197 983 2246 1021 fic

1201 1029 1401 1077 Epist.xxx.
1417 1030 1472 1073 ybs.
1486 1032 1542 1079 58.
1556 1043 1622 1078 pro
1637 1059 1646 1075 ‚
1661 1033 1800 1080 perdere
1810 1032 1898 1069 velle
1909 1032 1996 1069 velis
2008 1061 2017 1077 ‚
2044 1033 2245 1081 legendum

1199 1082 1353 1125 monui,
1378 1081 1518 1130 perdere
1538 1082 1623 1118 dure
1643 1082 1740 1120 velis.
1780 1083 1890 1131 Apud
1914 1083 2141 1130 Propertium
2164 1085 2187 1122 l.
2214 1097 2246 1124 1.

1198 1130 1301 1179 Eleg.
1326 1144 1356 1169 1.
1384 1131 1445 1170 ubi
1466 1144 1566 1169 nunc
1585 1132 1811 1171 inconcinne
1835 1135 1872 1171 δε
1891 1133 2022 1182 frigide
2040 1134 2191 1182 legitur,

1250 1183 1327 1219 Ibat
1348 1193 1391 1222 (φ
1410 1182 1562 1230 hirsutas
1582 1182 1643 1220 ille
1662 1183 1780 1221 videre
1791 1186 1902 1231 feras.

1199 1231 1410 1271 Persuasum
1432 1233 1552 1271 habeo
1580 1233 1713 1272 debere
1731 1235 1857 1280 scribi,

1255 1282 1333 1319 Ibat
1348 1296 1391 1323 <9-
1412 1283 1565 1332 hirsutas
1584 1283 1643 1320 ille
1654 1285 1763 1331 ftrire
1779 1287 1889 1330 feras.

1199 1332 1264 1370 nifi
1287 1335 1402 1371 mavis
1416 1361 1425 1376 ‚
1455 1334 1586 1382 agitare
1597 1337 1706 1381 feras.
1734 1337 1772 1374 &
1793 1337 1895 1386 Eleg.
1918 1341 1983 1376 ΠΙ.

1251 1383 1318 1420 Illa
1333 1385 1412 1429 suit
1430 1384 1584 1422 lacrimis
1604 1385 1732 1423 ultima
1756 1400 1837 1424 cura
1862 1388 1958 1425 meis.

1199 1445 1284 1472 cum
1305 1438 1436 1483 opiner
1458 1447 1476 1473 a
1499 1448 1613 1473 manu
1639 1436 1818 1486 Propertii
1849 1438 1918 1476 esse
1933 1467 1943 1483 ,
1972 1438 2135 1487 lacrymis
2153 1440 2241 1478 ulti-

1197 1498 1258 1522 ma
1276 1496 1369 1523 meta
1387 1485 1485 1526 meis.
1513 1487 1712 1536 quomodo
1733 1489 1865 1526 Noster
1876 1490 2010 1528 Amor.
2025 1502 2087 1527 111.
2115 1503 2180 1531 xv.
2205 1505 2241 1531 z.

1247 1537 1400 1575 Raditur
1421 1538 1503 1574 haec
1521 1536 1618 1586 elegis
1635 1537 1763 1575 ultima
1784 1550 1876 1577 meta
1898 1540 1994 1580 meis.

1198 1587 1236 1624 δε
1265 1588 1339 1635 ipse
1370 1589 1577 1637 Propertius
1603 1588 1695 1627 libro
1721 1602 1773 1628 iv.
1805 1591 1906 1639 Eleg.
1937 1603 1983 1628 11.
2012 1597 2103 1629 Haec
2116 1592 2242 1640 spatiis,

1197 1637 1327 1676 ultima
1356 1649 1448 1677 meta
1479 1639 1573 1678 meis.
1605 1639 1780 1689 Eleg.v1.
1808 1641 1886 1679 libri
1908 1653 1936 1680 1.
1972 1642 2068 1692 apud
2085 1644 2241 1692 Properff

1197 1696 1289 1727 tium
1306 1718 1316 1735 ,

1248 1746 1299 1777 Tu
1315 1741 1438 1790 patrui
1453 1742 1596 1781 meritas
1618 1756 1737 1781 conare
1754 1743 1885 1781 anteire
1895 1743 2025 1791 secures
2039 1771 2050 1789 ,

1296 1797 1342 1829 Et
1364 1804 1483 1830 vetera
1504 1794 1618 1832 oblitis
1632 1796 1718 1843 jura
1739 1797 1825 1841 refer
1837 1794 1951 1843 sociis.

1190 1842 1294 1891 socios
1317 1844 1525 1893 Cyzicenos
1546 1846 1850 1894 interpretantur,
1878 1845 1937 1883 sed
1966 1856 2050 1883 cum
2072 1845 2177 1883 multi
2197 1845 2241 1883 li-

1197 1894 1249 1932 bri
1268 1903 1432 1940 veteres‚
1459 1897 1581 1943 referre
1601 1896 1695 1944 sonis
1724 1896 1943 1944 agnoscant,
1972 1906 2063 1944 puto
2083 1896 2239 1944 Proper-

1193 1945 1288 1983 tium
1312 1945 1513 1995 reliquisse,
1541 1948 1664 1993 referre
1673 1947 1774 1994 soris.
1812 1947 1854 1984 ln
1872 1947 1957 1984 foro
1983 1948 2084 1984 enim
2102 1947 2162 1995 jus
2183 1946 2241 1990 <112

1195 1996 1354 2034 cebatur.
1379 1997 1494 2035 rursus
1513 1997 1639 2046 Elegia
1653 2009 1743 2035 viu.

1244 2053 1343 2084 Nam
1363 2061 1416 2085 me
1437 2061 1504 2086 non
1523 2048 1614 2085 ullae
1624 2058 1786 2099 poterunt
1804 2056 2010 2097 corrumpere
2022 2049 2183 2094 formae,

1295 2099 1395 2146 §Quin
1413 2113 1466 2147 ego
1480 2128 1491 2144 ‚
1518 2099 1618 2144 vita,
1647 2109 1704 2136 tuo
1725 2099 1845 2136 limine
1865 2098 1987 2136 acerba
2007 2112 2143 2147 querar.

1191 2149 1241 2186 ita
1261 2151 1397 2198 opinor
1415 2149 1620 2188 scribendos
1651 2150 1732 2188 illos
1751 2149 1880 2188 versus.
1908 2158 2116 2199 corrumpere
2142 2147 2182 2186 de
2204 2157 2237 2185 ta

1191 2200 1297 2238 valde
1315 2201 1434 2249 friget.
1462 2200 1566 2238 idern
1587 2200 1646 2238 lib.
1670 2213 1714 2238 Π.
1735 2200 1836 2249 Eleg.
1859 2199 1922 2238 ult.

1244 2251 1508 2301 Amphictra'e'ae
1519 2251 1571 2288 nil
1585 2253 1726 2301 prosunt
1740 2253 1825 2298 fata
1845 2250 2034 2300 quadrigae
2047 2278 2058 2293 ,

1292 2307 1373 2339 Aut
1395 2303 1550 2352 Capanei
1570 2315 1694 2351 magno
1710 2313 1813 2351 grata
1837 2301 1941 2338 ruina
1962 2302 2067 2347 Jovi.

1189 2353 1242 2389 Tb
1262 2366 1384 2402 magno
1407 2365 1483 2390 non
1504 2362 1652 2402 apparet
1667 2354 1703 2391 in
1723 2352 1868 2390 vetustis
1891 2350 2077 2389 codicibus
2091 2379 2102 2395 ,
2131 2349 2234 2398 quod

1190 2414 1343 2452 magnus
1370 2403 1526 2452 Scaliger
1555 2404 1666 2441 etiam
1688 2405 1866 2447 monuit,
1902 2403 1966 2452 qui
1990 2401 2093 2439 valde
2114 2400 2232 2437 versus

1189 2454 1273 2491 illos
1295 2454 1507 2502 distorquet.
1539 2454 1683 2498 Scribe,

1242 2510 1321 2539 Aut
1344 2505 1496 2550 Capanei
1516 2504 1606 2539 irato
1620 2514 1722 2551 grata
1746 2502 1850 2539 ruina
1869 2501 1974 2546 Jovi.
2018 2519 2021 2522 ·

1188 2551 1281 2587 libro
1304 2563 1365 2588 ιιι.
1393 2552 1492 2598 Eleg.
1513 2563 1590 2588 xix.

1237 2607 1330 2638 Haec
1347 2614 1444 2636 amor
1460 2601 1523 2648 ipfie
1536 2604 1599 2648 suo
1623 2601 1816 2650 constringit
1832 2601 1971 2649 pignora
1981 2598 2090 2649 signo.

1291 2651 1390 2694 Testis
1402 2649 1552 2698 sidereae
1572 2661 1664 2686 torta
1685 2664 1803 2688 corona
1829 2651 1920 2688 deae.

1186 2700 1243 2738 alii
1262 2700 1308 2738 de
1337 2701 1487 2738 Corona
1517 2700 1701 2738 Ariadnea
1724 2729 1734 2746 ,
1770 2702 1827 2738 alli
1849 2701 1895 2738 de
1918 2701 2025 2738 Luna
2045 2701 2230 2750 accipiunt

1186 2758 1247 2788 aut
1269 2752 1429 2788 Venere.
1458 2751 1547 2789 nihil
1567 2752 1714 2789 horum.
1744 2753 1866 2800 Lege,

1239 2801 1338 2849 Testis
1354 2801 1474 2850 fiderei
1492 2812 1564 2837 tota
1585 2815 1703 2838 corona
1725 2803 1828 2840 chori.

1183 2852 1268 2889 astra
1290 2852 1460 2901 designat.
1487 2851 1534 2889 fic
1557 2852 1726 2890 Tibullus
1748 2854 1770 2890 1.
1795 2866 1837 2890 11.
1865 2852 1965 2900 Eleg.
1985 2866 2011 2890 1.

1234 2903 1381 2939 Ludite:
1411 2904 1490 2951 jam
1520 2909 1601 2939 Nox
1618 2904 1738 2952 jungit
1768 2917 1867 2954 equos
1890 2931 1901 2948 ,
1938 2915 2143 2953 currumque
2170 2904 2229 2953 seq

1401 2963 1561 3002 quantur

1285 3005 1417 3040 Matris
1437 3003 1564 3051 lascivo
1579 3002 1693 3052 sidera
1709 3005 1816 3047 fulva
1837 3006 1947 3045 choro.

1183 3053 1352 3092 Tibullus
1374 3055 1466 3092 libro
1488 3057 1631 3102 priin0‚
1662 3055 1762 3104 Eleg.
1786 3069 1816 3095 1.

1233 3111 1338 3142 Nunc
1365 3105 1451 3142 levis
1479 3106 1521 3152 est
1550 3106 1746 3142 tractanda
1769 3113 1907 3151 Venus,
1951 3107 2036 3145 d'um
2059 3109 2222 3155 frangere

1282 3213 1363 3244 Non
1376 3207 1504 3256 pudet,
1531 3217 1575 3247 (ρ’
1594 3207 1691 3245 rixas
1707 3207 1875 3258 inseruisse
1889 3209 2010 3257 juvat.

89 3253 165 3290 cap-
180 3247 233 3302 ¹.⁶.·
252 3260 437 3298 parentem
460 3265 585 3291 meum
601 3256 831 3304 reprehendit
846 3259 967 3306 ‚quod
985 3260 1020 3296 in
1040 3261 1121 3298 An·
1177 3269 1253 3295 non
1276 3258 1324 3295 est
1343 3258 1448 3306 plena
1468 3260 1600 3296 oratio.
1628 3261 1680 3294 Tb
1697 3260 1803 3302 juvat
1824 3262 1934 3297 ctiam
1949 3259 2023 3307 poll
2047 3257 2098 3312 ’fb
2113 3253 2220 3309 pudet

89 3291 232 3338 &011¹ss
257 3299 341 3340 loco
370 3303 521 3347 μεσίτην
550 3305 610 3345 seu
641 3306 744 3353 μέσον
774 3308 935 3348 medium
960 3312 1123 3351 verterit.
1177 3308 1306 3359 frigide
1322 3309 1536 3348 inculcatur.
1563 3310 1652 3348 Non
1673 3309 1802 3350 dubito
1820 3311 1863 3349 ab
1875 3304 2220 3357 elegannssirnoTr-

1392 3352 1448 3399 ‘D
1480 3370 1501 3411 3
2134 3353 2244 3392 buno·
