2495 3675
64 1729 136 1768 teri
161 1728 271 1766 Latio
293 1733 456 1775 receptus
483 1723 595 1773 quarn
631 1723 706 1762 aliis
740 1721 919 1772 gentibus.
965 1718 1101 1758 Noster

65 1780 113 1818 de
131 1779 363 1822 Tomitanis,
390 1778 426 1814 in
445 1776 538 1813 libris
562 1775 743 1813 Ponticis:
774 1785 839 1811 111.
865 1783 957 1810 vm.
979 1783 1024 1809 11.

115 1829 259 1868 Femina
276 1838 333 1876 pro
354 1826 441 1864 land
460 1827 605 1863 cerealia
624 1838 769 1863 munera
784 1823 927 1872 frangit
939 1850 949 1865 ,
1087 1842 1108 1846 ἡ

167 1878 393 1929 suppositoque
411 1890 554 1927 gravem
574 1876 703 1913 vertice
719 1884 835 1924 portat
856 1885 1000 1924 aquam.

65 1929 186 1979 deque
207 1931 348 1979 Argivis
369 1930 406 1966 in
430 1928 652 1965 Amatoriis:
681 1939 708 1963 1.
727 1940 763 1964 x.
784 1938 816 1974 5.

119 1979 246 2030 Qalis
267 1987 458 2028 Amymone
473 1977 567 2028 siccis
587 1976 720 2014 erravit
739 1977 776 2013 in
797 1976 887 2024 agris
900 2002 911 2019 ‚

401 201 1354 268 FASTORUM
1464 204 1832 262 L1ss.l'11.

369 325 760 399 Tum-quoque
786 321 1001 378 inermis
1024 335 1135 373 eras
1151 356 1165 381 ‚
1201 333 1325 372 cum
1347 329 1406 371 ‘te
1431 316 1678 373 Romana
1703 318 1943 375 sacerdos

438 398 629 469 Cepit;
670 411 728 452 ut
757 395 879 450 huic
905 391 1039 446 Urbi
1065 390 1259 445 semina
1292 390 1451 461 digna
1474 391 1642 445 dares,

368 471 458 526 Ilia
480 471 700 527 Vestalis
729 470 752 536 (
764 465 893 536 quid
923 464 1066 518 enim
1091 477 1234 518 vetat
1258 463 1383 517 inde
1407 465 1612 519 moveri
1629 465 1646 516 ?
1660 465 1690 535 )

438 544 591 598 Sacra
614 543 865 595 lavaturas
892 553 1046 590 mane
1075 535 1287 606 petebat
1314 553 1487 606 aquas,

365 616 605 672 Ventum
635 624 745 666 erat
783 610 850 663 ad
877 609 1020 663 molli
1038 607 1313 663 ,declivem
1339 609 1549 663 tramite
1573 610 1766 683 ripam:

433 685 656 742 Ponitur
684 683 714 737 e
739 682 940 737 summa
966 679 1134 735 fictilis
1158 698 1288 735 urna
1313 682 1487 734 coma.

356 759 399 814 F
402 756 498 813 effa
523 756 715 811 resedit
742 755 919 816 humi;
962 766 1258 826 ventosque
1285 758 1491 825 accepit
1516 768 1700 826 aperto

431 829 682 891 Pec'lore3
723 830 953 881 turbatas
980 826 1313 898 restituitque
1341 843 1538 880 comas.

358 902 507 958 Dum
532 900 708 963 sedet;
751 899 1027 955 umbrosae
1049 899 1255 961 saliceS,
1293 901 1643 970 volucresque
1669 916 1892 955 canorae

433 974 700 1029 Fecerunt
727 972 966 1033 somn08‚
1006 971 1059 1023 δε
1088 972 1202 1026 leve
1231 989 1470 1025 murmur
1497 989 1678 1042 aquae.

356 1047 558 1104 Blanda
580 1047 729 1119 quies
760 1043 907 1099 vistis
933 1044 1116 1098 furtim
1145 1044 1378 1114 subrepit
1410 1044 1617 1097 ocellis:

430 1121 502 1175 Et
527 1121 669 1174 cadit
695 1122 723 1173 a
749 1131 935 1173 mento
963 1116 1207 1187 languida
1231 1116 1364 1170 fafia
1388 1133 1588 1170 manus.

356 1193 506 1249 Mars
530 1193 677 1247 videt
701 1191 860 1254 hanc,
900 1189 1169 1261 visamque
1188 1190 1370 1259 cupit,
1408 1189 1720 1262 potiturque
1756 1189 2023 1262 cupitam:

431 1266 503 1320 Et
529 1266 614 1319 sua
639 1265 819 1318 divina
845 1265 985 1316 furta
1013 1262 1198 1314 fefellit
1225 1279 1344 1333 ope.

359 1339 588 1394 Somnus
613 1337 746 1391 abit:
784 1335 922 1406 jacet
951 1334 1034 1387 illa
1060 1333 1251 1404 gravis.
1286 1334 1393 1403 jam
1419 1333 1616 1387 scilieet
1644 1335 1783 1388 intra

427 1410 675 1472 Viscera,
712 1407 989 1462 Romanae
1014 1405 1265 1458 conditor
1297 1405 1481 1468 Urbis,
1521 1424 1648 1460 eras,

210 1504 276 1553 25
349 1481 635 1553 Languida
659 1479 960 1549 consurgit3
1002 1494 1102 1530 nec
1130 1477 1224 1530 scit
1251 1495 1347 1531 cui·
1373 1479 1619 1549 languida
1646 1479 1850 1551 surgat:

426 1555 498 1609 Et
522 1553 723 1627 peragit
753 1552 877 1606 tales
905 1550 1093 1606 arbore
1118 1549 1240 1604 nixa
1265 1550 1420 1605 sonos
1442 1576 1455 1615 ;

2125 224 2215 273 153

219 415 250 454 21
257 415 291 452 0

223 779 284 829 15

204 1140 283 1175 20

2087 1624 2208 1680 Uti-

1160 1722 1261 1759 Maz.
1284 1720 1323 1758 &
1340 1726 1498 1769 quatuor
1516 1718 1589 1756 alii.
1609 1718 1717 1756 bene.
1743 1718 1810 1758 nisi
1833 1718 2020 1757 Nasonem
2049 1726 2208 1756 conten-

1162 1772 1281 1810 dimus
1295 1769 1483 1818 scripfiffe,
1512 1770 1619 1806 victos
1639 1769 1774 1818 obrepfit
1786 1770 1910 1806 ocellos.
1943 1768 2044 1817 quod
2056 1770 2210 1806 verbum

1164 1824 1339 1860 Lucanus
1361 1832 1513 1870 quoque
1537 1832 1620 1857 curn
1643 1830 1776 1866 quarto
1798 1820 1879 1858 casu
1900 1820 2104 1868 conjungit.
2137 1819 2208 1855 Vi-

1163 1874 1208 1911 de
1230 1885 1325 1922 quae
1348 1880 1442 1909 noto
1474 1871 1567 1909 Met.
1588 1883 1657 1909 vu.
1678 1870 1735 1914 iss.
1761 1884 1841 1921 155.
1881 1870 2028 1908 Hiems.
2063 1869 2210 1907 Blandis

1162 1925 1300 1961 Mazar.
1322 1923 1426 1972 captis
1447 1922 1564 1960 Stroz.

1212 1987 1272 2012 21.
1300 1980 1403 2010 Asars
1435 1972 1533 2009 videt
1564 1972 1653 2009 hanc
1674 2000 1684 2017 ,
1723 1971 1906 2020 visamque
1927 1973 2037 2022 cupit,
2062 1970 2212 2021 potitur-

1162 2038 1225 2075 que
1242 2023 1398 2074 cupita.]
1437 2023 1535 2060 Citat
1556 2023 1654 2061 hunc
1676 2023 1816 2060 versum
1852 2023 2067 2060 Diomedes.
2097 2023 2211 2059 Con.

172 2035 264 2067 Cum
273 2030 574 2079 premeretsummt
586 2027 724 2064 verticis
736 2040 828 2063 urna
841 2038 964 2062 comas.
976 2026 1102 2062 NEAn.

120 2091 176 2130 13.
206 2087 350 2117 Ventum
362 2090 435 2117 erat
446 2080 493 2116 ad
505 2078 600 2115 molli
611 2077 777 2115 declivem
792 2076 934 2113 tramite
946 2076 1070 2122 ripam.
1083 2074 1099 2124 ]

65 2130 172 2169 Haec
184 2131 231 2168 est
244 2130 371 2168 Maffei
382 2132 418 2167 δε
433 2130 589 2167 duorum
614 2129 700 2165 Var.
712 2128 834 2165 leitio.
847 2128 976 2175 placer.
990 2127 1104 2162 CIOF.

68 2181 171 2218 Molli
193 2181 358 2217 declivem
381 2180 652 2228 praestantiores
679 2190 821 2216 omnes
853 2189 944 2215 unus
964 2175 1107 2213 Fames.

68 2231 164 2268 molli
182 2231 424 2268 declivam.1ic
439 2241 497 2279 per
519 2229 654 2266 decliva
667 2257 677 2273 ,
691 2241 756 2277 pro
775 2228 906 2265 declive
922 2255 930 2270 ‚
952 2228 1046 2263 Met.
1065 2238 1109 2262 11.

67 2281 123 2325 Jlss.
136 2283 218 2320 206.
231 2284 267 2320 in
281 2283 429 2330 optimis
448 2281 678 2318 membranis.
709 2280 850 2317 Hiems.
879 2278 1049 2316 Vidinfr
1073 2288 1107 2311 v.

72 2344 88 2369 1
99 2345 153 2380 54.
164 2344 289 2381 parum
302 2342 425 2370 tamen
442 2333 551 2369 refert
565 2359 575 2375 ,
595 2342 639 2369 an
652 2330 786 2367 mollem
797 2329 924 2366 declivi
939 2357 948 2371 ,
960 2341 1004 2365 an
1017 2325 1112 2363 molli

71 2383 235 2419 declivem
250 2382 392 2419 tramite
404 2381 514 2431 ripam
525 2383 701 2430 legamus.
721 2380 855 2417 mollem
865 2379 996 2416 declivo
1008 2378 1113 2415 ssern.

114 2444 184 2477 ις.
211 2434 301 2481 Fessa
321 2432 437 2478 resedit
459 2432 601 2479 humo]
654 2431 760 2467 Humi
791 2431 974 2467 meliores.
1002 2438 1112 2474 quare

73 2481 198 2519 frustra
220 2483 268 2519 est
299 2482 450 2525 Carrio,
476 2482 539 2529 qui
566 2482 610 2517 ad
640 2481 702 2516 lib.
727 2493 754 2516 1.
773 2492 857 2523 710.
886 2478 969 2515 Val.
992 2477 1113 2515 Flacci

67 2532 182 2579 sedere
202 2531 306 2567 humo
325 2530 449 2578 passim
470 2529 565 2577 apud
584 2529 750 2567 auctores
773 2527 964 2565 contendit
987 2527 1113 2575 legen-

75 2583 178 2621 dum.
207 2583 346 2620 HEle.
375 2580 461 2618 Vid.
483 2579 527 2617 ad
549 2591 610 2616 111.
635 2581 846 2625 Am.11.25.

130 2634 186 2670 16.
213 2629 478 2681 Restituicque.]
517 2629 776 2678 composuitque
798 2628 943 2666 Bonon.
966 2628 1004 2664 &
1026 2629 1115 2665 Mo—

71 2683 152 2721 reti.
171 2682 273 2732 quod
292 2693 368 2719 non
390 2680 594 2728 displicebat
625 2678 780 2716 Heinsio
794 2707 803 2723 ‚
831 2680 916 2727 quia
940 2679 1013 2715 hoc
1034 2690 1114 2715 ver-

72 2733 147 2776 bo‚·
164 2735 199 2771 in
219 2733 286 2770 hac
308 2743 345 2769 re
374 2732 546 2779 proprio,
575 2731 622 2767 ita
645 2730 748 2777 saepe
771 2730 879 2767 utitur
902 2728 1010 2765 Naso.
1040 2729 1114 2767 vid.

77 2796 92 2820 1
114 2785 246 2821 Amor.
265 2793 354 2820 κω.
383 2781 554 2819 &v1.68.
584 2793 626 2817 11.
641 2781 719 2817 Art.
739 2792 782 2818 11.
798 2791 880 2828 303.
910 2780 1116 2827 Rem.679.

78 2835 116 2872 ὃς
129 2835 225 2872 alibi.
245 2833 314 2871 Sed
333 2833 391 2869 hic
410 2831 627 2868 nihilmuto.
641 2832 880 2876 componitur
892 2830 989 2866 enirn
1005 2841 1114 2868 coma

76 2885 114 2922 in
126 2884 254 2933 majori
273 2884 353 2920 otio
375 2883 412 2920 δε
425 2882 468 2919 ad
487 2882 669 2930 speculum
686 2909 696 2923 ‚
730 2882 789 2918 hic
807 2880 956 2917 restituit
968 2889 1112 2919 tantum

78 2943 117 2973 ut
128 2942 280 2984 poterat.
291 2942 514 2981 recomponere
526 2932 615 2970 dixit
628 2945 640 2968 1
655 2931 741 2969 Am.
755 2943 826 2969 vn.
844 2930 896 2974 tiis.
912 2930 972 2971 ult.
987 2930 1112 2969 BURM.

129 2997 184 3032 17.
212 2983 403 3032 canorae]
435 2989 574 3019 sonorae
598 2983 732 3019 Mazar.

131 3047 186 3084 19.
215 3035 317 3071 viciis
337 3033 497 3083 [Μνῷ-[ιι
527 3032 671 3082 ocellis.]
719 3033 808 3070 Duo
827 3031 946 3069 Vatic.
967 3031 1115 3079 obrepsit.

78 3087 178 3124 Statii
197 3097 286 3122 vero
311 3098 319 3122 :
358 3085 462 3121 riolos
495 3081 638 3132 oppreffit
665 3082 791 3119 ocellos.
830 3082 977 3120 Maffi‘i:
1010 3083 1116 3119 Viblos

75 3134 238 3183 suppreffit
259 3134 384 3172 ocellos.
414 3135 582 3171 ClOFAN.
621 3131 782 3181 Sabrepfit
805 3133 920 3180 scripti
942 3134 1116 3181 plerique.

80 3186 181 3222 vietis
200 3187 329 3230 furtim
347 3183 508 3233 subrepfit
537 3193 613 3233 opt.
643 3183 812 3222 Ambros.
833 3192 1031 3233 utrumque
1053 3185 1114 3221 be-

80 3245 139 3272 ne.
166 3235 232 3282 Ep.
251 3235 392 3277 Herus,
422 3247 503 3272 xix.
525 3238 586 3280 46.

136 3283 197 3320 Sed
210 3294 321 3319 movet
340 3284 490 3332 obrepens
502 3285 642 3332 somnus
661 3284 755 3321 anile
775 3294 887 3334 caput.

71 3343 265 3384 &elpes-‘¹111
288 3333 344 3419 api
360 3360 371 3376 2
400 3335 504 3370 victos
525 3334 667 3384 oppreffit
687 3334 816 3375 ocellos.
843 3335 994 3384 subrepit
1010 3335 1047 3373 V
1051 3333 1115 3375 off.

299 3387 310 3396 ⁷
327 3395 390 3420 om.
418 3390 483 3422 ΙΙΙ.

1159 2076 1324 2124 cupitam
1347 2083 1423 2123 opt.
1446 2073 1613 2111 Ambros.
1643 2074 1747 2111 Laeti
1776 2076 1813 2110 ὃς
1835 2085 1926 2111 unus
1944 2072 2085 2110 Fames.
2110 2084 2205 2120 quo-

1161 2126 1278 2175 modo
1302 2126 1412 2162 etiarn
1433 2124 1520 2172 legit
1539 2125 1612 2161 hoc
1637 2124 1723 2162 loco
1751 2124 1953 2161 Diomedes
1975 2123 2206 2160 Grammati-

1163 2189 1236 2215 cus.
1265 2175 1442 2224 Apulejus
1475 2176 1631 2211 Metam.
1657 2187 1708 2211 xx.
1749 2181 1845 2210 Nam
1872 2173 1937 2221 fibi
1958 2175 2132 2219 statutam
2153 2173 2212 2209 de-

1167 2237 1362 2276 cretamque
1386 2235 1530 2262 mortem
1540 2234 1758 2273 proximare,
1783 2225 2007 2261 nimaturiur
2030 2225 2136 2271 cupito
2150 2233 2211 2271 po-

1168 2279 1290 2314 tiatur.
1343 2276 1397 2312 Tb
1439 2275 1543 2324 potiri
1587 2287 1672 2313 cum
1709 2283 1840 2325 quarto
1881 2275 1960 2312 casu
2001 2274 2212 2321 conjunxis-

1168 2329 1201 2365 se
1235 2327 1422 2365 Naevium
1453 2354 1463 2371 ,
1510 2327 1666 2364 Accium
1704 2354 1713 2369 ‚
1781 2327 1979 2363 Pacuvium
2003 2354 2012 2369 ,
2065 2326 2211 2362 Teren-

1168 2380 1261 2416 tium
1286 2406 1296 2422 ‚
1337 2378 1553 2414 Lucretium
1587 2389 1632 2413 ex
1668 2377 1796 2414 Nonio
1826 2377 2003 2413 Marcello
2031 2374 2214 2412 discimus.

1168 2429 1266 2466 idern
1297 2428 1419 2476 paffim
1443 2427 1600 2464 aliorum
1634 2427 1850 2463 auctoritate
1877 2426 1945 2462 hac
1973 2427 2007 2462 in
2029 2437 2066 2462 re
2085 2426 2208 2461 utitur.

1169 2479 1412 2526 Symmachus
1439 2476 1530 2513 libro
1564 2489 1590 2512 1.
1629 2476 1738 2523 prst.
1772 2487 1888 2512 xviri.
1928 2475 2053 2510 Potiris
2084 2474 2204 2509 merito

1167 2527 1305 2572 summa
1321 2525 1464 2573 judicia.
1495 2526 1610 2561 Cicer.
1625 2537 1653 2561 1.
1679 2525 1834 2562 Tuscul.
1865 2530 1957 2560 Cum
1979 2537 2030 2571 ego
2050 2524 2207 2567 doleam,

1161 2575 1195 2623 si
1221 2578 1268 2613 ad
1288 2577 1397 2613 decem
1430 2574 1543 2611 millia
1565 2588 1736 2611 annorum
1758 2586 1886 2616 ‘rentem
1909 2574 2068 2624 aliquam
2089 2573 2209 2610 urbem

1171 2627 1319 2672 nostram
1342 2626 1534 2675 potituram
1558 2636 1688 2675 putem.
1736 2625 1881 2663 Hms.
1926 2624 2012 2662 Vid.
2042 2625 2087 2662 ad
2119 2636 2209 2662 xm.

1170 2678 1264 2715 Met.
1289 2689 1372 2724 729.

1221 2741 1281 2766 22.
1312 2734 1419 2764 Furta
1441 2725 1575 2772 fefellit
1596 2726 1688 2777 ope]
1720 2733 1866 2763 Furtum
1884 2726 1957 2764 hoc
1978 2725 2077 2765 sensu
2099 2725 2211 2775 saepi-

1173 2779 1254 2817 cule
1276 2779 1410 2816 Po'e'ris.
1440 2777 1602 2815 Catullus
1622 2778 1666 2815 ad
1688 2779 1879 2814 Mallium:

1222 2829 1385 2878 Conjugis
1403 2828 1441 2864 in
1459 2828 1557 2876 culpa
1577 2827 1744 2876 flagravit
1765 2826 1941 2864 cotidiana
1955 2856 1964 2871 ,

1273 2881 1421 2926 Noscens
1439 2878 1606 2915 omnivoli
1621 2878 1776 2927 plurima
1796 2880 1902 2925 ficrta
1918 2878 2037 2924 Jovis.
2059 2880 2185 2916 NEAP.

1222 2943 1281 2967 22.
1311 2929 1483 2978 Fesellit.]
1512 2930 1785 2975 Ἐνεργητικῶς,
1814 2941 1880 2978 pro
1899 2929 2056 2974 abdidit,
2087 2930 2212 2969 occul-

1170 2981 1274 3018 tavit.
1296 2981 1471 3018 NEAPOL.

1221 3045 1241 3068 2
1252 3043 1280 3077 3.
1309 3029 1656 3081 Jacetipsagravis]
1670 3031 1764 3068 Scite
1774 3029 1905 3079 gravis.
1918 3030 2208 3068 affirmantenim

1170 3081 1312 3131 Phyfici
1342 3081 1512 3119 mulieres
1551 3083 1629 3130 post
1666 3083 1953 3131 conceptionem
1987 3083 2102 3119 statim
2134 3092 2212 3131 gra-

1169 3133 1325 3171 vescere.
1355 3133 1521 3169 CIOFAN.

1222 3195 1281 3232 23.
1308 3183 1400 3229 Jam
1416 3182 1572 3232 scilicet.]
1601 3182 1706 3220 Clam
1725 3183 1888 3221 Patavin.
1910 3195 1993 3218 nam
2014 3181 2130 3220 multi.

1222 3247 1281 3279 24.
1307 3233 1473 3270 Conditor
1494 3233 1586 3270 urbis
1606 3233 1722 3283 erat.]
1763 3239 1848 3270 liras
1876 3234 2013 3270 Mazar.
2034 3244 2084 3278 pr.
2109 3228 2210 3266 Med.

1172 3285 1211 3321 &
1241 3284 1412 3321 Politiani
1454 3283 1646 3332 Excerpta.
1676 3285 1780 3321 bene.
1820 3283 1992 3330 Sequenti
2024 3278 2124 3316 versu
2155 3290 2213 3314 nec

1162 3335 1232 3385 scit
1245 3335 1420 3421 meliorexj
1440 3361 1450 3379 ‚
1477 3346 1554 3374 non
1566 3334 1681 3384 nescit.
1694 3334 1989 3373 'Lulichcniianus
2012 3330 2192 3414 eleganier
2210 3340 2220 3363 ·.

2156 3390 2222 3414 an-
