<?xml version="1.0" encoding="UTF-8"?>
<!DOCTYPE html PUBLIC "-//W3C//DTD XHTML 1.0 Transitional//EN"
    "http://www.w3.org/TR/xhtml1/DTD/xhtml1-transitional.dtd">
<html xmlns="http://www.w3.org/1999/xhtml" xml:lang="en" lang="en">
 <head>
  <title>
</title>
<meta http-equiv="Content-Type" content="text/html;charset=utf-8" />
  <meta name='ocr-system' content='tesseract 3.04.00' />
  <meta name='ocr-capabilities' content='ocr_page ocr_carea ocr_par ocr_line ocrx_word'/>
</head>
<body>
  <div class='ocr_page' id='page_1' title='image "./publiiovidiinaso03ovid_0064.png"; bbox 0 0 2495 3675; ppageno 0'>
   <div class='ocr_carea' id='block_1_1' title="bbox 210 185 1237 276">
    <p class='ocr_par' dir='ltr' id='par_1_1' title="bbox 210 185 1237 276">
     <span class='ocr_line' id='line_1_1' title="bbox 210 185 1237 276; baseline -0.007 -26"><span class='ocrx_word' id='word_1_1' title='bbox 210 225 278 276; x_wconf 67' lang='lat'>50</span> <span class='ocrx_word' id='word_1_2' title='bbox 686 185 1237 253; x_wconf 85' lang='lat' dir='ltr'>P.OV1D11</span> 
     </span>
    </p>
   </div>
   <div class='ocr_carea' id='block_1_2' title="bbox 1309 183 1842 248">
    <p class='ocr_par' dir='ltr' id='par_1_2' title="bbox 1309 183 1842 248">
     <span class='ocr_line' id='line_1_2' title="bbox 1309 183 1842 248; baseline 0.013 -6"><span class='ocrx_word' id='word_1_3' title='bbox 1309 183 1842 248; x_wconf 88' lang='lat' dir='ltr'>NASONIS</span> 
     </span>
    </p>
   </div>
   <div class='ocr_carea' id='block_1_3' title="bbox 359 301 2001 677">
    <p class='ocr_par' dir='ltr' id='par_1_3' title="bbox 359 301 2001 677">
     <span class='ocr_line' id='line_1_3' title="bbox 359 301 2001 390; baseline -0.007 -19"><span class='ocrx_word' id='word_1_4' title='bbox 359 332 462 390; x_wconf 84' lang='lat'>505</span> <span class='ocrx_word' id='word_1_5' title='bbox 501 315 574 372; x_wconf 83' lang='lat' dir='ltr'>Et</span> <span class='ocrx_word' id='word_1_6' title='bbox 604 313 792 385; x_wconf 85' lang='lat' dir='ltr'>procul</span> <span class='ocrx_word' id='word_1_7' title='bbox 814 312 870 367; x_wconf 89' lang='lat' dir='ltr'>in</span> <span class='ocrx_word' id='word_1_8' title='bbox 894 308 1139 364; x_wconf 77' lang='lat' dir='ltr'><strong>dextram</strong></span> <span class='ocrx_word' id='word_1_9' title='bbox 1177 301 1405 358; x_wconf 86' lang='lat' dir='ltr'>tendens</span> <span class='ocrx_word' id='word_1_10' title='bbox 1430 303 1516 358; x_wconf 86' lang='lat' dir='ltr'>sua</span> <span class='ocrx_word' id='word_1_11' title='bbox 1553 304 1766 360; x_wconf 86' lang='lat' dir='ltr'>brachia</span> <span class='ocrx_word' id='word_1_12' title='bbox 1791 307 2001 381; x_wconf 69' lang='lat' dir='ltr'>ripam,</span> 
     </span>
     <span class='ocr_line' id='line_1_4' title="bbox 582 377 1644 450; baseline -0.01 -7"><span class='ocrx_word' id='word_1_13' title='bbox 582 388 744 442; x_wconf 82' lang='lat' dir='ltr'>Pinea</span> <span class='ocrx_word' id='word_1_14' title='bbox 770 403 879 441; x_wconf 88' lang='lat' dir='ltr'>non</span> <span class='ocrx_word' id='word_1_15' title='bbox 906 386 1027 437; x_wconf 83' lang='lat' dir='ltr'>sano</span> <span class='ocrx_word' id='word_1_16' title='bbox 1054 395 1134 433; x_wconf 87' lang='lat' dir='ltr'>ter</span> <span class='ocrx_word' id='word_1_17' title='bbox 1158 377 1300 450; x_wconf 77' lang='lat' dir='ltr'>pede</span> <span class='ocrx_word' id='word_1_18' title='bbox 1328 391 1476 432; x_wconf 76' lang='lat' dir='ltr'>texta</span> <span class='ocrx_word' id='word_1_19' title='bbox 1503 378 1644 433; x_wconf 88' lang='lat' dir='ltr'>ferit.</span> 
     </span>
     <span class='ocr_line' id='line_1_5' title="bbox 501 449 1863 524; baseline -0.01 -6"><span class='ocrx_word' id='word_1_20' title='bbox 501 463 656 519; x_wconf 83' lang='lat' dir='ltr'>Neve</span> <span class='ocrx_word' id='word_1_21' title='bbox 682 460 831 514; x_wconf 86' lang='lat' dir='ltr'>daret</span> <span class='ocrx_word' id='word_1_22' title='bbox 858 457 1045 512; x_wconf 87' lang='lat' dir='ltr'>saltum</span> <span class='ocrx_word' id='word_1_23' title='bbox 1080 449 1372 524; x_wconf 73' lang='lat' dir='ltr'>properans</span> <span class='ocrx_word' id='word_1_24' title='bbox 1399 450 1630 506; x_wconf 73' lang='lat' dir='ltr'>insistere</span> <span class='ocrx_word' id='word_1_25' title='bbox 1657 465 1863 517; x_wconf 73' lang='lat' dir='ltr'>terrae,</span> 
     </span>
     <span class='ocr_line' id='line_1_6' title="bbox 582 526 1739 598; baseline -0.009 -7"><span class='ocrx_word' id='word_1_26' title='bbox 582 535 692 591; x_wconf 75' lang='lat' dir='ltr'>vix</span> <span class='ocrx_word' id='word_1_27' title='bbox 719 531 794 587; x_wconf 90' lang='lat' dir='ltr'>est</span> <span class='ocrx_word' id='word_1_28' title='bbox 820 527 1054 584; x_wconf 75' lang='lat' dir='ltr'>Evandri</span> <span class='ocrx_word' id='word_1_29' title='bbox 1093 526 1290 598; x_wconf 78' lang='lat' dir='ltr'>vixque</span> <span class='ocrx_word' id='word_1_30' title='bbox 1317 537 1524 578; x_wconf 86' lang='lat' dir='ltr'>retenta</span> <span class='ocrx_word' id='word_1_31' title='bbox 1562 541 1739 581; x_wconf 87' lang='lat' dir='ltr'>manu.</span> 
     </span>
     <span class='ocr_line' id='line_1_7' title="bbox 510 596 1783 677; baseline -0.008 -13"><span class='ocrx_word' id='word_1_32' title='bbox 510 609 692 677; x_wconf 76' lang='lat' dir='ltr'>Dique</span> <span class='ocrx_word' id='word_1_33' title='bbox 718 605 1042 677; x_wconf 85' lang='lat' dir='ltr'>petitorum,</span> <span class='ocrx_word' id='word_1_34' title='bbox 1079 599 1246 659; x_wconf 83' lang='lat' dir='ltr'>dixit,</span> <span class='ocrx_word' id='word_1_35' title='bbox 1284 596 1478 651; x_wconf 86' lang='lat' dir='ltr'>salvete</span> <span class='ocrx_word' id='word_1_36' title='bbox 1503 598 1783 663; x_wconf 86' lang='lat' dir='ltr'>locorum;</span> 
     </span>
    </p>
   </div>
   <div class='ocr_carea' id='block_1_4' title="bbox 364 702 464 755">
    <p class='ocr_par' dir='ltr' id='par_1_4' title="bbox 364 702 464 755">
     <span class='ocr_line' id='line_1_8' title="bbox 364 702 464 755; baseline -0.01 -17"><span class='ocrx_word' id='word_1_37' title='bbox 364 702 464 755; x_wconf 86' lang='lat'>510</span> 
     </span>
    </p>
   </div>
   <div class='ocr_carea' id='block_1_5' title="bbox 578 671 1726 750">
    <p class='ocr_par' dir='ltr' id='par_1_5' title="bbox 578 671 1726 750">
     <span class='ocr_line' id='line_1_9' title="bbox 578 671 1726 750; baseline -0.007 -15"><span class='ocrx_word' id='word_1_38' title='bbox 578 681 780 750; x_wconf 80' lang='lat' dir='ltr'>Tuque</span> <span class='ocrx_word' id='word_1_39' title='bbox 807 691 978 730; x_wconf 85' lang='lat' dir='ltr'>novos</span> <span class='ocrx_word' id='word_1_40' title='bbox 1002 674 1160 728; x_wconf 86' lang='lat' dir='ltr'>coelo</span> <span class='ocrx_word' id='word_1_41' title='bbox 1186 686 1326 726; x_wconf 86' lang='lat' dir='ltr'>terra</span> <span class='ocrx_word' id='word_1_42' title='bbox 1351 671 1537 725; x_wconf 85' lang='lat' dir='ltr'>datura</span> <span class='ocrx_word' id='word_1_43' title='bbox 1569 671 1726 727; x_wconf 89' lang='lat' dir='ltr'>deos:</span> 
     </span>
    </p>
   </div>
   <div class='ocr_carea' id='block_1_6' title="bbox 364 743 2123 1190">
    <p class='ocr_par' dir='ltr' id='par_1_6' title="bbox 364 743 2123 1190">
     <span class='ocr_line' id='line_1_10' title="bbox 507 743 2123 824; baseline -0.003 -15"><span class='ocrx_word' id='word_1_44' title='bbox 507 753 889 824; x_wconf 81' lang='lat' dir='ltr'>Fluminaque,</span> <span class='ocrx_word' id='word_1_45' title='bbox 929 747 984 802; x_wconf 84' lang='lat'>&amp;</span> <span class='ocrx_word' id='word_1_46' title='bbox 1011 746 1237 809; x_wconf 77' lang='lat' dir='ltr'>FonteS,</span> <span class='ocrx_word' id='word_1_47' title='bbox 1277 744 1468 817; x_wconf 78' lang='lat' dir='ltr'>quibus</span> <span class='ocrx_word' id='word_1_48' title='bbox 1502 743 1672 799; x_wconf 88' lang='lat' dir='ltr'>utitur</span> <span class='ocrx_word' id='word_1_49' title='bbox 1696 745 1900 818; x_wconf 86' lang='lat' dir='ltr'>hospita</span> <span class='ocrx_word' id='word_1_50' title='bbox 1928 750 2123 814; x_wconf 39' lang='lat' dir='ltr'>tellusff}</span> 
     </span>
     <span class='ocr_line' id='line_1_11' title="bbox 582 817 1898 891; baseline -0.003 -12"><span class='ocrx_word' id='word_1_51' title='bbox 582 825 652 880; x_wconf 67' lang='lat' dir='ltr'>Et</span> <span class='ocrx_word' id='word_1_52' title='bbox 680 824 944 886; x_wconf 87' lang='lat' dir='ltr'>Nemora,</span> <span class='ocrx_word' id='word_1_53' title='bbox 985 820 1039 874; x_wconf 70' lang='grc' dir='ltr'>δε</span> <span class='ocrx_word' id='word_1_54' title='bbox 1069 820 1268 881; x_wconf 76' lang='lat' dir='ltr'>Silvae,</span> <span class='ocrx_word' id='word_1_55' title='bbox 1308 817 1685 891; x_wconf 73' lang='lat' dir='ltr'>Naiadumque</span> <span class='ocrx_word' id='word_1_56' title='bbox 1711 819 1898 885; x_wconf 84' lang='lat' dir='ltr'>chori3</span> 
     </span>
     <span class='ocr_line' id='line_1_12' title="bbox 511 891 1696 963; baseline -0.006 -10"><span class='ocrx_word' id='word_1_57' title='bbox 511 899 635 955; x_wconf 80' lang='lat' dir='ltr'>Este</span> <span class='ocrx_word' id='word_1_58' title='bbox 663 897 816 951; x_wconf 87' lang='lat' dir='ltr'>bonis</span> <span class='ocrx_word' id='word_1_59' title='bbox 841 897 1022 950; x_wconf 85' lang='lat' dir='ltr'>avibus</span> <span class='ocrx_word' id='word_1_60' title='bbox 1049 893 1141 948; x_wconf 85' lang='lat' dir='ltr'>vifi</span> <span class='ocrx_word' id='word_1_61' title='bbox 1166 905 1400 963; x_wconf 85' lang='lat' dir='ltr'>natoque</span> <span class='ocrx_word' id='word_1_62' title='bbox 1428 891 1696 963; x_wconf 81' lang='lat' dir='ltr'>mihique:</span> 
     </span>
     <span class='ocr_line' id='line_1_13' title="bbox 585 964 1553 1042; baseline -0.007 -17"><span class='ocrx_word' id='word_1_63' title='bbox 585 970 836 1042; x_wconf 84' lang='lat' dir='ltr'>Ripaque</span> <span class='ocrx_word' id='word_1_64' title='bbox 865 970 1006 1024; x_wconf 84' lang='lat' dir='ltr'>felici</span> <span class='ocrx_word' id='word_1_65' title='bbox 1034 966 1167 1022; x_wconf 71' lang='lat' dir='ltr'>taeta</span> <span class='ocrx_word' id='word_1_66' title='bbox 1196 966 1255 1020; x_wconf 84' lang='lat' dir='ltr'>fit</span> <span class='ocrx_word' id='word_1_67' title='bbox 1282 965 1372 1018; x_wconf 85' lang='lat' dir='ltr'>ista</span> <span class='ocrx_word' id='word_1_68' title='bbox 1399 964 1553 1036; x_wconf 87' lang='lat' dir='ltr'>pede.</span> 
     </span>
     <span class='ocr_line' id='line_1_14' title="bbox 364 1037 1791 1116; baseline -0.006 -16"><span class='ocrx_word' id='word_1_69' title='bbox 364 1065 460 1116; x_wconf 80' lang='lat'>515</span> <span class='ocrx_word' id='word_1_70' title='bbox 500 1044 705 1101; x_wconf 85' lang='lat' dir='ltr'>Fallor?</span> <span class='ocrx_word' id='word_1_71' title='bbox 749 1062 813 1097; x_wconf 89' lang='lat' dir='ltr'>an</span> <span class='ocrx_word' id='word_1_72' title='bbox 849 1043 904 1097; x_wconf 89' lang='lat' dir='ltr'>hi</span> <span class='ocrx_word' id='word_1_73' title='bbox 929 1042 1060 1097; x_wconf 88' lang='lat' dir='ltr'>fient</span> <span class='ocrx_word' id='word_1_74' title='bbox 1085 1039 1324 1111; x_wconf 86' lang='lat' dir='ltr'>ingentia</span> <span class='ocrx_word' id='word_1_75' title='bbox 1351 1037 1564 1091; x_wconf 88' lang='lat' dir='ltr'>moenia</span> <span class='ocrx_word' id='word_1_76' title='bbox 1590 1038 1791 1093; x_wconf 80' lang='lat' dir='ltr'>colles?</span> 
     </span>
     <span class='ocr_line' id='line_1_15' title="bbox 576 1111 1780 1190; baseline -0.007 -17"><span class='ocrx_word' id='word_1_77' title='bbox 576 1117 814 1190; x_wconf 75' lang='lat' dir='ltr'>juraque</span> <span class='ocrx_word' id='word_1_78' title='bbox 840 1115 902 1170; x_wconf 89' lang='lat' dir='ltr'>ab</span> <span class='ocrx_word' id='word_1_79' title='bbox 928 1117 1025 1170; x_wconf 88' lang='lat' dir='ltr'>hac</span> <span class='ocrx_word' id='word_1_80' title='bbox 1059 1116 1202 1169; x_wconf 72' lang='lat' dir='ltr'>terra</span> <span class='ocrx_word' id='word_1_81' title='bbox 1227 1126 1407 1167; x_wconf 87' lang='lat' dir='ltr'>cetera</span> <span class='ocrx_word' id='word_1_82' title='bbox 1434 1124 1574 1166; x_wconf 82' lang='lat' dir='ltr'>terra</span> <span class='ocrx_word' id='word_1_83' title='bbox 1599 1111 1780 1183; x_wconf 74' lang='lat' dir='ltr'>petet?</span> 
     </span>
    </p>
   </div>
   <div class='ocr_carea' id='block_1_7' title="bbox 211 1322 1282 2558">
    <p class='ocr_par' dir='ltr' id='par_1_7' title="bbox 219 1322 1271 1431">
     <span class='ocr_line' id='line_1_16' title="bbox 219 1322 1271 1378; baseline -0.014 -4"><span class='ocrx_word' id='word_1_84' title='bbox 219 1335 400 1374; x_wconf 87' lang='lat' dir='ltr'>ratianum</span> <span class='ocrx_word' id='word_1_85' title='bbox 432 1331 518 1373; x_wconf 86' lang='lat' dir='ltr'>illud</span> <span class='ocrx_word' id='word_1_86' title='bbox 549 1330 648 1370; x_wconf 82' lang='lat' dir='ltr'>molle</span> <span class='ocrx_word' id='word_1_87' title='bbox 671 1335 863 1369; x_wconf 75' lang='lat' dir='ltr'><em>Tarentum</em></span> <span class='ocrx_word' id='word_1_88' title='bbox 884 1358 895 1376; x_wconf 91' lang='lat'><strong>,</strong></span> <span class='ocrx_word' id='word_1_89' title='bbox 923 1328 1053 1378; x_wconf 77' lang='lat' dir='ltr'>nugari</span> <span class='ocrx_word' id='word_1_90' title='bbox 1081 1324 1142 1364; x_wconf 84' lang='lat' dir='ltr'>est.</span> <span class='ocrx_word' id='word_1_91' title='bbox 1170 1322 1271 1362; x_wconf 83' lang='lat' dir='ltr'>molle</span> 
     </span>
     <span class='ocr_line' id='line_1_17' title="bbox 221 1383 812 1431; baseline -0.01 -6"><span class='ocrx_word' id='word_1_92' title='bbox 221 1388 321 1425; x_wconf 82' lang='lat' dir='ltr'>enim</span> <span class='ocrx_word' id='word_1_93' title='bbox 347 1393 537 1423; x_wconf 81' lang='lat' dir='ltr'><em>Tarentum</em></span> <span class='ocrx_word' id='word_1_94' title='bbox 560 1392 600 1422; x_wconf 89' lang='lat' dir='ltr'>ut</span> <span class='ocrx_word' id='word_1_95' title='bbox 620 1383 812 1431; x_wconf 74' lang='lat' dir='ltr'>juvenali:</span> 
     </span>
    </p>

    <p class='ocr_par' dir='ltr' id='par_1_8' title="bbox 267 1431 1271 1485">
     <span class='ocr_line' id='line_1_18' title="bbox 267 1431 1271 1485; baseline -0.014 -9"><span class='ocrx_word' id='word_1_96' title='bbox 267 1459 338 1468; x_wconf 90' lang='lat'>—</span> <span class='ocrx_word' id='word_1_97' title='bbox 365 1447 567 1475; x_wconf 77' lang='lat' dir='ltr'>coronatum</span> <span class='ocrx_word' id='word_1_98' title='bbox 597 1447 640 1474; x_wconf 59' lang='lat' dir='ltr'>ca*</span> <span class='ocrx_word' id='word_1_99' title='bbox 659 1434 824 1485; x_wconf 82' lang='lat' dir='ltr'>petulans</span> <span class='ocrx_word' id='word_1_100' title='bbox 855 1431 1112 1480; x_wconf 73' lang='lat' dir='ltr'>madidamque</span> <span class='ocrx_word' id='word_1_101' title='bbox 1140 1432 1271 1464; x_wconf 84' lang='lat' dir='ltr'><em>Taren-</em></span> 
     </span>
    </p>

    <p class='ocr_par' dir='ltr' id='par_1_9' title="bbox 217 1487 1278 1690">
     <span class='ocr_line' id='line_1_19' title="bbox 397 1487 1125 1536; baseline -0.008 -11"><span class='ocrx_word' id='word_1_102' title='bbox 397 1499 486 1525; x_wconf 85' lang='lat' dir='ltr'>tum.</span> <span class='ocrx_word' id='word_1_103' title='bbox 535 1487 681 1525; x_wconf 63' lang='lat' dir='ltr'>Hfims.</span> <span class='ocrx_word' id='word_1_104' title='bbox 1120 1531 1125 1536; x_wconf 35' lang='grc' dir='ltr'>ι</span> 
     </span>
     <span class='ocr_line' id='line_1_20' title="bbox 222 1528 1275 1588; baseline -0.009 -13"><span class='ocrx_word' id='word_1_105' title='bbox 222 1537 322 1577; x_wconf 86' lang='lat' dir='ltr'>Vide</span> <span class='ocrx_word' id='word_1_106' title='bbox 347 1540 382 1577; x_wconf 87' lang='lat'>&amp;</span> <span class='ocrx_word' id='word_1_107' title='bbox 408 1539 533 1588; x_wconf 79' lang='lat' dir='ltr'>Sigon.</span> <span class='ocrx_word' id='word_1_108' title='bbox 553 1538 598 1576; x_wconf 88' lang='lat' dir='ltr'>ad</span> <span class='ocrx_word' id='word_1_109' title='bbox 619 1538 705 1575; x_wconf 88' lang='lat' dir='ltr'>Liv.</span> <span class='ocrx_word' id='word_1_110' title='bbox 724 1537 821 1585; x_wconf 80' lang='lat' dir='ltr'>Epir.</span> <span class='ocrx_word' id='word_1_111' title='bbox 838 1535 900 1573; x_wconf 87' lang='lat' dir='ltr'>lib.</span> <span class='ocrx_word' id='word_1_112' title='bbox 920 1546 1024 1573; x_wconf 74' lang='lat' dir='ltr'>xmx.</span> <span class='ocrx_word' id='word_1_113' title='bbox 1052 1531 1208 1569; x_wconf 76' lang='lat' dir='ltr'>Scriver.</span> <span class='ocrx_word' id='word_1_114' title='bbox 1230 1528 1275 1567; x_wconf 84' lang='lat' dir='ltr'>ad</span> 
     </span>
     <span class='ocr_line' id='line_1_21' title="bbox 217 1581 1278 1639; baseline -0.01 -11"><span class='ocrx_word' id='word_1_115' title='bbox 217 1590 378 1628; x_wconf 86' lang='lat' dir='ltr'>Martial.</span> <span class='ocrx_word' id='word_1_116' title='bbox 399 1603 431 1628; x_wconf 86' lang='lat' dir='ltr'>x.</span> <span class='ocrx_word' id='word_1_117' title='bbox 459 1590 528 1639; x_wconf 83' lang='lat' dir='ltr'>Ep.</span> <span class='ocrx_word' id='word_1_118' title='bbox 551 1591 611 1636; x_wconf 87' lang='lat'>63.</span> <span class='ocrx_word' id='word_1_119' title='bbox 640 1589 678 1625; x_wconf 88' lang='lat'>&amp;</span> <span class='ocrx_word' id='word_1_120' title='bbox 709 1589 858 1635; x_wconf 81' lang='lat' dir='ltr'>Rutger.</span> <span class='ocrx_word' id='word_1_121' title='bbox 883 1598 940 1626; x_wconf 82' lang='lat' dir='ltr'>xv.</span> <span class='ocrx_word' id='word_1_122' title='bbox 975 1585 1064 1622; x_wconf 87' lang='lat' dir='ltr'>Var.</span> <span class='ocrx_word' id='word_1_123' title='bbox 1088 1581 1196 1619; x_wconf 65' lang='lat' dir='ltr'>Lest-</span> <span class='ocrx_word' id='word_1_124' title='bbox 1219 1593 1278 1618; x_wconf 87' lang='lat'>10.</span> 
     </span>
     <span class='ocr_line' id='line_1_22' title="bbox 221 1638 1168 1690; baseline -0.005 -12"><span class='ocrx_word' id='word_1_125' title='bbox 221 1641 319 1690; x_wconf 81' lang='lat' dir='ltr'><em>cujus</em></span> <span class='ocrx_word' id='word_1_126' title='bbox 338 1641 435 1678; x_wconf 80' lang='lat' dir='ltr'><em>vada</em></span> <span class='ocrx_word' id='word_1_127' title='bbox 461 1642 641 1688; x_wconf 84' lang='lat' dir='ltr'>Excerpta</span> <span class='ocrx_word' id='word_1_128' title='bbox 663 1638 904 1675; x_wconf 82' lang='lat' dir='ltr'>Kloekhovii.</span> <span class='ocrx_word' id='word_1_129' title='bbox 1124 1683 1130 1690; x_wconf 33' lang='lat'>⁸</span> <span class='ocrx_word' id='word_1_130' title='bbox 1161 1684 1168 1689; x_wconf 41' lang='lat'><strong>·</strong></span> 
     </span>
    </p>

    <p class='ocr_par' dir='ltr' id='par_1_10' title="bbox 219 1684 1277 1781">
     <span class='ocr_line' id='line_1_23' title="bbox 273 1684 1277 1740; baseline -0.01 -10"><span class='ocrx_word' id='word_1_131' title='bbox 273 1704 359 1740; x_wconf 77' lang='lat'>502.</span> <span class='ocrx_word' id='word_1_132' title='bbox 388 1699 454 1729; x_wconf 83' lang='lat' dir='ltr'>Per</span> <span class='ocrx_word' id='word_1_133' title='bbox 485 1691 557 1728; x_wconf 86' lang='lat' dir='ltr'>loca</span> <span class='ocrx_word' id='word_1_134' title='bbox 577 1689 655 1740; x_wconf 86' lang='lat' dir='ltr'>sola</span> <span class='ocrx_word' id='word_1_135' title='bbox 686 1688 820 1739; x_wconf 85' lang='lat' dir='ltr'>casas.]</span> <span class='ocrx_word' id='word_1_136' title='bbox 877 1686 987 1726; x_wconf 81' lang='lat' dir='ltr'>Sedes</span> <span class='ocrx_word' id='word_1_137' title='bbox 1014 1684 1277 1733; x_wconf 85' lang='lat' dir='ltr'>Abongmum.</span> 
     </span>
     <span class='ocr_line' id='line_1_24' title="bbox 219 1742 400 1781; baseline 0 -1"><span class='ocrx_word' id='word_1_138' title='bbox 219 1742 400 1781; x_wconf 75' lang='lat' dir='ltr'>NEAPOL.</span> 
     </span>
    </p>

    <p class='ocr_par' dir='ltr' id='par_1_11' title="bbox 211 1786 1277 2093">
     <span class='ocr_line' id='line_1_25' title="bbox 272 1786 1276 1843; baseline -0.007 -13"><span class='ocrx_word' id='word_1_139' title='bbox 272 1805 357 1840; x_wconf 84' lang='lat'>502.</span> <span class='ocrx_word' id='word_1_140' title='bbox 386 1793 481 1830; x_wconf 83' lang='lat' dir='ltr'>Solas</span> <span class='ocrx_word' id='word_1_141' title='bbox 495 1801 554 1843; x_wconf 86' lang='lat' dir='ltr'>per</span> <span class='ocrx_word' id='word_1_142' title='bbox 568 1791 639 1829; x_wconf 84' lang='lat' dir='ltr'>loca</span> <span class='ocrx_word' id='word_1_143' title='bbox 653 1789 731 1837; x_wconf 74' lang='lat' dir='ltr'>sbla</span> <span class='ocrx_word' id='word_1_144' title='bbox 744 1788 868 1839; x_wconf 68' lang='lat' dir='ltr'>casas]</span> <span class='ocrx_word' id='word_1_145' title='bbox 899 1788 1038 1839; x_wconf 70' lang='lat' dir='ltr'>Sparfizs</span> <span class='ocrx_word' id='word_1_146' title='bbox 1051 1786 1144 1836; x_wconf 85' lang='lat' dir='ltr'>casas</span> <span class='ocrx_word' id='word_1_147' title='bbox 1155 1786 1276 1836; x_wconf 86' lang='lat' dir='ltr'>scripti</span> 
     </span>
     <span class='ocr_line' id='line_1_26' title="bbox 223 1839 1277 1893; baseline -0.006 -12"><span class='ocrx_word' id='word_1_148' title='bbox 223 1842 402 1893; x_wconf 88' lang='lat' dir='ltr'>plerique.</span> <span class='ocrx_word' id='word_1_149' title='bbox 430 1844 477 1882; x_wconf 88' lang='lat' dir='ltr'>fic</span> <span class='ocrx_word' id='word_1_150' title='bbox 493 1842 602 1893; x_wconf 84' lang='lat' dir='ltr'>sparfi</span> <span class='ocrx_word' id='word_1_151' title='bbox 623 1843 698 1879; x_wconf 85' lang='lat' dir='ltr'>lata</span> <span class='ocrx_word' id='word_1_152' title='bbox 714 1851 775 1891; x_wconf 87' lang='lat' dir='ltr'>per</span> <span class='ocrx_word' id='word_1_153' title='bbox 795 1853 889 1878; x_wconf 84' lang='lat' dir='ltr'><em>arva</em></span> <span class='ocrx_word' id='word_1_154' title='bbox 914 1854 1026 1889; x_wconf 80' lang='lat' dir='ltr'>greges</span> <span class='ocrx_word' id='word_1_155' title='bbox 1045 1839 1104 1877; x_wconf 85' lang='lat' dir='ltr'>lib.</span> <span class='ocrx_word' id='word_1_156' title='bbox 1125 1851 1172 1876; x_wconf 87' lang='lat'>11.</span> <span class='ocrx_word' id='word_1_157' title='bbox 1189 1850 1277 1875; x_wconf 83' lang='lat'>210.</span> 
     </span>
     <span class='ocr_line' id='line_1_27' title="bbox 223 1889 1274 1944; baseline -0.007 -12"><span class='ocrx_word' id='word_1_158' title='bbox 223 1894 263 1932; x_wconf 74' lang='grc' dir='ltr'>ὅ(</span> <span class='ocrx_word' id='word_1_159' title='bbox 282 1893 342 1932; x_wconf 70' lang='lat' dir='ltr'>lib,</span> <span class='ocrx_word' id='word_1_160' title='bbox 358 1907 412 1933; x_wconf 80' lang='lat' dir='ltr'>tv.</span> <span class='ocrx_word' id='word_1_161' title='bbox 436 1896 522 1942; x_wconf 88' lang='lat'><strong>760.</strong></span> <span class='ocrx_word' id='word_1_162' title='bbox 543 1892 654 1944; x_wconf 82' lang='lat' dir='ltr'><em>sparst</em></span> <span class='ocrx_word' id='word_1_163' title='bbox 668 1902 727 1942; x_wconf 83' lang='lat' dir='ltr'>per</span> <span class='ocrx_word' id='word_1_164' title='bbox 747 1906 867 1929; x_wconf 77' lang='lat' dir='ltr'>nemus</span> <span class='ocrx_word' id='word_1_165' title='bbox 885 1905 982 1929; x_wconf 87' lang='lat' dir='ltr'>omne</span> <span class='ocrx_word' id='word_1_166' title='bbox 1000 1891 1066 1928; x_wconf 82' lang='lat' dir='ltr'>dei.</span> <span class='ocrx_word' id='word_1_167' title='bbox 1090 1889 1274 1934; x_wconf 71' lang='lat' dir='ltr'>&amp;v.640.</span> 
     </span>
     <span class='ocr_line' id='line_1_28' title="bbox 211 1941 1275 1994; baseline -0.004 -14"><span class='ocrx_word' id='word_1_168' title='bbox 211 1943 326 1994; x_wconf 76' lang='lat' dir='ltr'>sparsi</span> <span class='ocrx_word' id='word_1_169' title='bbox 346 1945 457 1985; x_wconf 81' lang='lat' dir='ltr'><em>boves.</em></span> <span class='ocrx_word' id='word_1_170' title='bbox 485 1947 533 1984; x_wconf 85' lang='lat' dir='ltr'>ita</span> <span class='ocrx_word' id='word_1_171' title='bbox 555 1947 593 1982; x_wconf 69' lang='lat' dir='ltr'>ts&lt;</span> <span class='ocrx_word' id='word_1_172' title='bbox 616 1944 736 1994; x_wconf 79' lang='lat' dir='ltr'><em>sparsa</em></span> <span class='ocrx_word' id='word_1_173' title='bbox 758 1943 935 1992; x_wconf 83' lang='lat' dir='ltr'><em>mapalia,</em></span> <span class='ocrx_word' id='word_1_174' title='bbox 968 1944 1006 1980; x_wconf 90' lang='lat'>&amp;</span> <span class='ocrx_word' id='word_1_175' title='bbox 1027 1941 1173 1991; x_wconf 84' lang='lat' dir='ltr'>dispersa</span> <span class='ocrx_word' id='word_1_176' title='bbox 1197 1953 1275 1977; x_wconf 81' lang='lat' dir='ltr'>ma-</span> 
     </span>
     <span class='ocr_line' id='line_1_29' title="bbox 216 1991 1276 2046; baseline -0.003 -15"><span class='ocrx_word' id='word_1_177' title='bbox 216 1996 317 2046; x_wconf 89' lang='lat' dir='ltr'><em>palia</em></span> <span class='ocrx_word' id='word_1_178' title='bbox 339 1998 435 2046; x_wconf 86' lang='lat' dir='ltr'>apud</span> <span class='ocrx_word' id='word_1_179' title='bbox 455 1996 632 2036; x_wconf 59' lang='lat' dir='ltr'>auctores.</span> <span class='ocrx_word' id='word_1_180' title='bbox 657 1995 767 2044; x_wconf 61' lang='grc' dir='ltr'>[μαψ</span> <span class='ocrx_word' id='word_1_181' title='bbox 786 1995 918 2032; x_wconf 80' lang='lat' dir='ltr'>concita</span> <span class='ocrx_word' id='word_1_182' title='bbox 938 1994 1071 2044; x_wconf 82' lang='lat' dir='ltr'><em>mapali</em></span> <span class='ocrx_word' id='word_1_183' title='bbox 1090 1991 1276 2042; x_wconf 82' lang='lat' dir='ltr'><em>Agrestum</em></span> 
     </span>
     <span class='ocr_line' id='line_1_30' title="bbox 221 2046 1038 2093; baseline 0 -9"><span class='ocrx_word' id='word_1_184' title='bbox 221 2059 350 2084; x_wconf 81' lang='lat' dir='ltr'>manus</span> <span class='ocrx_word' id='word_1_185' title='bbox 378 2049 460 2086; x_wconf 85' lang='lat' dir='ltr'>Val.</span> <span class='ocrx_word' id='word_1_186' title='bbox 482 2049 612 2086; x_wconf 84' lang='lat' dir='ltr'>Flacco</span> <span class='ocrx_word' id='word_1_187' title='bbox 631 2048 691 2085; x_wconf 85' lang='lat' dir='ltr'>lib.</span> <span class='ocrx_word' id='word_1_188' title='bbox 714 2059 757 2083; x_wconf 89' lang='lat'>11.</span> <span class='ocrx_word' id='word_1_189' title='bbox 777 2047 861 2093; x_wconf 78' lang='lat'><strong>460.</strong></span> <span class='ocrx_word' id='word_1_190' title='bbox 892 2046 1038 2084; x_wconf 69' lang='lat' dir='ltr'>Hnms.</span> 
     </span>
    </p>

    <p class='ocr_par' dir='ltr' id='par_1_12' title="bbox 221 2095 1276 2190">
     <span class='ocr_line' id='line_1_31' title="bbox 282 2095 1276 2149; baseline -0.004 -13"><span class='ocrx_word' id='word_1_191' title='bbox 282 2110 368 2148; x_wconf 80' lang='lat'><em>503.</em></span> <span class='ocrx_word' id='word_1_192' title='bbox 398 2097 595 2149; x_wconf 81' lang='lat' dir='ltr'>Immiffis.]</span> <span class='ocrx_word' id='word_1_193' title='bbox 636 2097 781 2136; x_wconf 80' lang='lat' dir='ltr'>Incultis</span> <span class='ocrx_word' id='word_1_194' title='bbox 805 2097 865 2136; x_wconf 82' lang='lat' dir='ltr'>vel</span> <span class='ocrx_word' id='word_1_195' title='bbox 883 2096 1027 2147; x_wconf 83' lang='lat' dir='ltr'><em>hirsutis</em></span> <span class='ocrx_word' id='word_1_196' title='bbox 1046 2096 1203 2135; x_wconf 77' lang='lat' dir='ltr'>Moreti.</span> <span class='ocrx_word' id='word_1_197' title='bbox 1219 2095 1276 2134; x_wconf 84' lang='lat' dir='ltr'>in-</span> 
     </span>
     <span class='ocr_line' id='line_1_32' title="bbox 221 2149 453 2190; baseline 0.017 -4"><span class='ocrx_word' id='word_1_198' title='bbox 221 2158 282 2187; x_wconf 78' lang='lat' dir='ltr'>ton</span> <span class='ocrx_word' id='word_1_199' title='bbox 296 2163 325 2186; x_wconf 76' lang='lat' dir='ltr'>ts</span> <span class='ocrx_word' id='word_1_200' title='bbox 344 2149 453 2190; x_wconf 77' lang='lat' dir='ltr'>Bern-</span> 
     </span>
    </p>

    <p class='ocr_par' dir='ltr' id='par_1_13' title="bbox 226 2149 1276 2353">
     <span class='ocr_line' id='line_1_33' title="bbox 276 2149 1275 2250; baseline -0.004 -11"><span class='ocrx_word' id='word_1_201' title='bbox 276 2149 360 2250; x_wconf 40' lang='grc' dir='ltr'>ἐκ.</span> <span class='ocrx_word' id='word_1_202' title='bbox 391 2201 644 2250; x_wconf 84' lang='lat' dir='ltr'>Continuitque</span> <span class='ocrx_word' id='word_1_203' title='bbox 671 2200 862 2250; x_wconf 72' lang='lat' dir='ltr'>manum]</span> <span class='ocrx_word' id='word_1_204' title='bbox 912 2206 1030 2238; x_wconf 86' lang='lat' dir='ltr'><em>Manu</em></span> <span class='ocrx_word' id='word_1_205' title='bbox 1060 2198 1233 2238; x_wconf 82' lang='lat' dir='ltr'>Francos.</span> <span class='ocrx_word' id='word_1_206' title='bbox 1254 2209 1275 2235; x_wconf 88' lang='lat' dir='ltr'>a</span> 
     </span>
     <span class='ocr_line' id='line_1_34' title="bbox 226 2251 1276 2301; baseline -0.004 -11"><span class='ocrx_word' id='word_1_207' title='bbox 226 2262 278 2290; x_wconf 84' lang='lat' dir='ltr'>m.</span> <span class='ocrx_word' id='word_1_208' title='bbox 305 2264 356 2301; x_wconf 87' lang='lat' dir='ltr'>pr.</span> <span class='ocrx_word' id='word_1_209' title='bbox 379 2254 560 2301; x_wconf 86' lang='lat' dir='ltr'>Excerpta</span> <span class='ocrx_word' id='word_1_210' title='bbox 592 2253 750 2290; x_wconf 86' lang='lat' dir='ltr'>Douzae</span> <span class='ocrx_word' id='word_1_211' title='bbox 771 2254 809 2289; x_wconf 88' lang='lat'>&amp;</span> <span class='ocrx_word' id='word_1_212' title='bbox 831 2252 998 2301; x_wconf 88' lang='lat' dir='ltr'>quinque</span> <span class='ocrx_word' id='word_1_213' title='bbox 1030 2251 1104 2289; x_wconf 86' lang='lat' dir='ltr'>alii.</span> <span class='ocrx_word' id='word_1_214' title='bbox 1141 2256 1276 2287; x_wconf 80' lang='lat' dir='ltr'><em>Manus</em></span> 
     </span>
     <span class='ocr_line' id='line_1_35' title="bbox 227 2301 1086 2353; baseline -0.003 -12"><span class='ocrx_word' id='word_1_215' title='bbox 227 2301 305 2341; x_wconf 90' lang='lat' dir='ltr'>duo</span> <span class='ocrx_word' id='word_1_216' title='bbox 326 2303 398 2342; x_wconf 85' lang='lat' dir='ltr'>alii.</span> <span class='ocrx_word' id='word_1_217' title='bbox 431 2304 693 2353; x_wconf 80' lang='lat' dir='ltr'>Continuatque</span> <span class='ocrx_word' id='word_1_218' title='bbox 724 2303 905 2352; x_wconf 85' lang='lat' dir='ltr'>Excerpta</span> <span class='ocrx_word' id='word_1_219' title='bbox 925 2302 1086 2340; x_wconf 66' lang='lat' dir='ltr'>Kloelzh.</span> 
     </span>
    </p>

    <p class='ocr_par' dir='ltr' id='par_1_14' title="bbox 232 2352 1282 2456">
     <span class='ocr_line' id='line_1_36' title="bbox 281 2352 1282 2405; baseline -0.001 -14"><span class='ocrx_word' id='word_1_220' title='bbox 281 2364 367 2404; x_wconf 80' lang='lat'><em>305.</em></span> <span class='ocrx_word' id='word_1_221' title='bbox 395 2354 584 2405; x_wconf 53' lang='lat' dir='ltr'>Brachia]</span> <span class='ocrx_word' id='word_1_222' title='bbox 634 2354 787 2392; x_wconf 88' lang='lat' dir='ltr'>Lumina</span> <span class='ocrx_word' id='word_1_223' title='bbox 817 2355 937 2403; x_wconf 85' lang='lat' dir='ltr'>Marg.</span> <span class='ocrx_word' id='word_1_224' title='bbox 966 2352 1101 2391; x_wconf 85' lang='lat' dir='ltr'>Bersm.</span> <span class='ocrx_word' id='word_1_225' title='bbox 1123 2353 1162 2390; x_wconf 87' lang='lat'>&amp;</span> <span class='ocrx_word' id='word_1_226' title='bbox 1185 2353 1282 2402; x_wconf 82' lang='lat' dir='ltr'>Gry-</span> 
     </span>
     <span class='ocr_line' id='line_1_37' title="bbox 232 2403 858 2456; baseline 0.002 -13"><span class='ocrx_word' id='word_1_227' title='bbox 232 2403 321 2453; x_wconf 86' lang='lat' dir='ltr'>phn&#39;.</span> <span class='ocrx_word' id='word_1_228' title='bbox 346 2417 437 2445; x_wconf 86' lang='lat' dir='ltr'>mox</span> <span class='ocrx_word' id='word_1_229' title='bbox 451 2436 463 2451; x_wconf 90' lang='lat'><strong>,</strong></span> <span class='ocrx_word' id='word_1_230' title='bbox 491 2420 569 2443; x_wconf 88' lang='lat' dir='ltr'>cum</span> <span class='ocrx_word' id='word_1_231' title='bbox 587 2405 669 2456; x_wconf 80' lang='lat' dir='ltr'>pede</span> <span class='ocrx_word' id='word_1_232' title='bbox 687 2405 858 2444; x_wconf 84' lang='lat' dir='ltr'>Bernens.</span> 
     </span>
    </p>

    <p class='ocr_par' dir='ltr' id='par_1_15' title="bbox 235 2453 1279 2558">
     <span class='ocr_line' id='line_1_38' title="bbox 281 2453 1279 2507; baseline -0.001 -14"><span class='ocrx_word' id='word_1_233' title='bbox 281 2459 366 2504; x_wconf 78' lang='lat'>506.</span> <span class='ocrx_word' id='word_1_234' title='bbox 396 2458 505 2495; x_wconf 78' lang='lat' dir='ltr'><em>Pinea</em></span> <span class='ocrx_word' id='word_1_235' title='bbox 528 2456 666 2507; x_wconf 88' lang='lat' dir='ltr'>texta.]</span> <span class='ocrx_word' id='word_1_236' title='bbox 697 2457 787 2495; x_wconf 90' lang='lat' dir='ltr'>Hoc</span> <span class='ocrx_word' id='word_1_237' title='bbox 807 2456 875 2500; x_wconf 79' lang='lat' dir='ltr'>est,</span> <span class='ocrx_word' id='word_1_238' title='bbox 905 2456 1045 2494; x_wconf 86' lang='lat' dir='ltr'><em>navim.</em></span> <span class='ocrx_word' id='word_1_239' title='bbox 1076 2453 1279 2504; x_wconf 81' lang='lat' dir='ltr'>Loquendi</span> 
     </span>
     <span class='ocr_line' id='line_1_39' title="bbox 235 2505 1168 2558; baseline -0.001 -14"><span class='ocrx_word' id='word_1_240' title='bbox 235 2507 371 2546; x_wconf 88' lang='lat' dir='ltr'>modus</span> <span class='ocrx_word' id='word_1_241' title='bbox 388 2509 572 2558; x_wconf 87' lang='lat' dir='ltr'>antiquus.</span> <span class='ocrx_word' id='word_1_242' title='bbox 595 2509 632 2545; x_wconf 88' lang='lat' dir='ltr'>in</span> <span class='ocrx_word' id='word_1_243' title='bbox 655 2519 735 2546; x_wconf 78' lang='lat' dir='ltr'>xxv,</span> <span class='ocrx_word' id='word_1_244' title='bbox 754 2505 1053 2556; x_wconf 86' lang='lat' dir='ltr'>Metamorphofi</span> <span class='ocrx_word' id='word_1_245' title='bbox 1083 2517 1168 2555; x_wconf 81' lang='lat'><em>530.</em></span> 
     </span>
    </p>
   </div>
   <div class='ocr_carea' id='block_1_8' title="bbox 513 2572 1156 2623">
    <p class='ocr_par' dir='ltr' id='par_1_16' title="bbox 513 2572 1156 2623">
     <span class='ocr_line' id='line_1_40' title="bbox 513 2572 1156 2623; baseline -0.006 -11"><span class='ocrx_word' id='word_1_246' title='bbox 513 2580 592 2612; x_wconf 82' lang='lat' dir='ltr'>Fert</span> <span class='ocrx_word' id='word_1_247' title='bbox 608 2573 673 2623; x_wconf 84' lang='lat' dir='ltr'>ipse</span> <span class='ocrx_word' id='word_1_248' title='bbox 691 2573 821 2611; x_wconf 77' lang='lat' dir='ltr'>avidas</span> <span class='ocrx_word' id='word_1_249' title='bbox 839 2573 877 2611; x_wconf 86' lang='lat' dir='ltr'>in</span> <span class='ocrx_word' id='word_1_250' title='bbox 890 2572 995 2622; x_wconf 86' lang='lat' dir='ltr'>pinea</span> <span class='ocrx_word' id='word_1_251' title='bbox 1016 2576 1156 2608; x_wconf 81' lang='lat' dir='ltr'>Turnus</span> 
     </span>
    </p>
   </div>
   <div class='ocr_carea' id='block_1_9' title="bbox 333 2586 482 2596">
    <p class='ocr_par' dir='ltr' id='par_1_17' title="bbox 333 2586 482 2596">
     <span class='ocr_line' id='line_1_41' title="bbox 333 2586 482 2596; baseline 0 1079"><span class='ocrx_word' id='word_1_252' title='bbox 333 2586 482 2596; x_wconf 95' lang='lat' dir='ltr'> </span> 
     </span>
    </p>
   </div>
   <div class='ocr_carea' id='block_1_10' title="bbox 539 2636 688 2646">
    <p class='ocr_par' dir='ltr' id='par_1_18' title="bbox 539 2636 688 2646">
     <span class='ocr_line' id='line_1_42' title="bbox 539 2636 688 2646; baseline 0 1029"><span class='ocrx_word' id='word_1_253' title='bbox 539 2636 688 2646; x_wconf 95' lang='lat' dir='ltr'> </span> 
     </span>
    </p>
   </div>
   <div class='ocr_carea' id='block_1_11' title="bbox 283 2625 512 2670">
    <p class='ocr_par' dir='ltr' id='par_1_19' title="bbox 283 2625 512 2670">
     <span class='ocr_line' id='line_1_43' title="bbox 283 2625 512 2670; baseline 0.017 -12"><span class='ocrx_word' id='word_1_254' title='bbox 283 2625 512 2670; x_wconf 80' lang='lat' dir='ltr'>Textasaces.</span> 
     </span>
    </p>
   </div>
   <div class='ocr_carea' id='block_1_12' title="bbox 234 2685 1286 3248">
    <p class='ocr_par' dir='ltr' id='par_1_20' title="bbox 234 2685 1281 2778">
     <span class='ocr_line' id='line_1_44' title="bbox 235 2685 1281 2735; baseline -0.001 -12"><span class='ocrx_word' id='word_1_255' title='bbox 235 2686 273 2724; x_wconf 72' lang='grc' dir='ltr'>δε</span> <span class='ocrx_word' id='word_1_256' title='bbox 297 2687 393 2724; x_wconf 79' lang='lat' dir='ltr'>forte</span> <span class='ocrx_word' id='word_1_257' title='bbox 420 2689 564 2728; x_wconf 86' lang='lat' dir='ltr'>haustus</span> <span class='ocrx_word' id='word_1_258' title='bbox 598 2689 617 2727; x_wconf 81' lang='grc' dir='ltr'><strong>ὲ</strong></span> <span class='ocrx_word' id='word_1_259' title='bbox 650 2689 813 2727; x_wconf 88' lang='lat' dir='ltr'>Catullo.</span> <span class='ocrx_word' id='word_1_260' title='bbox 842 2688 906 2725; x_wconf 86' lang='lat' dir='ltr'>hic</span> <span class='ocrx_word' id='word_1_261' title='bbox 935 2687 974 2724; x_wconf 89' lang='lat' dir='ltr'>in</span> <span class='ocrx_word' id='word_1_262' title='bbox 1002 2687 1139 2735; x_wconf 82' lang='lat' dir='ltr'>nuptiis</span> <span class='ocrx_word' id='word_1_263' title='bbox 1157 2685 1281 2723; x_wconf 88' lang='lat' dir='ltr'>Pelei:</span> 
     </span>
     <span class='ocr_line' id='line_1_45' title="bbox 234 2738 832 2778; baseline -0.002 -2"><span class='ocrx_word' id='word_1_264' title='bbox 234 2738 413 2776; x_wconf 77' lang='lat' dir='ltr'><strong>NEAPOL.</strong></span> <span class='ocrx_word' id='word_1_265' title='bbox 433 2740 506 2778; x_wconf 81' lang='lat' dir='ltr'>vid.</span> <span class='ocrx_word' id='word_1_266' title='bbox 527 2740 572 2778; x_wconf 87' lang='lat' dir='ltr'>ad</span> <span class='ocrx_word' id='word_1_267' title='bbox 591 2740 832 2778; x_wconf 84' lang='lat' dir='ltr'>d.1.Metarn.</span> 
     </span>
    </p>

    <p class='ocr_par' dir='ltr' id='par_1_21' title="bbox 236 2787 1285 3093">
     <span class='ocr_line' id='line_1_46' title="bbox 289 2787 1282 2840; baseline -0.002 -15"><span class='ocrx_word' id='word_1_268' title='bbox 289 2799 372 2837; x_wconf 82' lang='lat'>507.</span> <span class='ocrx_word' id='word_1_269' title='bbox 403 2789 741 2840; x_wconf 78' lang='lat' dir='ltr'>Properansinfistere</span> <span class='ocrx_word' id='word_1_270' title='bbox 758 2787 888 2839; x_wconf 51' lang='lat' dir='ltr'>ripam]</span> <span class='ocrx_word' id='word_1_271' title='bbox 901 2788 1129 2826; x_wconf 83' lang='lat' dir='ltr'>Vetustiores</span> <span class='ocrx_word' id='word_1_272' title='bbox 1143 2797 1282 2836; x_wconf 87' lang='lat' dir='ltr'>magno</span> 
     </span>
     <span class='ocr_line' id='line_1_47' title="bbox 236 2839 1281 2886; baseline -0.003 -9"><span class='ocrx_word' id='word_1_273' title='bbox 236 2849 418 2885; x_wconf 79' lang='lat' dir='ltr'>numero,</span> <span class='ocrx_word' id='word_1_274' title='bbox 447 2850 569 2879; x_wconf 83' lang='lat' dir='ltr'>terrae.</span> <span class='ocrx_word' id='word_1_275' title='bbox 591 2842 629 2878; x_wconf 86' lang='lat'>&amp;</span> <span class='ocrx_word' id='word_1_276' title='bbox 659 2840 769 2879; x_wconf 65' lang='lat' dir='ltr'>recte.</span> <span class='ocrx_word' id='word_1_277' title='bbox 797 2851 883 2878; x_wconf 88' lang='lat' dir='ltr'>nam</span> <span class='ocrx_word' id='word_1_278' title='bbox 907 2840 1060 2885; x_wconf 86' lang='lat' dir='ltr'>alterum</span> <span class='ocrx_word' id='word_1_279' title='bbox 1085 2839 1194 2886; x_wconf 84' lang='lat' dir='ltr'>paulo</span> <span class='ocrx_word' id='word_1_280' title='bbox 1217 2850 1281 2875; x_wconf 88' lang='lat' dir='ltr'>an-</span> 
     </span>
     <span class='ocr_line' id='line_1_48' title="bbox 236 2889 1284 2941; baseline -0.001 -13"><span class='ocrx_word' id='word_1_281' title='bbox 236 2899 273 2928; x_wconf 86' lang='lat' dir='ltr'>te</span> <span class='ocrx_word' id='word_1_282' title='bbox 294 2890 537 2939; x_wconf 70' lang='lat' dir='ltr'>praecesserat.</span> <span class='ocrx_word' id='word_1_283' title='bbox 567 2891 742 2941; x_wconf 84' lang='lat' dir='ltr'>Sequenti</span> <span class='ocrx_word' id='word_1_284' title='bbox 763 2891 866 2929; x_wconf 87' lang='lat' dir='ltr'>versu</span> <span class='ocrx_word' id='word_1_285' title='bbox 889 2902 955 2940; x_wconf 90' lang='lat' dir='ltr'>pro</span> <span class='ocrx_word' id='word_1_286' title='bbox 977 2889 1143 2927; x_wconf 81' lang='lat' dir='ltr'>Evandri</span> <span class='ocrx_word' id='word_1_287' title='bbox 1172 2902 1284 2927; x_wconf 84' lang='lat' dir='ltr'><em>manu</em></span> 
     </span>
     <span class='ocr_line' id='line_1_49' title="bbox 238 2941 1284 2991; baseline 0.001 -13"><span class='ocrx_word' id='word_1_288' title='bbox 238 2941 437 2989; x_wconf 87' lang='lat' dir='ltr'>legendum</span> <span class='ocrx_word' id='word_1_289' title='bbox 470 2951 561 2991; x_wconf 88' lang='lat' dir='ltr'>puto</span> <span class='ocrx_word' id='word_1_290' title='bbox 583 2971 593 2988; x_wconf 92' lang='lat'><strong>,</strong></span> <span class='ocrx_word' id='word_1_291' title='bbox 633 2942 820 2980; x_wconf 58' lang='lat' dir='ltr'><em>Evandri.</em></span> <span class='ocrx_word' id='word_1_292' title='bbox 859 2951 897 2980; x_wconf 93' lang='lat' dir='ltr'>ut</span> <span class='ocrx_word' id='word_1_293' title='bbox 924 2942 1016 2979; x_wconf 80' lang='lat' dir='ltr'>infra</span> <span class='ocrx_word' id='word_1_294' title='bbox 1049 2941 1110 2978; x_wconf 79' lang='lat' dir='ltr'>lib.</span> <span class='ocrx_word' id='word_1_295' title='bbox 1133 2953 1194 2978; x_wconf 87' lang='lat'>111.</span> <span class='ocrx_word' id='word_1_296' title='bbox 1223 2952 1284 2986; x_wconf 74' lang='lat'>42.</span> 
     </span>
     <span class='ocr_line' id='line_1_50' title="bbox 242 2991 1285 3042; baseline 0.002 -14"><span class='ocrx_word' id='word_1_297' title='bbox 242 2992 404 3041; x_wconf 76' lang='lat' dir='ltr'>Telegona</span> <span class='ocrx_word' id='word_1_298' title='bbox 435 3007 557 3031; x_wconf 81' lang='lat' dir='ltr'><em>manu.</em></span> <span class='ocrx_word' id='word_1_299' title='bbox 591 2994 628 3031; x_wconf 86' lang='lat'>&amp;</span> <span class='ocrx_word' id='word_1_300' title='bbox 657 2994 718 3031; x_wconf 80' lang='lat' dir='ltr'>lib.</span> <span class='ocrx_word' id='word_1_301' title='bbox 740 3005 774 3032; x_wconf 92' lang='lat' dir='ltr'>v.</span> <span class='ocrx_word' id='word_1_302' title='bbox 799 2993 883 3042; x_wconf 71' lang='lat'><em>580.</em></span> <span class='ocrx_word' id='word_1_303' title='bbox 922 2991 1050 3031; x_wconf 84' lang='lat' dir='ltr'><em>Parthi</em></span> <span class='ocrx_word' id='word_1_304' title='bbox 1079 3005 1191 3030; x_wconf 77' lang='lat' dir='ltr'>manu</span> <span class='ocrx_word' id='word_1_305' title='bbox 1217 3004 1285 3041; x_wconf 87' lang='lat' dir='ltr'>pro</span> 
     </span>
     <span class='ocr_line' id='line_1_51' title="bbox 236 3042 702 3093; baseline 0.006 -14"><span class='ocrx_word' id='word_1_306' title='bbox 236 3043 389 3081; x_wconf 66' lang='lat' dir='ltr'><em>Partha,</em></span> <span class='ocrx_word' id='word_1_307' title='bbox 418 3042 534 3092; x_wconf 86' lang='lat' dir='ltr'>poffet</span> <span class='ocrx_word' id='word_1_308' title='bbox 551 3045 588 3082; x_wconf 68' lang='grc' dir='ltr'>ὃς</span> <span class='ocrx_word' id='word_1_309' title='bbox 608 3044 702 3093; x_wconf 84' lang='lat' dir='ltr'>legi,</span> 
     </span>
    </p>

    <p class='ocr_par' dir='ltr' id='par_1_22' title="bbox 241 3094 1204 3185">
     <span class='ocr_line' id='line_1_52' title="bbox 297 3094 1204 3146; baseline 0 -15"><span class='ocrx_word' id='word_1_310' title='bbox 297 3095 360 3131; x_wconf 84' lang='lat' dir='ltr'>Vix</span> <span class='ocrx_word' id='word_1_311' title='bbox 375 3122 385 3140; x_wconf 86' lang='lat'>‚</span> <span class='ocrx_word' id='word_1_312' title='bbox 413 3095 602 3140; x_wconf 60' lang='lat' dir='ltr'>evandre,</span> <span class='ocrx_word' id='word_1_313' title='bbox 629 3094 695 3131; x_wconf 74' lang='lat' dir='ltr'>tud</span> <span class='ocrx_word' id='word_1_314' title='bbox 714 3094 844 3146; x_wconf 78' lang='lat' dir='ltr'>vixque</span> <span class='ocrx_word' id='word_1_315' title='bbox 865 3103 999 3132; x_wconf 81' lang='lat' dir='ltr'>retenta</span> <span class='ocrx_word' id='word_1_316' title='bbox 1020 3107 1130 3132; x_wconf 76' lang='lat' dir='ltr'>manu</span> <span class='ocrx_word' id='word_1_317' title='bbox 1151 3094 1204 3141; x_wconf 86' lang='lat' dir='ltr'>est.</span> 
     </span>
     <span class='ocr_line' id='line_1_53' title="bbox 241 3144 1085 3185; baseline 0 -2"><span class='ocrx_word' id='word_1_318' title='bbox 241 3144 389 3185; x_wconf 62' lang='lat' dir='ltr'>Hiems.</span> <span class='ocrx_word' id='word_1_319' title='bbox 417 3146 510 3183; x_wconf 78' lang='lat' dir='ltr'>Dira</span> <span class='ocrx_word' id='word_1_320' title='bbox 530 3156 663 3183; x_wconf 82' lang='lat' dir='ltr'>retenta</span> <span class='ocrx_word' id='word_1_321' title='bbox 682 3158 792 3182; x_wconf 81' lang='lat' dir='ltr'>manu</span> <span class='ocrx_word' id='word_1_322' title='bbox 817 3157 908 3184; x_wconf 84' lang='lat' dir='ltr'>unus</span> <span class='ocrx_word' id='word_1_323' title='bbox 930 3145 1085 3183; x_wconf 77' lang='lat' dir='ltr'>Heinfii.</span> 
     </span>
    </p>

    <p class='ocr_par' dir='ltr' id='par_1_23' title="bbox 298 3196 1286 3248">
     <span class='ocr_line' id='line_1_54' title="bbox 298 3196 1286 3248; baseline 0 -13"><span class='ocrx_word' id='word_1_324' title='bbox 298 3209 382 3246; x_wconf 83' lang='lat'><em>509.</em></span> <span class='ocrx_word' id='word_1_325' title='bbox 434 3197 554 3245; x_wconf 80' lang='lat' dir='ltr'><em>Dique</em></span> <span class='ocrx_word' id='word_1_326' title='bbox 570 3197 757 3246; x_wconf 83' lang='lat' dir='ltr'>petitorum</span> <span class='ocrx_word' id='word_1_327' title='bbox 781 3197 921 3245; x_wconf 83' lang='lat' dir='ltr'><em>(dixit)</em></span> <span class='ocrx_word' id='word_1_328' title='bbox 945 3196 1083 3247; x_wconf 82' lang='lat' dir='ltr'>salvete</span> <span class='ocrx_word' id='word_1_329' title='bbox 1104 3196 1286 3248; x_wconf 71' lang='lat' dir='ltr'>locorum]</span> 
     </span>
    </p>
   </div>
   <div class='ocr_carea' id='block_1_13' title="bbox 242 3247 1290 3339">
    <p class='ocr_par' dir='ltr' id='par_1_24' title="bbox 242 3247 1290 3339">
     <span class='ocr_line' id='line_1_55' title="bbox 242 3247 1290 3298; baseline 0.004 -14"><span class='ocrx_word' id='word_1_330' title='bbox 242 3248 341 3286; x_wconf 75' lang='lat' dir='ltr'>‘Vide</span> <span class='ocrx_word' id='word_1_331' title='bbox 361 3259 458 3298; x_wconf 89' lang='lat' dir='ltr'>quae</span> <span class='ocrx_word' id='word_1_332' title='bbox 480 3248 612 3297; x_wconf 81' lang='lat' dir='ltr'>collegi</span> <span class='ocrx_word' id='word_1_333' title='bbox 630 3248 689 3286; x_wconf 86' lang='lat' dir='ltr'>lib.</span> <span class='ocrx_word' id='word_1_334' title='bbox 703 3260 765 3286; x_wconf 80' lang='lat'>111.</span> <span class='ocrx_word' id='word_1_335' title='bbox 796 3249 952 3286; x_wconf 85' lang='lat' dir='ltr'>Metam.</span> <span class='ocrx_word' id='word_1_336' title='bbox 974 3247 1036 3285; x_wconf 91' lang='lat' dir='ltr'>sub</span> <span class='ocrx_word' id='word_1_337' title='bbox 1055 3248 1290 3296; x_wconf 84' lang='lat' dir='ltr'>principium.</span> 
     </span>
     <span class='ocr_line' id='line_1_56' title="bbox 244 3298 1290 3339; baseline 0.002 -3"><span class='ocrx_word' id='word_1_338' title='bbox 244 3300 413 3337; x_wconf 65' lang='lat' dir='ltr'>Cmran.</span> <span class='ocrx_word' id='word_1_339' title='bbox 440 3299 488 3337; x_wconf 91' lang='lat' dir='ltr'>Et</span> <span class='ocrx_word' id='word_1_340' title='bbox 510 3300 548 3337; x_wconf 87' lang='lat' dir='ltr'>in</span> <span class='ocrx_word' id='word_1_341' title='bbox 575 3298 738 3337; x_wconf 86' lang='lat' dir='ltr'>adventu</span> <span class='ocrx_word' id='word_1_342' title='bbox 766 3299 804 3336; x_wconf 91' lang='lat'>&amp;</span> <span class='ocrx_word' id='word_1_343' title='bbox 827 3300 863 3336; x_wconf 90' lang='lat' dir='ltr'>in</span> <span class='ocrx_word' id='word_1_344' title='bbox 883 3298 1030 3338; x_wconf 76' lang='lat' dir='ltr'>discessu</span> <span class='ocrx_word' id='word_1_345' title='bbox 1051 3309 1134 3337; x_wconf 88' lang='lat' dir='ltr'>mos</span> <span class='ocrx_word' id='word_1_346' title='bbox 1151 3300 1213 3338; x_wconf 86' lang='lat' dir='ltr'>iste</span> <span class='ocrx_word' id='word_1_347' title='bbox 1232 3301 1290 3339; x_wconf 83' lang='lat' dir='ltr'>in-</span> 
     </span>
    </p>
   </div>
   <div class='ocr_carea' id='block_1_14' title="bbox 242 3349 1286 3401">
    <p class='ocr_par' dir='ltr' id='par_1_25' title="bbox 242 3349 1286 3401">
     <span class='ocr_line' id='line_1_57' title="bbox 242 3349 1286 3401; baseline 0.002 -12"><span class='ocrx_word' id='word_1_348' title='bbox 242 3350 368 3391; x_wconf 74' lang='lat' dir='ltr'>valuit.</span> <span class='ocrx_word' id='word_1_349' title='bbox 402 3351 565 3390; x_wconf 84' lang='lat' dir='ltr'>Marcius</span> <span class='ocrx_word' id='word_1_350' title='bbox 602 3350 700 3401; x_wconf 83' lang='lat' dir='ltr'>apud</span> <span class='ocrx_word' id='word_1_351' title='bbox 729 3349 955 3399; x_wconf 74' lang='lat' dir='ltr'>Dionysium</span> <span class='ocrx_word' id='word_1_352' title='bbox 981 3378 993 3398; x_wconf 84' lang='lat'><em>‚</em></span> <span class='ocrx_word' id='word_1_353' title='bbox 1042 3350 1102 3391; x_wconf 83' lang='lat' dir='ltr'>ubi</span> <span class='ocrx_word' id='word_1_354' title='bbox 1129 3352 1286 3401; x_wconf 82' lang='lat' dir='ltr'>patriam</span> 
     </span>
    </p>
   </div>
   <div class='ocr_carea' id='block_1_15' title="bbox 2206 1186 2383 1246">
    <p class='ocr_par' dir='ltr' id='par_1_26' title="bbox 2206 1186 2383 1246">
     <span class='ocr_line' id='line_1_58' title="bbox 2206 1186 2383 1246; baseline 0.011 -2"><span class='ocrx_word' id='word_1_355' title='bbox 2206 1186 2383 1246; x_wconf 86' lang='lat' dir='ltr'>Mon-</span> 
     </span>
    </p>
   </div>
   <div class='ocr_carea' id='block_1_16' title="bbox 1327 1321 2391 1939">
    <p class='ocr_par' dir='ltr' id='par_1_27' title="bbox 1327 1321 2386 1525">
     <span class='ocr_line' id='line_1_59' title="bbox 1327 1321 2385 1375; baseline 0.007 -15"><span class='ocrx_word' id='word_1_356' title='bbox 1327 1321 1487 1361; x_wconf 71' lang='lat' dir='ltr'>deseru&#39;it</span> <span class='ocrx_word' id='word_1_357' title='bbox 1510 1350 1521 1368; x_wconf 94' lang='lat'><strong>,</strong></span> <span class='ocrx_word' id='word_1_358' title='bbox 1551 1324 1626 1360; x_wconf 70' lang='grc' dir='ltr'>Καὶ</span> <span class='ocrx_word' id='word_1_359' title='bbox 1655 1324 1786 1371; x_wconf 56' lang='lat' dir='ltr'>{peak}</span> <span class='ocrx_word' id='word_1_360' title='bbox 1823 1326 1969 1375; x_wconf 84' lang='lat' dir='ltr'>inquit,</span> <span class='ocrx_word' id='word_1_361' title='bbox 1996 1323 2026 1364; x_wconf 74' lang='grc' dir='ltr'><em>ὦ</em></span> <span class='ocrx_word' id='word_1_362' title='bbox 2044 1328 2108 1365; x_wconf 64' lang='lat' dir='ltr'>eso}</span> <span class='ocrx_word' id='word_1_363' title='bbox 2131 1327 2291 1374; x_wconf 71' lang='grc' dir='ltr'>κτήσιοι,</span> <span class='ocrx_word' id='word_1_364' title='bbox 2320 1329 2385 1367; x_wconf 70' lang='grc' dir='ltr'>καὶ</span> 
     </span>
     <span class='ocr_line' id='line_1_60' title="bbox 1327 1374 2384 1427; baseline 0.008 -18"><span class='ocrx_word' id='word_1_365' title='bbox 1327 1374 1411 1415; x_wconf 63' lang='lat' dir='ltr'>{eia</span> <span class='ocrx_word' id='word_1_366' title='bbox 1443 1374 1592 1420; x_wconf 74' lang='grc' dir='ltr'><strong><em>πατρῶει</em></strong></span> <span class='ocrx_word' id='word_1_367' title='bbox 1615 1403 1626 1421; x_wconf 92' lang='grc'><strong><em>,</em></strong></span> <span class='ocrx_word' id='word_1_368' title='bbox 1665 1379 1729 1413; x_wconf 70' lang='grc' dir='ltr'>καὶ</span> <span class='ocrx_word' id='word_1_369' title='bbox 1755 1375 1915 1422; x_wconf 72' lang='grc' dir='ltr'>δαίμονες</span> <span class='ocrx_word' id='word_1_370' title='bbox 1945 1379 1976 1415; x_wconf 81' lang='grc' dir='ltr'>οἱ</span> <span class='ocrx_word' id='word_1_371' title='bbox 2008 1382 2236 1427; x_wconf 74' lang='grc' dir='ltr'><em>κατέχοντες</em></span> <span class='ocrx_word' id='word_1_372' title='bbox 2256 1381 2384 1419; x_wconf 75' lang='grc' dir='ltr'><strong><em>τοῦτον</em></strong></span> 
     </span>
     <span class='ocr_line' id='line_1_61' title="bbox 1331 1425 2386 1481; baseline 0.009 -19"><span class='ocrx_word' id='word_1_373' title='bbox 1331 1427 1392 1462; x_wconf 67' lang='grc' dir='ltr'>τὶν</span> <span class='ocrx_word' id='word_1_374' title='bbox 1418 1425 1528 1462; x_wconf 73' lang='grc' dir='ltr'><strong><em>τόπον</em></strong></span> <span class='ocrx_word' id='word_1_375' title='bbox 1544 1455 1554 1471; x_wconf 87' lang='grc'>,</span> <span class='ocrx_word' id='word_1_376' title='bbox 1574 1427 1743 1473; x_wconf 71' lang='grc' dir='ltr'>χαίρετε.</span> <span class='ocrx_word' id='word_1_377' title='bbox 1773 1427 1857 1465; x_wconf 86' lang='lat' dir='ltr'>Hos</span> <span class='ocrx_word' id='word_1_378' title='bbox 1880 1427 2004 1467; x_wconf 85' lang='lat' dir='ltr'>dixere</span> <span class='ocrx_word' id='word_1_379' title='bbox 2021 1431 2133 1470; x_wconf 89' lang='lat' dir='ltr'>nostri</span> <span class='ocrx_word' id='word_1_380' title='bbox 2144 1431 2325 1481; x_wconf 84' lang='lat' dir='ltr'>indigetes</span> <span class='ocrx_word' id='word_1_381' title='bbox 2346 1433 2386 1471; x_wconf 71' lang='grc' dir='ltr'>ὅ(</span> 
     </span>
     <span class='ocr_line' id='line_1_62' title="bbox 1329 1476 1977 1525; baseline 0.006 -12"><span class='ocrx_word' id='word_1_382' title='bbox 1329 1476 1476 1525; x_wconf 87' lang='lat' dir='ltr'>topicos</span> <span class='ocrx_word' id='word_1_383' title='bbox 1500 1504 1509 1520; x_wconf 92' lang='lat'><strong>,</strong></span> <span class='ocrx_word' id='word_1_384' title='bbox 1539 1477 1599 1515; x_wconf 90' lang='lat' dir='ltr'>seu</span> <span class='ocrx_word' id='word_1_385' title='bbox 1622 1478 1768 1516; x_wconf 85' lang='lat' dir='ltr'>locales.</span> <span class='ocrx_word' id='word_1_386' title='bbox 1796 1478 1977 1518; x_wconf 79' lang='lat' dir='ltr'>NEAPOL.</span> 
     </span>
    </p>

    <p class='ocr_par' dir='ltr' id='par_1_28' title="bbox 1333 1529 2387 1680">
     <span class='ocr_line' id='line_1_63' title="bbox 1384 1529 2385 1583; baseline 0.01 -18"><span class='ocrx_word' id='word_1_387' title='bbox 1384 1540 1467 1576; x_wconf 76' lang='lat'>510.</span> <span class='ocrx_word' id='word_1_388' title='bbox 1498 1533 1617 1565; x_wconf 81' lang='lat' dir='ltr'>Novas</span> <span class='ocrx_word' id='word_1_389' title='bbox 1646 1529 1734 1565; x_wconf 74' lang='lat' dir='ltr'>caelo</span> <span class='ocrx_word' id='word_1_390' title='bbox 1761 1539 1857 1567; x_wconf 78' lang='lat' dir='ltr'>terra</span> <span class='ocrx_word' id='word_1_391' title='bbox 1886 1530 2019 1568; x_wconf 86' lang='lat' dir='ltr'>datura</span> <span class='ocrx_word' id='word_1_392' title='bbox 2049 1532 2173 1583; x_wconf 54' lang='grc' dir='ltr'>Βᾶθι]</span> <span class='ocrx_word' id='word_1_393' title='bbox 2230 1535 2385 1574; x_wconf 84' lang='lat' dir='ltr'>Leuco-</span> 
     </span>
     <span class='ocr_line' id='line_1_64' title="bbox 1333 1580 2387 1626; baseline 0.009 -10"><span class='ocrx_word' id='word_1_394' title='bbox 1333 1580 1457 1617; x_wconf 83' lang='lat' dir='ltr'>theam</span> <span class='ocrx_word' id='word_1_395' title='bbox 1480 1580 1518 1616; x_wconf 85' lang='lat'>&amp;</span> <span class='ocrx_word' id='word_1_396' title='bbox 1543 1580 1746 1618; x_wconf 87' lang='lat' dir='ltr'>Herculem</span> <span class='ocrx_word' id='word_1_397' title='bbox 1760 1594 1771 1623; x_wconf 90' lang='grc'><strong>;</strong></span> <span class='ocrx_word' id='word_1_398' title='bbox 1799 1581 1838 1618; x_wconf 92' lang='lat' dir='ltr'>ni</span> <span class='ocrx_word' id='word_1_399' title='bbox 1864 1581 1967 1620; x_wconf 85' lang='lat' dir='ltr'>malis</span> <span class='ocrx_word' id='word_1_400' title='bbox 1999 1583 2208 1623; x_wconf 82' lang='lat' dir='ltr'>Romulum</span> <span class='ocrx_word' id='word_1_401' title='bbox 2230 1586 2269 1624; x_wconf 72' lang='grc' dir='ltr'>δε</span> <span class='ocrx_word' id='word_1_402' title='bbox 2290 1586 2387 1626; x_wconf 82' lang='lat' dir='ltr'>duos</span> 
     </span>
     <span class='ocr_line' id='line_1_65' title="bbox 1335 1630 1825 1680; baseline 0.002 -11"><span class='ocrx_word' id='word_1_403' title='bbox 1335 1631 1477 1680; x_wconf 86' lang='lat' dir='ltr'>primos</span> <span class='ocrx_word' id='word_1_404' title='bbox 1498 1630 1680 1669; x_wconf 88' lang='lat' dir='ltr'>Caesares.</span> <span class='ocrx_word' id='word_1_405' title='bbox 1708 1631 1825 1670; x_wconf 75' lang='lat' dir='ltr'><strong>IDEM.</strong></span> 
     </span>
    </p>

    <p class='ocr_par' dir='ltr' id='par_1_29' title="bbox 1331 1682 2391 1881">
     <span class='ocr_line' id='line_1_66' title="bbox 1388 1682 2386 1736; baseline 0.007 -16"><span class='ocrx_word' id='word_1_406' title='bbox 1388 1697 1404 1730; x_wconf 80' lang='grc' dir='ltr'><em>ς</em></span> <span class='ocrx_word' id='word_1_407' title='bbox 1417 1695 1471 1720; x_wconf 89' lang='lat'>12.</span> <span class='ocrx_word' id='word_1_408' title='bbox 1499 1685 1546 1719; x_wconf 84' lang='lat' dir='ltr'>Et</span> <span class='ocrx_word' id='word_1_409' title='bbox 1563 1683 1744 1724; x_wconf 71' lang='lat' dir='ltr'>nemoru&#39;m</span> <span class='ocrx_word' id='word_1_410' title='bbox 1765 1682 1988 1734; x_wconf 59' lang='lat' dir='ltr'>Nymphaia]</span> <span class='ocrx_word' id='word_1_411' title='bbox 2018 1684 2147 1733; x_wconf 66' lang='lat' dir='ltr'>sylvae</span> <span class='ocrx_word' id='word_1_412' title='bbox 2168 1687 2287 1736; x_wconf 86' lang='lat' dir='ltr'>scripti</span> <span class='ocrx_word' id='word_1_413' title='bbox 2307 1689 2386 1727; x_wconf 78' lang='lat' dir='ltr'>fere</span> 
     </span>
     <span class='ocr_line' id='line_1_67' title="bbox 1334 1733 2386 1788; baseline 0.006 -17"><span class='ocrx_word' id='word_1_414' title='bbox 1334 1745 1467 1772; x_wconf 85' lang='lat' dir='ltr'>omnes</span> <span class='ocrx_word' id='word_1_415' title='bbox 1495 1733 1679 1772; x_wconf 79' lang='lat' dir='ltr'>meliores.</span> <span class='ocrx_word' id='word_1_416' title='bbox 1706 1734 1886 1772; x_wconf 87' lang='lat' dir='ltr'>nimirum</span> <span class='ocrx_word' id='word_1_417' title='bbox 1916 1734 2023 1773; x_wconf 85' lang='lat' dir='ltr'>divae</span> <span class='ocrx_word' id='word_1_418' title='bbox 2041 1737 2264 1786; x_wconf 86' lang='lat' dir='ltr'>legendum,</span> <span class='ocrx_word' id='word_1_419' title='bbox 2281 1739 2386 1788; x_wconf 91' lang='lat' dir='ltr'>quod</span> 
     </span>
     <span class='ocr_line' id='line_1_68' title="bbox 1331 1784 2391 1838; baseline 0.006 -15"><span class='ocrx_word' id='word_1_420' title='bbox 1331 1794 1402 1824; x_wconf 91' lang='lat' dir='ltr'>tres</span> <span class='ocrx_word' id='word_1_421' title='bbox 1421 1784 1568 1824; x_wconf 89' lang='lat' dir='ltr'>codices</span> <span class='ocrx_word' id='word_1_422' title='bbox 1586 1785 1800 1835; x_wconf 85' lang='lat' dir='ltr'>agnoscunt.</span> <span class='ocrx_word' id='word_1_423' title='bbox 1828 1786 1998 1836; x_wconf 84' lang='lat' dir='ltr'>Dryadas</span> <span class='ocrx_word' id='word_1_424' title='bbox 2018 1789 2200 1838; x_wconf 89' lang='lat' dir='ltr'>intelligit.</span> <span class='ocrx_word' id='word_1_425' title='bbox 2239 1790 2391 1829; x_wconf 80' lang='lat' dir='ltr'>Gratius</span> 
     </span>
     <span class='ocr_line' id='line_1_69' title="bbox 1331 1837 1465 1881; baseline 0.007 -6"><span class='ocrx_word' id='word_1_426' title='bbox 1331 1837 1440 1876; x_wconf 88' lang='lat' dir='ltr'>initio</span> <span class='ocrx_word' id='word_1_427' title='bbox 1455 1865 1465 1881; x_wconf 92' lang='lat'><em>‚</em></span> 
     </span>
    </p>

    <p class='ocr_par' dir='ltr' id='par_1_30' title="bbox 1384 1888 2247 1939">
     <span class='ocr_line' id='line_1_70' title="bbox 1384 1888 2247 1939; baseline 0.003 -12"><span class='ocrx_word' id='word_1_428' title='bbox 1384 1888 1618 1939; x_wconf 81' lang='lat' dir='ltr'>Adscitaeque</span> <span class='ocrx_word' id='word_1_429' title='bbox 1638 1898 1697 1926; x_wconf 87' lang='lat' dir='ltr'>tuo</span> <span class='ocrx_word' id='word_1_430' title='bbox 1717 1888 1854 1926; x_wconf 86' lang='lat' dir='ltr'>comites</span> <span class='ocrx_word' id='word_1_431' title='bbox 1868 1889 1937 1938; x_wconf 86' lang='lat' dir='ltr'>sub</span> <span class='ocrx_word' id='word_1_432' title='bbox 1957 1890 2102 1928; x_wconf 79' lang='lat' dir='ltr'><em>numine</em></span> <span class='ocrx_word' id='word_1_433' title='bbox 2125 1892 2247 1930; x_wconf 82' lang='lat' dir='ltr'>Divae</span> 
     </span>
    </p>
   </div>
   <div class='ocr_carea' id='block_1_17' title="bbox 1385 1941 2390 2029">
    <p class='ocr_par' dir='ltr' id='par_1_31' title="bbox 1385 1941 2390 2029">
     <span class='ocr_line' id='line_1_71' title="bbox 1385 1941 2390 1992; baseline 0.003 -14"><span class='ocrx_word' id='word_1_434' title='bbox 1385 1945 1538 1978; x_wconf 84' lang='lat' dir='ltr'>Centum</span> <span class='ocrx_word' id='word_1_435' title='bbox 1571 1954 1687 1978; x_wconf 85' lang='lat' dir='ltr'>omnes</span> <span class='ocrx_word' id='word_1_436' title='bbox 1727 1953 1908 1979; x_wconf 81' lang='lat' dir='ltr'>nemorum</span> <span class='ocrx_word' id='word_1_437' title='bbox 1930 1969 1942 1988; x_wconf 88' lang='lat'>,</span> <span class='ocrx_word' id='word_1_438' title='bbox 1989 1952 2129 1981; x_wconf 86' lang='lat' dir='ltr'>centum</span> <span class='ocrx_word' id='word_1_439' title='bbox 2158 1943 2200 1981; x_wconf 82' lang='lat' dir='ltr'>de</span> <span class='ocrx_word' id='word_1_440' title='bbox 2227 1941 2390 1992; x_wconf 84' lang='lat' dir='ltr'>fontibus</span> 
     </span>
     <span class='ocr_line' id='line_1_72' title="bbox 1512 2005 1640 2029; baseline 0 0"><span class='ocrx_word' id='word_1_441' title='bbox 1512 2005 1640 2029; x_wconf 82' lang='lat' dir='ltr'>omnes.</span> 
     </span>
    </p>
   </div>
   <div class='ocr_carea' id='block_1_18' title="bbox 1333 2053 2393 2108">
    <p class='ocr_par' dir='ltr' id='par_1_32' title="bbox 1333 2053 2393 2108">
     <span class='ocr_line' id='line_1_73' title="bbox 1333 2053 2393 2108; baseline 0.006 -15"><span class='ocrx_word' id='word_1_442' title='bbox 1333 2055 1384 2093; x_wconf 86' lang='lat' dir='ltr'>ita</span> <span class='ocrx_word' id='word_1_443' title='bbox 1403 2053 1443 2092; x_wconf 80' lang='lat' dir='ltr'>di</span> <span class='ocrx_word' id='word_1_444' title='bbox 1468 2068 1650 2093; x_wconf 82' lang='lat' dir='ltr'>nemorum</span> <span class='ocrx_word' id='word_1_445' title='bbox 1668 2055 1730 2095; x_wconf 90' lang='lat' dir='ltr'>lib.</span> <span class='ocrx_word' id='word_1_446' title='bbox 1751 2069 1805 2096; x_wconf 59' lang='grc' dir='ltr'>ιι,</span> <span class='ocrx_word' id='word_1_447' title='bbox 1821 2069 1910 2108; x_wconf 88' lang='lat'>309.</span> <span class='ocrx_word' id='word_1_448' title='bbox 1935 2057 2054 2108; x_wconf 73' lang='lat' dir='ltr'>pofl&#39;et</span> <span class='ocrx_word' id='word_1_449' title='bbox 2071 2059 2110 2098; x_wconf 65' lang='grc' dir='ltr'>ὃς</span> <span class='ocrx_word' id='word_1_450' title='bbox 2137 2058 2238 2108; x_wconf 83' lang='lat' dir='ltr'>legi,</span> <span class='ocrx_word' id='word_1_451' title='bbox 2266 2063 2313 2098; x_wconf 86' lang='lat' dir='ltr'>Et</span> <span class='ocrx_word' id='word_1_452' title='bbox 2333 2073 2393 2099; x_wconf 84' lang='lat' dir='ltr'>ne-</span> 
     </span>
    </p>
   </div>
   <div class='ocr_carea' id='block_1_19' title="bbox 1332 2107 2397 2208">
    <p class='ocr_par' dir='ltr' id='par_1_33' title="bbox 1332 2107 2397 2208">
     <span class='ocr_line' id='line_1_74' title="bbox 1336 2107 2397 2158; baseline 0.008 -15"><span class='ocrx_word' id='word_1_453' title='bbox 1336 2120 1433 2143; x_wconf 83' lang='lat' dir='ltr'>mora</span> <span class='ocrx_word' id='word_1_454' title='bbox 1449 2135 1458 2152; x_wconf 93' lang='lat'><strong>,</strong></span> <span class='ocrx_word' id='word_1_455' title='bbox 1487 2119 1532 2147; x_wconf 54' lang='lat' dir='ltr'>ca</span> <span class='ocrx_word' id='word_1_456' title='bbox 1543 2107 1672 2156; x_wconf 68' lang='lat' dir='ltr'>sylvae</span> <span class='ocrx_word' id='word_1_457' title='bbox 1686 2136 1696 2153; x_wconf 96' lang='lat'><strong>‚</strong></span> <span class='ocrx_word' id='word_1_458' title='bbox 1720 2121 1817 2158; x_wconf 88' lang='lat' dir='ltr'>quae</span> <span class='ocrx_word' id='word_1_459' title='bbox 1838 2109 1915 2148; x_wconf 90' lang='lat' dir='ltr'>duo</span> <span class='ocrx_word' id='word_1_460' title='bbox 1935 2111 2047 2149; x_wconf 82' lang='lat' dir='ltr'>etiam</span> <span class='ocrx_word' id='word_1_461' title='bbox 2070 2110 2235 2150; x_wconf 86' lang='lat' dir='ltr'>distinxit</span> <span class='ocrx_word' id='word_1_462' title='bbox 2256 2113 2397 2152; x_wconf 71' lang='lat' dir='ltr'>Amor.</span> 
     </span>
     <span class='ocr_line' id='line_1_75' title="bbox 1332 2157 1777 2208; baseline 0.007 -13"><span class='ocrx_word' id='word_1_463' title='bbox 1332 2157 1394 2196; x_wconf 88' lang='lat' dir='ltr'>lib.</span> <span class='ocrx_word' id='word_1_464' title='bbox 1418 2171 1484 2199; x_wconf 82' lang='lat'>111.</span> <span class='ocrx_word' id='word_1_465' title='bbox 1514 2159 1617 2208; x_wconf 87' lang='lat' dir='ltr'>Eleg.</span> <span class='ocrx_word' id='word_1_466' title='bbox 1638 2170 1693 2197; x_wconf 88' lang='lat' dir='ltr'>v1.</span> <span class='ocrx_word' id='word_1_467' title='bbox 1715 2159 1777 2206; x_wconf 80' lang='lat'>84.</span> 
     </span>
    </p>
   </div>
   <div class='ocr_carea' id='block_1_20' title="bbox 1386 2222 2274 2277">
    <p class='ocr_par' dir='ltr' id='par_1_34' title="bbox 1386 2222 2274 2277">
     <span class='ocr_line' id='line_1_76' title="bbox 1386 2222 2274 2277; baseline 0.006 -18"><span class='ocrx_word' id='word_1_468' title='bbox 1386 2222 1452 2260; x_wconf 81' lang='lat' dir='ltr'>Sed</span> <span class='ocrx_word' id='word_1_469' title='bbox 1472 2235 1615 2261; x_wconf 86' lang='lat' dir='ltr'>nemora</span> <span class='ocrx_word' id='word_1_470' title='bbox 1634 2234 1677 2263; x_wconf 67' lang='grc' dir='ltr'>ω·</span> <span class='ocrx_word' id='word_1_471' title='bbox 1688 2223 1820 2272; x_wconf 65' lang='lat' dir='ltr'>sylvae</span> <span class='ocrx_word' id='word_1_472' title='bbox 1837 2224 1989 2263; x_wconf 85' lang='lat' dir='ltr'>crimina</span> <span class='ocrx_word' id='word_1_473' title='bbox 2007 2226 2121 2274; x_wconf 84' lang='lat' dir='ltr'><em>vestra</em></span> <span class='ocrx_word' id='word_1_474' title='bbox 2143 2237 2274 2277; x_wconf 84' lang='lat' dir='ltr'>tegunt.</span> 
     </span>
    </p>
   </div>
   <div class='ocr_carea' id='block_1_21' title="bbox 1332 2284 2390 2389">
    <p class='ocr_par' dir='ltr' id='par_1_35' title="bbox 1332 2284 2390 2389">
     <span class='ocr_line' id='line_1_77' title="bbox 1332 2284 2390 2339; baseline 0.006 -16"><span class='ocrx_word' id='word_1_475' title='bbox 1332 2284 1382 2324; x_wconf 88' lang='lat' dir='ltr'>ita</span> <span class='ocrx_word' id='word_1_476' title='bbox 1404 2287 1519 2336; x_wconf 87' lang='lat' dir='ltr'>sylvas</span> <span class='ocrx_word' id='word_1_477' title='bbox 1540 2288 1653 2326; x_wconf 88' lang='lat' dir='ltr'>etiam</span> <span class='ocrx_word' id='word_1_478' title='bbox 1674 2287 1874 2338; x_wconf 88' lang='lat' dir='ltr'>alloquitur</span> <span class='ocrx_word' id='word_1_479' title='bbox 1903 2289 2001 2339; x_wconf 90' lang='lat' dir='ltr'>apud</span> <span class='ocrx_word' id='word_1_480' title='bbox 2026 2290 2110 2327; x_wconf 91' lang='lat' dir='ltr'>Val.</span> <span class='ocrx_word' id='word_1_481' title='bbox 2134 2290 2308 2329; x_wconf 84' lang='lat' dir='ltr'>Flaccum</span> <span class='ocrx_word' id='word_1_482' title='bbox 2327 2289 2390 2338; x_wconf 84' lang='lat' dir='ltr'>Ja-</span> 
     </span>
     <span class='ocr_line' id='line_1_78' title="bbox 1332 2334 1646 2389; baseline 0.01 -14"><span class='ocrx_word' id='word_1_483' title='bbox 1332 2334 1398 2376; x_wconf 90' lang='lat' dir='ltr'>son</span> <span class='ocrx_word' id='word_1_484' title='bbox 1418 2337 1480 2376; x_wconf 85' lang='lat' dir='ltr'>lib.</span> <span class='ocrx_word' id='word_1_485' title='bbox 1498 2351 1535 2376; x_wconf 87' lang='lat' dir='ltr'>v.</span> <span class='ocrx_word' id='word_1_486' title='bbox 1558 2350 1646 2389; x_wconf 88' lang='lat'><em>203.</em></span> 
     </span>
    </p>
   </div>
   <div class='ocr_carea' id='block_1_22' title="bbox 1343 2389 2312 2479">
    <p class='ocr_par' dir='ltr' id='par_1_36' title="bbox 1343 2389 2312 2479">
     <span class='ocr_line' id='line_1_79' title="bbox 1343 2389 2312 2477; baseline 0.006 -53"><span class='ocrx_word' id='word_1_487' title='bbox 1343 2406 1346 2409; x_wconf 93' lang='lat'>·</span> <span class='ocrx_word' id='word_1_488' title='bbox 1387 2394 1447 2426; x_wconf 85' lang='lat' dir='ltr'>Vos</span> <span class='ocrx_word' id='word_1_489' title='bbox 1465 2389 1577 2477; x_wconf 46' lang='lat' dir='ltr'>§tiam</span> <span class='ocrx_word' id='word_1_490' title='bbox 1590 2389 1718 2439; x_wconf 71' lang='lat' dir='ltr'>sylvae</span> <span class='ocrx_word' id='word_1_491' title='bbox 1729 2418 1741 2436; x_wconf 94' lang='lat'>,</span> <span class='ocrx_word' id='word_1_492' title='bbox 1769 2404 1831 2429; x_wconf 84' lang='lat' dir='ltr'>vos</span> <span class='ocrx_word' id='word_1_493' title='bbox 1851 2391 2033 2430; x_wconf 84' lang='lat' dir='ltr'>Colchidos</span> <span class='ocrx_word' id='word_1_494' title='bbox 2052 2391 2192 2442; x_wconf 81' lang='lat' dir='ltr'>hospitis</span> <span class='ocrx_word' id='word_1_495' title='bbox 2212 2405 2312 2430; x_wconf 83' lang='lat' dir='ltr'>oram</span> 
     </span>
     <span class='ocr_line' id='line_1_80' title="bbox 1385 2445 1547 2479; baseline 0.019 -3"><span class='ocrx_word' id='word_1_496' title='bbox 1385 2445 1462 2477; x_wconf 87' lang='lat' dir='ltr'><em>Pan</em></span> <span class='ocrx_word' id='word_1_497' title='bbox 1489 2451 1547 2479; x_wconf 83' lang='lat' dir='ltr'>tte.</span> 
     </span>
    </p>
   </div>
   <div class='ocr_carea' id='block_1_23' title="bbox 1330 2492 2394 2589">
    <p class='ocr_par' dir='ltr' id='par_1_37' title="bbox 1330 2492 2394 2589">
     <span class='ocr_line' id='line_1_81' title="bbox 1330 2492 2394 2542; baseline 0.006 -15"><span class='ocrx_word' id='word_1_498' title='bbox 1330 2501 1526 2539; x_wconf 71' lang='lat' dir='ltr'>‘perperam</span> <span class='ocrx_word' id='word_1_499' title='bbox 1550 2506 1604 2529; x_wconf 85' lang='lat' dir='ltr'>ore</span> <span class='ocrx_word' id='word_1_500' title='bbox 1624 2492 1684 2530; x_wconf 93' lang='lat' dir='ltr'>vel</span> <span class='ocrx_word' id='word_1_501' title='bbox 1712 2506 1772 2529; x_wconf 85' lang='lat' dir='ltr'>ora</span> <span class='ocrx_word' id='word_1_502' title='bbox 1799 2493 1872 2530; x_wconf 90' lang='lat' dir='ltr'>illic</span> <span class='ocrx_word' id='word_1_503' title='bbox 1890 2494 1927 2531; x_wconf 90' lang='lat' dir='ltr'>in</span> <span class='ocrx_word' id='word_1_504' title='bbox 1951 2493 2118 2542; x_wconf 86' lang='lat' dir='ltr'>vulgatis.</span> <span class='ocrx_word' id='word_1_505' title='bbox 2155 2493 2226 2531; x_wconf 89' lang='lat' dir='ltr'>Sed</span> <span class='ocrx_word' id='word_1_506' title='bbox 2256 2494 2296 2532; x_wconf 90' lang='lat'>&amp;</span> <span class='ocrx_word' id='word_1_507' title='bbox 2327 2508 2394 2533; x_wconf 62' lang='lat' dir='ltr'>vot</span> 
     </span>
     <span class='ocr_line' id='line_1_82' title="bbox 1338 2542 2391 2589; baseline 0.007 -12"><span class='ocrx_word' id='word_1_508' title='bbox 1338 2554 1517 2579; x_wconf 80' lang='lat' dir='ltr'>nemorum</span> <span class='ocrx_word' id='word_1_509' title='bbox 1524 2542 1651 2589; x_wconf 69' lang='lat' dir='ltr'><em>sylvae</em></span> <span class='ocrx_word' id='word_1_510' title='bbox 1675 2544 1713 2579; x_wconf 85' lang='lat' dir='ltr'>in</span> <span class='ocrx_word' id='word_1_511' title='bbox 1744 2543 1884 2580; x_wconf 86' lang='lat' dir='ltr'>Valerii</span> <span class='ocrx_word' id='word_1_512' title='bbox 1909 2543 2029 2581; x_wconf 87' lang='lat' dir='ltr'>Flacci</span> <span class='ocrx_word' id='word_1_513' title='bbox 2060 2544 2172 2588; x_wconf 92' lang='lat' dir='ltr'>loco,</span> <span class='ocrx_word' id='word_1_514' title='bbox 2209 2554 2250 2582; x_wconf 94' lang='lat' dir='ltr'>ut</span> <span class='ocrx_word' id='word_1_515' title='bbox 2270 2546 2309 2583; x_wconf 89' lang='lat'>&amp;</span> <span class='ocrx_word' id='word_1_516' title='bbox 2330 2546 2391 2584; x_wconf 89' lang='lat' dir='ltr'>hic</span> 
     </span>
    </p>
   </div>
   <div class='ocr_carea' id='block_1_24' title="bbox 1335 2591 2391 2680">
    <p class='ocr_par' dir='ltr' id='par_1_38' title="bbox 1335 2591 2391 2680">
     <span class='ocr_line' id='line_1_83' title="bbox 1337 2591 2391 2679; baseline 0.006 -51"><span class='ocrx_word' id='word_1_517' title='bbox 1337 2591 1435 2679; x_wconf 53' lang='lat' dir='ltr'>afgud</span> <span class='ocrx_word' id='word_1_518' title='bbox 1466 2591 1656 2631; x_wconf 88' lang='lat' dir='ltr'>Nasonem</span> <span class='ocrx_word' id='word_1_519' title='bbox 1687 2592 1761 2641; x_wconf 86' lang='lat' dir='ltr'>legi</span> <span class='ocrx_word' id='word_1_520' title='bbox 1794 2592 1925 2642; x_wconf 86' lang='lat' dir='ltr'>potest.</span> <span class='ocrx_word' id='word_1_521' title='bbox 1962 2594 2018 2633; x_wconf 88' lang='lat' dir='ltr'>Ita</span> <span class='ocrx_word' id='word_1_522' title='bbox 2046 2594 2175 2644; x_wconf 87' lang='lat' dir='ltr'>Virgil.</span> <span class='ocrx_word' id='word_1_523' title='bbox 2198 2596 2237 2633; x_wconf 89' lang='lat' dir='ltr'>in</span> <span class='ocrx_word' id='word_1_524' title='bbox 2260 2595 2391 2635; x_wconf 84' lang='lat' dir='ltr'>Culice</span> 
     </span>
     <span class='ocr_line' id='line_1_84' title="bbox 1335 2653 1425 2680; baseline 0.022 -2"><span class='ocrx_word' id='word_1_525' title='bbox 1335 2653 1357 2678; x_wconf 86' lang='lat'><em>2</em></span> <span class='ocrx_word' id='word_1_526' title='bbox 1393 2653 1425 2680; x_wconf 85' lang='lat'>1.</span> 
     </span>
    </p>
   </div>
   <div class='ocr_carea' id='block_1_25' title="bbox 1441 2709 1593 2721">
    <p class='ocr_par' dir='ltr' id='par_1_39' title="bbox 1441 2709 1593 2721">
     <span class='ocr_line' id='line_1_85' title="bbox 1441 2709 1593 2721; baseline 0 954"><span class='ocrx_word' id='word_1_527' title='bbox 1441 2709 1593 2721; x_wconf 95' lang='lat' dir='ltr'> </span> 
     </span>
    </p>
   </div>
   <div class='ocr_carea' id='block_1_26' title="bbox 1331 2693 2396 3261">
    <p class='ocr_par' dir='ltr' id='par_1_40' title="bbox 1331 2693 2396 3261">
     <span class='ocr_line' id='line_1_86' title="bbox 1619 2693 1856 2740; baseline 0.008 -11"><span class='ocrx_word' id='word_1_528' title='bbox 1619 2693 1725 2730; x_wconf 84' lang='lat' dir='ltr'>incole</span> <span class='ocrx_word' id='word_1_529' title='bbox 1737 2695 1856 2740; x_wconf 81' lang='lat' dir='ltr'>fontes</span> 
     </span>
     <span class='ocr_line' id='line_1_87' title="bbox 1387 2742 2394 2795; baseline 0.007 -18"><span class='ocrx_word' id='word_1_530' title='bbox 1387 2745 1433 2778; x_wconf 85' lang='lat' dir='ltr'>Et</span> <span class='ocrx_word' id='word_1_531' title='bbox 1447 2742 1579 2780; x_wconf 83' lang='lat' dir='ltr'><em>virides</em></span> <span class='ocrx_word' id='word_1_532' title='bbox 1588 2757 1769 2781; x_wconf 85' lang='lat' dir='ltr'>nemorum</span> <span class='ocrx_word' id='word_1_533' title='bbox 1782 2745 1909 2793; x_wconf 68' lang='lat' dir='ltr'><em>sylvas</em></span> <span class='ocrx_word' id='word_1_534' title='bbox 1918 2753 1962 2786; x_wconf 65' lang='grc' dir='ltr'>ω’</span> <span class='ocrx_word' id='word_1_535' title='bbox 1968 2747 2095 2795; x_wconf 82' lang='lat' dir='ltr'>pascua</span> <span class='ocrx_word' id='word_1_536' title='bbox 2108 2744 2230 2784; x_wconf 83' lang='lat' dir='ltr'>laetus.</span> <span class='ocrx_word' id='word_1_537' title='bbox 2243 2747 2394 2791; x_wconf 72' lang='lat' dir='ltr'>HEIN52</span> 
     </span>
     <span class='ocr_line' id='line_1_88' title="bbox 1339 2791 2392 2842; baseline 0.009 -13"><span class='ocrx_word' id='word_1_538' title='bbox 1339 2791 1430 2830; x_wconf 89' lang='lat' dir='ltr'>Non</span> <span class='ocrx_word' id='word_1_539' title='bbox 1453 2793 1597 2842; x_wconf 87' lang='lat' dir='ltr'>placent</span> <span class='ocrx_word' id='word_1_540' title='bbox 1626 2795 1718 2832; x_wconf 85' lang='lat' dir='ltr'>mihi</span> <span class='ocrx_word' id='word_1_541' title='bbox 1746 2795 1852 2833; x_wconf 83' lang='lat' dir='ltr'>divae</span> <span class='ocrx_word' id='word_1_542' title='bbox 1881 2809 2058 2835; x_wconf 85' lang='lat' dir='ltr'>nemorum</span> <span class='ocrx_word' id='word_1_543' title='bbox 2075 2825 2085 2841; x_wconf 93' lang='lat'>‚</span> <span class='ocrx_word' id='word_1_544' title='bbox 2121 2809 2192 2835; x_wconf 86' lang='lat' dir='ltr'>nec</span> <span class='ocrx_word' id='word_1_545' title='bbox 2209 2811 2392 2839; x_wconf 76' lang='lat' dir='ltr'>nemorum</span> 
     </span>
     <span class='ocr_line' id='line_1_89' title="bbox 1331 2841 2394 2898; baseline 0.009 -19"><span class='ocrx_word' id='word_1_546' title='bbox 1331 2841 1467 2892; x_wconf 76' lang='lat' dir='ltr'>filvae,</span> <span class='ocrx_word' id='word_1_547' title='bbox 1493 2857 1606 2894; x_wconf 86' lang='lat' dir='ltr'>quare</span> <span class='ocrx_word' id='word_1_548' title='bbox 1625 2845 1866 2895; x_wconf 64' lang='lat' dir='ltr'>amplecterer</span> <span class='ocrx_word' id='word_1_549' title='bbox 1885 2849 2035 2886; x_wconf 87' lang='lat' dir='ltr'>alteram</span> <span class='ocrx_word' id='word_1_550' title='bbox 2062 2848 2366 2890; x_wconf 84' lang='lat' dir='ltr'>emendationem</span> <span class='ocrx_word' id='word_1_551' title='bbox 2381 2880 2394 2898; x_wconf 93' lang='lat'>,</span> 
     </span>
     <span class='ocr_line' id='line_1_90' title="bbox 1341 2895 2395 2947; baseline 0.011 -17"><span class='ocrx_word' id='word_1_552' title='bbox 1341 2907 1480 2932; x_wconf 84' lang='lat' dir='ltr'>nemora</span> <span class='ocrx_word' id='word_1_553' title='bbox 1511 2906 1555 2935; x_wconf 63' lang='lat' dir='ltr'>ca·</span> <span class='ocrx_word' id='word_1_554' title='bbox 1590 2895 1723 2944; x_wconf 78' lang='lat' dir='ltr'>silvae,</span> <span class='ocrx_word' id='word_1_555' title='bbox 1751 2909 1863 2947; x_wconf 84' lang='lat' dir='ltr'>quam</span> <span class='ocrx_word' id='word_1_556' title='bbox 1892 2898 2012 2938; x_wconf 80' lang='lat' dir='ltr'>firmat</span> <span class='ocrx_word' id='word_1_557' title='bbox 2035 2911 2128 2938; x_wconf 89' lang='lat' dir='ltr'>unus</span> <span class='ocrx_word' id='word_1_558' title='bbox 2157 2900 2295 2940; x_wconf 89' lang='lat' dir='ltr'>Petavii</span> <span class='ocrx_word' id='word_1_559' title='bbox 2330 2915 2395 2941; x_wconf 86' lang='lat' dir='ltr'>co·</span> 
     </span>
     <span class='ocr_line' id='line_1_91' title="bbox 1342 2946 2395 3005; baseline 0.009 -23"><span class='ocrx_word' id='word_1_560' title='bbox 1342 2946 1425 2983; x_wconf 83' lang='lat' dir='ltr'>dex.</span> <span class='ocrx_word' id='word_1_561' title='bbox 1445 2949 1481 2983; x_wconf 71' lang='grc' dir='ltr'>ὅ(</span> <span class='ocrx_word' id='word_1_562' title='bbox 1503 2955 1601 2984; x_wconf 87' lang='lat' dir='ltr'>certe</span> <span class='ocrx_word' id='word_1_563' title='bbox 1623 2947 1756 2985; x_wconf 78' lang='lat' dir='ltr'>Noster</span> <span class='ocrx_word' id='word_1_564' title='bbox 1775 2949 1993 2997; x_wconf 85' lang='lat' dir='ltr'>distinguere</span> <span class='ocrx_word' id='word_1_565' title='bbox 2019 2959 2119 2989; x_wconf 88' lang='lat' dir='ltr'>amat</span> <span class='ocrx_word' id='word_1_566' title='bbox 2139 2964 2258 2990; x_wconf 84' lang='lat' dir='ltr'>nemus</span> <span class='ocrx_word' id='word_1_567' title='bbox 2281 2952 2395 3005; x_wconf 79' lang='lat' dir='ltr'>&amp;fil-</span> 
     </span>
     <span class='ocr_line' id='line_1_92' title="bbox 1342 2996 2394 3048; baseline 0.009 -15"><span class='ocrx_word' id='word_1_568' title='bbox 1342 3010 1441 3035; x_wconf 85' lang='lat' dir='ltr'>vam.</span> <span class='ocrx_word' id='word_1_569' title='bbox 1467 2996 1529 3034; x_wconf 83' lang='lat' dir='ltr'>lib.</span> <span class='ocrx_word' id='word_1_570' title='bbox 1552 3010 1596 3035; x_wconf 81' lang='lat'>11.</span> <span class='ocrx_word' id='word_1_571' title='bbox 1617 2999 1711 3036; x_wconf 87' lang='lat' dir='ltr'>Met.</span> <span class='ocrx_word' id='word_1_572' title='bbox 1731 2998 1817 3048; x_wconf 74' lang='lat'><strong>438.</strong></span> <span class='ocrx_word' id='word_1_573' title='bbox 2391 2999 2394 3002; x_wconf 40' lang='lat'><strong>⁴</strong></span> 
     </span>
     <span class='ocr_line' id='line_1_93' title="bbox 1396 3048 2147 3103; baseline 0.008 -17"><span class='ocrx_word' id='word_1_574' title='bbox 1396 3048 1486 3086; x_wconf 85' lang='lat' dir='ltr'>Huic</span> <span class='ocrx_word' id='word_1_575' title='bbox 1506 3048 1580 3086; x_wconf 86' lang='lat' dir='ltr'><em>odio</em></span> <span class='ocrx_word' id='word_1_576' title='bbox 1602 3063 1722 3087; x_wconf 82' lang='lat' dir='ltr'>nemus</span> <span class='ocrx_word' id='word_1_577' title='bbox 1741 3050 1805 3097; x_wconf 85' lang='lat' dir='ltr'>est,</span> <span class='ocrx_word' id='word_1_578' title='bbox 1832 3061 1876 3091; x_wconf 70' lang='lat'>(9⁶</span> <span class='ocrx_word' id='word_1_579' title='bbox 1895 3051 2025 3099; x_wconf 81' lang='lat' dir='ltr'>conscia</span> <span class='ocrx_word' id='word_1_580' title='bbox 2036 3052 2147 3103; x_wconf 83' lang='lat' dir='ltr'><em>filva.</em></span> 
     </span>
     <span class='ocr_line' id='line_1_94' title="bbox 1346 3099 2396 3152; baseline 0.009 -15"><span class='ocrx_word' id='word_1_581' title='bbox 1346 3099 1390 3138; x_wconf 84' lang='lat' dir='ltr'>In</span> <span class='ocrx_word' id='word_1_582' title='bbox 1428 3111 1475 3138; x_wconf 86' lang='lat' dir='ltr'>eo</span> <span class='ocrx_word' id='word_1_583' title='bbox 1507 3108 1631 3138; x_wconf 87' lang='lat' dir='ltr'>autem</span> <span class='ocrx_word' id='word_1_584' title='bbox 1663 3101 1908 3142; x_wconf 85' lang='lat' dir='ltr'>differentiam</span> <span class='ocrx_word' id='word_1_585' title='bbox 1941 3103 2095 3142; x_wconf 85' lang='lat' dir='ltr'>statuiffe</span> <span class='ocrx_word' id='word_1_586' title='bbox 2124 3105 2270 3145; x_wconf 86' lang='lat' dir='ltr'>videtur</span> <span class='ocrx_word' id='word_1_587' title='bbox 2291 3134 2301 3152; x_wconf 91' lang='lat'><strong>,</strong></span> <span class='ocrx_word' id='word_1_588' title='bbox 2353 3114 2396 3146; x_wconf 86' lang='lat' dir='ltr'>ut</span> 
     </span>
     <span class='ocr_line' id='line_1_95' title="bbox 1346 3150 2394 3205; baseline 0.009 -18"><span class='ocrx_word' id='word_1_589' title='bbox 1346 3164 1465 3188; x_wconf 83' lang='lat' dir='ltr'>nemus</span> <span class='ocrx_word' id='word_1_590' title='bbox 1487 3150 1528 3189; x_wconf 89' lang='lat' dir='ltr'>fit</span> <span class='ocrx_word' id='word_1_591' title='bbox 1549 3163 1625 3199; x_wconf 79' lang='lat' dir='ltr'>pars</span> <span class='ocrx_word' id='word_1_592' title='bbox 1650 3152 1756 3190; x_wconf 78' lang='lat' dir='ltr'>filvae</span> <span class='ocrx_word' id='word_1_593' title='bbox 1772 3182 1782 3198; x_wconf 92' lang='lat'>,</span> <span class='ocrx_word' id='word_1_594' title='bbox 1796 3157 1831 3191; x_wconf 74' lang='grc' dir='ltr'>ὅ(</span> <span class='ocrx_word' id='word_1_595' title='bbox 1847 3156 1943 3192; x_wconf 85' lang='lat' dir='ltr'>forte</span> <span class='ocrx_word' id='word_1_596' title='bbox 1964 3155 2022 3193; x_wconf 87' lang='lat' dir='ltr'>illa</span> <span class='ocrx_word' id='word_1_597' title='bbox 2037 3184 2047 3200; x_wconf 93' lang='lat'><strong>,</strong></span> <span class='ocrx_word' id='word_1_598' title='bbox 2070 3168 2164 3205; x_wconf 82' lang='lat' dir='ltr'>quae</span> <span class='ocrx_word' id='word_1_599' title='bbox 2185 3157 2316 3196; x_wconf 85' lang='lat' dir='ltr'>sacrata</span> <span class='ocrx_word' id='word_1_600' title='bbox 2329 3158 2394 3205; x_wconf 52' lang='lat' dir='ltr'>haf</span> 
     </span>
     <span class='ocr_line' id='line_1_96' title="bbox 1345 3203 2218 3261; baseline 0.006 -21"><span class='ocrx_word' id='word_1_601' title='bbox 1345 3203 1513 3241; x_wconf 86' lang='lat' dir='ltr'>bebatur:</span> <span class='ocrx_word' id='word_1_602' title='bbox 1542 3203 1647 3252; x_wconf 89' lang='lat' dir='ltr'>quod</span> <span class='ocrx_word' id='word_1_603' title='bbox 1667 3204 1805 3261; x_wconf 81' lang='lat' dir='ltr'>colligo</span> <span class='ocrx_word' id='word_1_604' title='bbox 1822 3217 1867 3243; x_wconf 87' lang='lat' dir='ltr'>ex</span> <span class='ocrx_word' id='word_1_605' title='bbox 1886 3204 1948 3244; x_wconf 92' lang='lat' dir='ltr'>lib.</span> <span class='ocrx_word' id='word_1_606' title='bbox 1973 3218 2002 3244; x_wconf 85' lang='lat'>1.</span> <span class='ocrx_word' id='word_1_607' title='bbox 2022 3207 2118 3245; x_wconf 91' lang='lat' dir='ltr'>Met.</span> <span class='ocrx_word' id='word_1_608' title='bbox 2135 3207 2218 3256; x_wconf 81' lang='lat'>568.</span> 
     </span>
    </p>
   </div>
   <div class='ocr_carea' id='block_1_27' title="bbox 1395 3253 2395 3403">
    <p class='ocr_par' dir='ltr' id='par_1_41' title="bbox 1395 3253 2395 3403">
     <span class='ocr_line' id='line_1_97' title="bbox 1396 3253 2395 3311; baseline 0.01 -21"><span class='ocrx_word' id='word_1_609' title='bbox 1396 3253 1454 3300; x_wconf 77' lang='lat' dir='ltr'>Est</span> <span class='ocrx_word' id='word_1_610' title='bbox 1485 3267 1605 3292; x_wconf 79' lang='lat' dir='ltr'>nemus</span> <span class='ocrx_word' id='word_1_611' title='bbox 1639 3263 1847 3308; x_wconf 62' lang='lat' dir='ltr'>Haemorjtae</span> <span class='ocrx_word' id='word_1_612' title='bbox 1866 3285 1878 3304; x_wconf 90' lang='lat'>,</span> <span class='ocrx_word' id='word_1_613' title='bbox 1897 3265 2084 3308; x_wconf 83' lang='lat' dir='ltr'>praerupta</span> <span class='ocrx_word' id='word_1_614' title='bbox 2116 3259 2208 3310; x_wconf 76' lang='lat' dir='ltr'>quod</span> <span class='ocrx_word' id='word_1_615' title='bbox 2239 3259 2395 3311; x_wconf 74' lang='lat' dir='ltr'><em>undique</em></span> 
     </span>
     <span class='ocr_line' id='line_1_98' title="bbox 1523 3305 1657 3355; baseline 0.007 -11"><span class='ocrx_word' id='word_1_616' title='bbox 1523 3305 1657 3355; x_wconf 72' lang='lat' dir='ltr'>claudit</span> 
     </span>
     <span class='ocr_line' id='line_1_99' title="bbox 1395 3355 1517 3403; baseline -0.008 -9"><span class='ocrx_word' id='word_1_617' title='bbox 1395 3355 1517 3403; x_wconf 39' lang='lat' dir='ltr'><em>Silva}</em></span> 
     </span>
    </p>
   </div>
   <div class='ocr_carea' id='block_1_28' title="bbox 2328 3422 2390 3457">
    <p class='ocr_par' dir='ltr' id='par_1_42' title="bbox 2328 3422 2390 3457">
     <span class='ocr_line' id='line_1_100' title="bbox 2328 3422 2390 3457; baseline 0 -6"><span class='ocrx_word' id='word_1_618' title='bbox 2328 3422 2390 3457; x_wconf 59' lang='lat' dir='ltr'>CR}</span> 
     </span>
    </p>
   </div>
  </div>
 </body>
</html>
