2495 3675
392 108 952 204 EPISTOLARUM
989 144 1096 204 EX
1134 143 1417 203 PONTO.
1459 145 1580 203 Lm.
1617 149 1676 206 11.
1728 149 1906 211 Emsr.
1944 148 2024 207 111.

2138 155 2242 224 769

426 245 577 303 Tum
602 261 690 304 tua
716 267 802 306 me
833 251 1065 318 primum
1090 249 1239 304 solari
1267 249 1416 304 litera
1442 247 1653 320 coepit;

489 317 561 373 Et
590 322 784 377 laesum
813 322 957 378 flesti
983 322 1129 394 spem
1152 322 1279 376 dare
1303 321 1447 393 posse
1476 321 1673 375 Deum.

421 389 606 447 Movit
631 395 893 449 amicitiae
921 408 1034 450 tum
1060 406 1115 447 te
1139 393 1429 448 constantia
1453 393 1683 464 longam.

278 474 345 511 '70

277 505 292 527 Ι

493 468 640 519 Ante
664 481 783 521 tuos
808 480 955 522 ortus
981 483 1116 538 quae
1139 466 1271 520 mihi
1296 479 1486 538 coepta
1509 465 1625 520 fuit.

418 534 489 590 Et
516 538 663 610 quod
693 557 804 593 eras
834 540 944 592 aliis
968 537 1163 600 facim,

1205 539 1334 592 mihi
1360 553 1511 592 natus
1538 537 1761 592 amicus:

491 609 770 683 Quodque
804 610 901 664 tibi
925 611 979 664 in
1008 610 1156 664 cunis
1185 610 1357 664 oscula
1379 611 1547 680 prima
1571 610 1717 664 dedi.

412 678 610 752 Quod,
647 700 770 737 cum
795 681 961 737 vestra
990 683 1183 736 domus
1207 681 1402 735 teneris
1426 681 1554 735 mihi
1578 681 1785 752 semper
1810 680 1873 735 ab
1898 680 2041 736 annis

483 752 642 807 Culta
668 754 755 817 sit,
794 754 896 809 effe
923 768 1072 809 vetus
1095 770 1235 806 nunc
1262 752 1356 806 tibi
1382 770 1550 824 cogor
1578 770 1729 813 onus,

268 838 330 886 75
408 821 506 877 Me
533 838 653 881 tuus
676 826 764 880 ille
790 840 965 896 pater,
1007 825 1193 879 Latiae
1220 823 1464 879 facundia
1486 826 1721 896 linguae,

482 897 638 970 Quae
662 915 771 952 non
796 897 1017 953 inferior
1043 897 1316 951 nobilitate
1344 897 1445 952 fuit
1464 936 1478 959 ,

408 966 644 1032 Primus,
665 982 724 1024 ut
751 968 1004 1025 auderem
1030 969 1371 1024 committere
1394 970 1625 1025 carmina
1652 969 1840 1024 Famae
1858 1007 1872 1028 φ

474 1039 705 1113 Impulit.
741 1042 940 1114 ingenii
969 1042 1081 1097 dux
1104 1042 1202 1096 fuit
1229 1042 1314 1096 ille
1341 1042 1464 1096 mei.

406 1110 552 1175 Nee,
591 1131 701 1185 quo
731 1114 789 1168 fit
815 1115 1047 1186 primum
1073 1114 1225 1168 nobis
1251 1115 1279 1168 a
1307 1127 1551 1185 tempore
1577 1115 1780 1177 cultuS,

260 1180 333 1235 80

475 1184 772 1242 Contendo
798 1188 1014 1242 fratrem
1040 1185 1184 1268 posse
1213 1185 1415 1240 referre
1441 1201 1609 1240 tuum.

398 1254 487 1310 Te
514 1269 691 1313 tamen
716 1272 838 1314 ante
867 1276 1052 1314 omnes
1080 1272 1151 1312 1ta
1176 1258 1287 1312 sum
1313 1259 1622 1330 complexus
1640 1297 1656 1323 ,
1694 1271 1750 1314 ut
1777 1275 1911 1314 unua

474 1327 732 1402 Quolibet
757 1332 811 1386 in
834 1332 952 1387 casu
980 1332 1145 1402 gratia
1170 1330 1344 1385 nostra
1369 1331 1529 1385 fores,

399 1398 598 1456 Ultima
624 1420 711 1458 me
736 1416 915 1459 tecum
941 1404 1101 1468 vidit,
1138 1401 1456 1476 moestisque
1483 1404 1733 1459 cadentes

472 1472 701 1547 Excepit
733 1477 972 1531 lacrimas
994 1476 1129 1531 Italis
1154 1493 1246 1530 ora
1272 1477 1432 1546 genis,

257 1544 318 1611 85

396 1543 539 1599 Cum
565 1547 659 1601 tibi
690 1549 996 1620 quaerenti,
1033 1565 1163 1603 num
1190 1565 1346 1602 verus
1371 1548 1586 1602 nuntius
1621 1547 1776 1613 effet‚

468 1620 740 1675 Attulerat
774 1622 957 1694 culpae
980 1637 1142 1693 quem
1169 1621 1300 1675 mala
1326 1619 1463 1676 fama
1488 1638 1666 1687 meae;

98 1877 148 1916 le.
176 1877 343 1918 Cronu.
369 1875 511 1920 Metibi
526 1879 611 1930 cogit
629 1881 957 1935 veterespleri-que.
983 1881 1045 1924 sed
1061 1894 1138 1923 non

101 1929 234 1977 probo.
261 1930 401 1970 Herus.

155 1991 212 2028 75.
240 1986 301 2018 Me
318 1991 397 2020 tuus
416 1982 474 2021 ille
488 1991 588 2033 pater
601 2011 612 2029 ,
639 1984 741 2034 &c.]
789 1985 849 2023 Ab
866 1986 1078 2035 eloquentia
1098 1986 1138 2023 &

100 2029 294 2069 nobilitate
314 2033 525 2071 Maximum
545 2034 666 2073 laudat
686 2038 810 2083 po'e‘ta.
837 2036 1006 2074 CtofAN.

152 2081 212 2125 76.
239 2081 313 2129 Qu·
331 2095 399 2120 non
417 2083 595 2133 inferiora]
651 2087 752 2133 Qae
770 2086 952 2124 meliores.
988 2087 1137 2124 Herus,

100 2129 185 2175 Qa
205 2131 280 2168 duo
299 2132 440 2181 scripti,
462 2134 560 2172 &ita
573 2135 720 2173 volebat
740 2135 964 2175 doetiffimus
991 2136 1136 2174 Auctor

98 2177 312 2218 Electorum
336 2183 447 2221 Eton.
475 2184 618 2222 deterior
637 2186 748 2223 etiam
773 2186 926 2223 Moreti.

150 2227 213 2274 78.
240 2232 411 2280 Ingenii.]
442 2234 588 2280 Ingeniis
606 2234 679 2271 dux
692 2234 768 2280 fuit
782 2235 840 2272 ille
861 2236 943 2272 meis
964 2236 1134 2275 Leidens.

96 2277 237 2319 Medic.
256 2288 416 2330 quatuor
433 2282 503 2320 alii.
522 2285 685 2333 compulit
706 2285 818 2323 etiam
840 2286 911 2323 Ms.
931 2286 1066 2325 Bersm.

150 2354 210 2390 79.
237 2350 309 2382 Nec
341 2346 434 2394 quod
450 2345 500 2395 fit
528 2348 640 2397 primo
671 2348 765 2386 nobis
794 2349 819 2386 d
849 2360 992 2399 tempore
1022 2352 1133 2390 cultus

97 2394 275 2431 Contendo
287 2396 442 2442 fratrem
467 2399 547 2445 poffe
567 2400 690 2445 referre
717 2400 856 2450 tuum]
908 2401 996 2451 Poffe
1013 2414 1132 2451 negare

96 2441 325 2483 scribendum
339 2445 429 2485 olim
452 2447 654 2486 censebam.
670 2449 722 2486 At
742 2450 971 2490 Sarravianus
987 2480 996 2496 ,
1009 2451 1131 2491 Twis-

95 2494 224 2533 denius
240 2523 251 2540 ,
280 2496 317 2533 δε
339 2497 492 2545 Argent.
525 2503 596 2534 Nec
617 2512 682 2547 quo
696 2498 746 2546 fit
765 2500 932 2549 primum.
958 2511 996 2540 ut
1014 2502 1130 2542 sensus

96 2543 164 2588 fit,
186 2546 401 2589 Contendo,
418 2547 561 2585 fratrem
575 2557 681 2587 tuum
701 2549 907 2588 meminisse
917 2563 993 2590 non
1007 2552 1128 2600 poffe,

96 2605 174 2650 quo
194 2597 353 2644 primum
373 2604 541 2645 tempore
558 2596 578 2635 a
601 2599 705 2637 nobis
728 2600 843 2638 cultus
862 2600 916 2639 fit.
942 2602 1041 2651 quali
1065 2616 1129 2641 ve-

94 2643 137 2681 lit
151 2657 229 2693 jam
253 2645 273 2683 a
291 2646 406 2695 longo
428 2655 597 2695 tempore
617 2650 655 2687 &
677 2648 697 2687 a
723 2652 840 2698 prima
861 2652 1012 2690 infantia
1027 2653 1128 2691 fuisse

96 2695 236 2734 cultum
252 2725 262 2741 ,
291 2705 352 2735 aut
370 2705 453 2735 ante
474 2709 606 2743 cunas,
634 2707 675 2737 ut
697 2700 798 2748 supra
814 2701 965 2740 dixerat.
993 2704 1127 2752 Neque

94 2743 194 2783 aliter
216 2746 335 2785 codex
364 2746 584 2786 Bersmanni.
611 2760 769 2798 eamque
799 2763 923 2789 veram
955 2752 1026 2790 esse
1047 2754 1128 2791 scri-

94 2802 238 2847 pturam
266 2798 302 2835 in
324 2797 493 2846 Epistolis
513 2799 593 2847 jam
627 2799 718 2837 vidit
738 2800 982 2851 Tanaquillug
1002 2803 1125 2843 Faber.

92 2843 153 2882 hb.
172 2858 199 2882 1.
220 2847 288 2894 Ep.
305 2858 363 2893 71.
391 2848 509 2887 codex
532 2849 825 2896 Arondelianus,

145 2913 218 2944 Nec
238 2921 303 2957 quo
317 2906 364 2956 fit
386 2909 480 2947 nobis
499 2909 524 2946 ὰ
541 2910 652 2958 primo
673 2921 818 2961 tempore
838 2913 961 2953 culeus.

93 2983 157 3019 quo
177 2972 287 3010 etiam
307 2972 345 3009 in
365 2973 487 3011 multis
506 2974 594 3014 aliis.
618 2984 711 3022 tres,
739 2977 834 3029 quia.
863 2979 1003 3020 Hnms.
1031 2983 1118 3020 Cul-

91 3030 149 3057 tus
168 3020 257 3059 mihi
268 3023 398 3071 semper
418 3024 461 3060 ab
483 3037 568 3062 aevo
587 3038 692 3065 unus.

145 3070 206 3108 81.
231 3077 275 3108 Ut
292 3073 403 3129 utras]
434 3079 477 3110 Ut
497 3087 586 3112 unus
606 3078 786 3116 meliores.
800 3079 837 3116 &
856 3081 963 3119 ret‘le.
977 3082 1121 3122 Herus.

144 3119 204 3159 82.
231 3125 357 3158 Gratta
379 3125 518 3173 nostra]
557 3127 676 3164 Gloria
700 3129 817 3166 codex
839 3130 1008 3171 Gallicus.
1026 3136 1120 3180 soret

90 3170 165 3208 Ms.
185 3170 320 3225 Bersm-
340 3173 377 3209 δε
397 3174 435 3210 Ρ.
456 3175 553 3213 Dan.
576 3178 613 3214 δε
632 3178 842 3226 quindecim
863 3182 934 3218 alii.

47 3229 55 3232 ·
137 3220 195 3266 84.
227 3221 322 3257 ltalts
341 3222 429 3277 ora.]
458 3225 804 3276 Patronytnicorum
828 3231 986 3270 formam
1015 3234 1123 3272 habet

86 3269 158 3309 hoc
169 3281 308 3311 nomen
323 3272 441 3318 lmus,
455 3273 501 3312 fic
516 3278 551 3315 ὅ(
569 3280 844 3330 ᾷαηηατὶεΑωι
856 3293 950 3322 voce
968 3285 1003 3322 in
1026 3285 1122 3324 lusce

2093 1743 2237 1798 Inter

1194 1881 1272 1922 ufus
1285 1881 1332 1922 est
1348 1882 1456 1922 libris.
1482 1881 1652 1923 Croton.
1676 1880 1781 1933 Quid
1792 1882 1866 1921 hoc
1877 1879 1925 1920 est
1937 1877 2087 1919 monstri
2102 1878 2117 1918 ?
2132 1880 2234 1920 Italia

1192 1941 1229 1971 te
1251 1935 1378 1972 ultima
1403 1946 1553 1973 mecum
1575 1933 1695 1973 vidit?
1723 1935 1823 1983 atqui
1856 1933 1982 1971 locum
2002 1938 2145 1986 ¹certum
2169 1932 2234 1970 de-

1192 1983 1298 2022 bebat
1317 1983 1524 2033 defignare,
1552 1984 1625 2023 five
1645 1986 1809 2022 Romam
1830 2011 1841 2027 ,
1870 1982 1945 2020 five
1966 1982 2076 2019 allum
2098 1993 2230 2029 quem-

1192 2045 1350 2084 cunque.
1361 2034 1530 2083 Scaligeri
1540 2035 1658 2073 codex
1672 2061 1683 2078 ‚
1699 2034 1781 2072 Itali
1784 2033 1894 2083 silva.
1906 2032 2002 2070 unde
2014 2033 2231 2071 Avunculus

1192 2095 1296 2121 meus
1318 2083 1528 2132 Rutgerfius
1550 2083 1760 2133 conjectura
1780 2084 1982 2121 indubitata
2001 2083 2226 2129 reponebat,

1192 2133 1348 2170 AEthalis
1362 2134 1454 2172 Ilva.
1466 2145 1551 2172 nam
1566 2135 1645 2171 Ilva
1654 2133 1820 2176 AEthalia
1834 2161 1845 2178 ,
1862 2133 1949 2171 teste
1962 2132 2080 2170 Plinio
2093 2160 2102 2175 ,
2117 2132 2228 2170 dicia.

1193 2186 1345 2233 Argent.
1359 2184 1397 2220 ὅ(
1412 2183 1591 2222 Barberin.
1606 2185 1698 2221 Itala
1710 2183 1819 2233 filva.
1831 2182 1998 2227 Comini,
2010 2182 2225 2230 AEthalafib-

1190 2247 1250 2274 va.
1269 2246 1360 2272 unus
1374 2233 1494 2271 Vatic.
1514 2235 1643 2271 AEtalis
1664 2247 1736 2271 ora.
1767 2242 1802 2271 at
1816 2234 1987 2271 omnium
2007 2234 2224 2271 veterrimus

1190 2284 1390 2327 Sarravian‚
1403 2283 1548 2321 Aithali
1565 2283 1668 2331 silva.
1684 2294 1722 2323 ut
1736 2285 1825 2322 nihil
1839 2284 1956 2321 verius
1975 2294 2015 2320 ac
2035 2283 2162 2319 certius
2182 2284 2223 2320 lit

1187 2335 1254 2372 hac
1271 2335 1508 2372 restitutione.
1539 2336 1613 2372 llva
1629 2335 1815 2383 Tyrrheni
1828 2335 1933 2371 maris
1952 2334 2058 2370 imula
2074 2360 2081 2366 .
2096 2334 2143 2368 ob
2159 2344 2222 2369 co—

1186 2385 1284 2432 piam
1313 2385 1396 2422 ferri
1425 2384 1707 2422 celebratiffima.
1752 2396 1864 2433 quare
1901 2384 2056 2430 'Virgilio
2089 2383 2220 2420 <uritur

1184 2446 1220 2471 x.
1246 2444 1330 2482 174.
1356 2434 1566 2481 inexhaustis
1585 2435 1784 2482 Chalybum
1801 2434 1957 2481 generosa
1982 2433 2216 2470 metallisuti

1190 2483 1368 2522 videndus
1390 2484 1545 2523 Servius.
1574 2485 1668 2533 apud
1695 2495 1806 2532 quem
1831 2483 2029 2525 mendose,
2059 2482 2217 2529 <Quidam

1189 2533 1309 2571 Ilvam
1334 2534 1487 2571 Ithacem
1507 2535 1638 2571 dic'z'am
1662 2534 1807 2577 volunt,
1834 2545 1904 2580 pro
1924 2532 2102 2568 AEtlmlen.
2123 2536 2217 2571 hanc

1188 2585 1319 2621 Graeci
1342 2583 1499 2625 Αἷθιὶλην
1521 2586 1558 2622 &
1579 2583 1752 2620 Αἰίοιλῖκυ
1774 2591 1920 2620 vocant.
1947 2583 2044 2618 Vide
2065 2583 2217 2631 Stepha-

1186 2645 1275 2672 num
1297 2637 1332 2672 in
1359 2635 1515 2673 Αἷῦιέλκ.
1544 2635 1687 2672 Herm.
1740 2635 1944 2681 Negotium
1976 2632 2056 2669 sane
2076 2632 2215 2680 specio-

1184 2685 1259 2722 sum
1277 2713 1287 2728 ‚
1307 2686 1343 2723 &
1367 2685 1392 2722 si
1413 2685 1596 2722 Corsicam
1617 2685 1731 2722 Poeta
1753 2696 1817 2731 pro
1837 2684 1957 2720 Ponto
1980 2693 2213 2731 navigaturus

1184 2734 1324 2779 sufflet,
1352 2746 1428 2773 non
1451 2744 1590 2772 temere
1613 2736 1914 2772 contradicerem.
1964 2734 2074 2770 Nunc
2095 2733 2211 2771 Ilvam

1181 2786 1218 2822 in
1238 2785 1365 2823 tabulis
1394 2786 1656 2834 Geographicis
1687 2783 1975 2831 contemplatus,
2006 2784 2111 2830 hujus
2139 2784 2208 2823 effe

1180 2835 1253 2872 loci
1274 2837 1419 2873 credere
1438 2848 1514 2872 non
1536 2837 1652 2883 potui.
1679 2835 1880 2872 Videamus
1896 2833 2023 2870 Ovidii
2044 2836 2077 2869 in
2095 2835 2209 2871 Grac-

1181 2886 1272 2922 ciarn
1300 2887 1378 2924 iter.
1405 2886 1512 2924 Trist.
1532 2899 1559 2924 1.
1582 2886 1684 2934 Eleg.
1708 2894 1740 2933 3.
1773 2885 1944 2933 relinquit
1972 2884 2119 2930 urbem,
2149 2888 2209 2923 ubi

1179 2936 1322 2984 inquit:

1224 2987 1316 3031 Jam
1334 2995 1430 3035 prope
1451 2987 1512 3023 lux
1533 2987 1655 3024 aderat
1671 3014 1680 3030 ,
1708 2999 1776 3036 qua
1798 2998 1852 3023 me
1871 2985 2034 3034 discedere
2055 2986 2182 3034 Caesar

1279 3037 1420 3073 Finibus
1442 3047 1612 3074 extremae
1626 3038 1768 3086 jufferat
1788 3037 1978 3084 Ausoniae.

1175 3086 1255 3133 Jam
1278 3095 1374 3124 certe
1394 3099 1468 3124 non
1494 3088 1608 3125 llvam
1640 3097 1700 3124 aut
1727 3088 1957 3135 Tyrrhenam
1990 3097 2090 3123 oram
2107 3114 2116 3130 ‚
2146 3086 2202 3122 scd

1177 3136 1405 3174 Brundisium
1429 3138 1620 3185 cogitabat.
1649 3139 1870 3175 Anteavero
1886 3164 1896 3182 ,
1926 3137 2109 3174 curllvam
2127 3136 2203 3182 pest

1172 3185 1302 3235 juliam
1324 3188 1584 3236 relegationem
1614 3198 1850 3230 excurreret,
1889 3199 1964 3224 non
1996 3186 2131 3225 videm
2163 3186 2200 3219 ἓ(

1179 3237 1251 3285 ipse
1274 3237 1420 3275 testatur
1442 3238 1474 3275 se
1496 3238 1676 3276 moestum
1702 3237 1869 3275 deseditl'e
1885 3265 1894 3279 ‚
1923 3239 1967 3273 ita
1988 3236 2100 3270 versus
2120 3246 2171 3286 pst
2189 3252 2203 3258 -

1179 3289 1282 3328 xuni.
1309 3301 1366 3327 nec
1388 3301 1482 3325 mens
1502 3302 1559 3325 nec
1578 3289 1746 3339 spatium.
1773 3291 1844 3327 &Q
1874 3286 2008 3323 lifflfflffl
2034 3284 2203 3335 &Ji-³³⁶¹?

1353 3339 1510 3378 Eeeee
1545 3351 1560 3389 3
2103 3334 2235 3377 ionio„-
