2495 3675
418 182 979 248 EPISTOLARUM
1018 183 1124 241 EX
1165 184 1450 244 PONTO.
1489 185 1610 245 Lm.
1647 188 1740 248 IV.
1777 188 1958 250 Emsr.
1980 192 2062 252 111.

438 285 528 343 Ille
555 308 659 362 ego
681 292 820 353 sum,
859 305 1181 362 quamquam
1208 304 1316 343 non
1344 287 1419 343 vis
1446 286 1658 352 audire,
1696 289 1899 345 vetusta

521 362 667 418 Pene
696 380 828 436 puer
855 376 1028 434 puero
1046 359 1258 431 junelus
1282 361 1527 415 amicitia.

443 434 533 490 Ille
563 454 694 508 eg0,
734 436 825 508 qui
854 434 1055 504 primus
1081 445 1168 486 tua
1195 432 1326 487 seria
1349 433 1494 487 nosl'e
1518 434 1777 498 solebam,

515 509 624 581 Qui
654 508 747 563 tibi
776 505 1018 572 iucundis
1049 505 1249 574 primus
1279 505 1450 559 adefl'e
1471 506 1622 576 jocis.

303 595 367 645 15
442 581 533 636 Ille
561 598 664 652 ego
692 579 999 641 conviRor,
1037 576 1310 650 densoque
1338 577 1660 635 domesticus
1684 579 1804 636 usu:

516 653 604 708 Ille
632 670 735 725 ego
756 651 969 721 judiciis
994 651 1152 704 unica
1181 649 1335 704 Musa
1365 655 1482 705 tuis,

440 726 587 780 Idem
617 743 721 797 ego
744 724 888 788 sum,
926 723 1018 794 qui
1041 739 1183 776 nunc
1208 740 1273 777 an
1301 723 1502 787 vivam,
1541 724 1776 794 perfide,
1815 727 2010 784 nescis:

516 798 661 853 Cura
689 797 784 851 tibi
810 798 879 851 de
905 813 1015 868 quo
1043 813 1300 867 quaerere
1325 798 1463 850 nulla
1492 797 1606 852 fuit.

444 871 566 925 Sive
595 871 667 925 fui
693 886 986 940 numquam
1011 885 1194 931 caruS,
1235 868 1486 924 fimulaffe
1514 870 1717 925 fateris:

296 963 366 998 20
514 944 616 997 Seu
636 960 750 996 non
778 939 1014 1012 fingebas
1032 978 1046 1002 ‚
1089 940 1365 996 inveniere
1393 943 1538 997 levis,

438 1015 545 1070 Dic
575 1031 699 1086 age,
741 1014 828 1068 dic
852 1014 1112 1086 aliquam,
1151 1030 1287 1086 quae
1315 1030 1367 1069 te
1392 1016 1704 1081 mutaverit,
1743 1018 1902 1072 iram:

519 1088 666 1141 Nam
693 1086 786 1141 nifi
805 1085 937 1157 justa
964 1100 1053 1139 tua
1081 1085 1186 1148 est,
1220 1086 1352 1157 justa
1377 1090 1591 1159 querela
1627 1107 1743 1144 mea
1768 1090 1860 1145 est.

444 1160 599 1233 Quae
625 1175 678 1214 te
701 1159 1031 1215 consimilem
1058 1176 1139 1214 res
1164 1176 1307 1214 nunc
1334 1173 1478 1214 vetat
1507 1161 1609 1216 effe
1633 1163 1833 1234 priori?

515 1235 603 1288 An
633 1235 835 1288 crimen
854 1269 868 1294 ,
908 1233 1065 1304 coepi
1092 1232 1240 1303 quod
1267 1232 1424 1288 miser
1450 1232 1583 1297 effe,
1621 1236 1813 1290 vocas?

297 1324 367 1375 25
442 1305 495 1361 Si
519 1307 645 1360 mihi
675 1305 829 1359 rebus
853 1321 1014 1376 opem
1043 1306 1242 1360 nullam
1269 1305 1526 1378 fastisque
1550 1307 1792 1373 ferebas;

517 1377 755 1433 Veniffet
782 1378 953 1433 verbis
979 1377 1158 1432 charta
1182 1391 1365 1433 notata
1392 1379 1572 1435 tribus,

441 1449 556 1507 Vix
582 1452 836 1524 equidem
863 1450 1060 1513 cred0‚
1103 1452 1193 1506 sed
1236 1453 1289 1506 &
1314 1452 1561 1507 insultare
1581 1452 1779 1525 jacenti

513 1524 603 1579 Te
628 1525 789 1587 mihi,
832 1541 931 1578 nec
954 1523 1126 1578 verbis
1155 1542 1407 1596 parcere,
1443 1524 1603 1580 Fama
1630 1527 1812 1584 refert.

441 1598 592 1671 Quid
617 1598 745 1651 facis
763 1636 778 1661 ,
820 1596 885 1650 ah
909 1596 1163 1651 demens?
1206 1616 1329 1662 cur,
1367 1598 1404 1653 s1
1430 1597 1667 1655 Fortuna
1695 1601 1945 1667 recedat,-

299 1689 365 1739 30
514 1670 804 1741 Naufragio
829 1670 1066 1724 lacrimas
1093 1672 1250 1743 eripis
1275 1672 1383 1742 ipse
1407 1673 1536 1726 tuo?

440 1742 598 1799 Haec
626 1743 745 1796 Dea
772 1760 884 1796 non
910 1741 1101 1806 stabili,
1127 1760 1288 1815 quam
1311 1744 1370 1797 sit
1408 1744 1718 1808 leviS‚'orbe
1742 1747 1971 1811 fatetur,

512 1816 695 1888 Quem
721 1816 986 1870 summum
1011 1814 1179 1870 dubio
1203 1815 1296 1870 sub
1321 1815 1460 1887 pede
1484 1817 1689 1889 semper
1713 1819 1885 1875 habet.

206 2092 264 2129 15.
292 2077 522 2129 Con-violon]
578 2075 752 2115 Conviotu
764 2077 938 2117 Vatican.
958 2076 996 2116 &
1017 2076 1111 2128 longo
1131 2077 1195 2124 usu

155 2133 314 2173 Medon.

211 2222 269 2256 17.
296 2210 359 2246 Jlle
376 2222 430 2258 ego
443 2209 565 2259 sunu]
606 2210 700 2248 Idem
719 2222 772 2260 ego
792 2211 1011 2249 concinnius
1027 2211 1125 2259 legas
1148 2223 1194 2250 ex

157 2269 315 2311 quatuor
337 2261 445 2297 libris.
473 2272 538 2308 pro
559 2263 619 2310 qui
639 2274 729 2296 nunc
749 2275 798 2297 an
818 2262 948 2299 vivam
980 2261 1168 2300 Leidenfis
1183 2290 1194 2308 ‚
1227 2271 1230 2274 ’

157 2325 258 2361 quem
278 2323 379 2348 nunc.
432 2311 541 2348 Forte
563 2338 573 2355 ,
611 2323 712 2358 quem
745 2325 836 2349 nunc
865 2325 914 2349 an
939 2312 1062 2352 vivat.
1092 2313 1194 2351 versu

156 2362 332 2411 proximo
362 2372 428 2408 pro
456 2374 538 2397 cura
553 2362 630 2407 fait
650 2389 660 2406 ‚
700 2373 784 2400 cum
818 2365 859 2400 ’τῦ
880 2365 938 2410 fui
959 2375 1048 2401 mox
1069 2363 1193 2412 sequa-

157 2420 240 2456 tur,
270 2410 293 2448 Ξι·
308 2411 455 2448 Nasone
476 2411 640 2449 relietum
664 2412 768 2450 nobis
792 2441 801 2457 ,
829 2427 913 2450 cura
932 2413 1023 2460 subit
1046 2415 1194 2463 opinor.

156 2463 300 2501 Hms.
327 2464 439 2509 Quem
464 2474 554 2497 nunc
578 2463 614 2499 P.
638 2462 733 2500 Dan.
763 2464 836 2503 vid.
858 2476 910 2503 vi.
934 2465 1024 2502 Fast.
1049 2467 1130 2512 176.

213 2552 271 2590 ¹9·
299 2539 474 2588 simulasse
487 2540 652 2591 fateris]
700 2543 836 2582 Melius
857 2555 940 2582 cum
964 2545 1196 2594 sequentibus

158 2592 250 2630 haec
274 2592 520 2629 cohaerebunt
540 2619 550 2636 ,
580 2591 604 2629 fi
626 2592 722 2642 legas
744 2621 753 2637 ,
773 2592 945 2645 stmulasle
956 2597 1088 2643 fereris.
1109 2609 1196 2636 nam

159 2654 252 2681 unus
272 2654 317 2680 ex
340 2642 466 2679 nostris
482 2670 491 2686 ‚
514 2642 654 2681 videris.
681 2645 830 2683 Heius.

213 2732 276 2761 21.
304 2726 383 2758 Aut
405 2734 465 2770 age
485 2720 539 2757 dic
563 2721 763 2771 aliquam.]
816 2723 882 2760 Dic
903 2734 963 2772 age
982 2737 1073 2761 nunc
1093 2725 1200 2764 Polit.

160 2773 272 2816 alius,
302 2779 406 2810 Nunc
433 2785 491 2820 age
520 2773 584 2809 dic.
613 2785 705 2810 unus
735 2773 855 2811 Vatic.
888 2776 956 2811 Dic
975 2788 1044 2824 age
1072 2776 1138 2814 dic.
1165 2786 1202 2815 at

161 2833 318 2871 uterque
345 2822 517 2860 Medonii
555 2835 619 2872 pro
651 2823 787 2860 diversa
819 2824 979 2862 leelione
1003 2853 1014 2869 ‚
1060 2829 1126 2875 Eja
1146 2840 1205 2876 age

164 2874 227 2910 dic.
255 2873 357 2923 quod
379 2885 507 2910 verum
531 2874 576 2910 est
612 2873 657 2911 sic
677 2874 771 2922 apud
784 2874 913 2924 virgil.
943 2875 1007 2912 Eia
1020 2888 1206 2928 agerumpe

163 2937 288 2962 moras.
318 2923 559 2962 Nemesianus
580 2923 836 2973 Cynegexieo:

215 3009 369 3039 Latonae
388 3016 554 3050 magnum
567 3033 577 3050 ,
607 3005 735 3044 Phoebe
750 3036 760 3055 ,
787 3008 906 3054 decus,
928 3010 978 3049 eia
998 3023 1057 3061 age
1071 3013 1181 3061 suetos

220 3060 321 3090 Sume
341 3053 492 3091 habitus.

169 3139 338 3189 {Valerius
356 3141 506 3180 Flaccus
524 3142 582 3181 lib.
604 3156 696 3183 vxit.
719 3156 786 3183 ιιι.

453 3221 503 3256 eia
518 3249 527 3264 ,
552 3231 607 3270 per
626 3223 735 3271 ipsum

219 3268 464 3355 διαηᾱεώαἷε,
492 3283 533 3310 ω’
565 3274 708 3325 adverso
735 3273 858 3324 greffus
884 3302 892 3320 ‚
935 3275 987 3313 ait
1011 3303 1021 3322 ,
1048 3275 1207 3327 imprime

385 3333 447 3369 7:10».

2142 1945 2292 2017 Quo-

1250 2084 1361 2128 atque
1390 2078 1438 2116 ita
1469 2077 1593 2125 paffim
1615 2081 1761 2126 poetae.
1789 2081 1937 2120 Hem.
1972 2079 2053 2130 Ego
2077 2109 2088 2127 ,
2115 2081 2192 2127 dic,
2219 2094 2293 2131 age,

1250 2128 1317 2169 dic.
1344 2130 1512 2180 praetuli.
1541 2131 1589 2168 ita
1609 2130 1775 2177 Juvenal.
1795 2145 1848 2172 vi.
1867 2142 1956 2181 279.

1686 2213 1839 2226 ——-
1969 2197 2060 2243 Dic,

1304 2245 1372 2283 Dic
1394 2245 1547 2296 aliquem
1562 2246 1658 2295 fi’des
1672 2275 1682 2292 ,
1711 2249 1765 2287 dic
1785 2248 2025 2297 Quinffliliane
2049 2248 2202 2289 colorem.

1250 2309 1298 2347 fic
1319 2313 1415 2361 apud
1439 2314 1573 2352 Catull.
1594 2315 1661 2363 Ep.
1689 2328 1827 2355 txvm.
1856 2317 1944 2355 olim
1969 2317 2078 2361 editi,
2109 2319 2184 2363 dic,
2207 2333 2303 2367 age,-

1251 2361 1305 2398 dic
1327 2363 1440 2410 nobis,
1471 2379 1577 2415 quare
1595 2377 1737 2404 mutata
1751 2369 1821 2406 &c
1845 2369 1948 2416 quod
1974 2369 2096 2406 nescio
2121 2382 2184 2407 cur
2206 2383 2289 2409 mu-

1249 2414 1315 2451 tari
1338 2415 1476 2453 debeat.
1504 2417 1589 2454 vide
1611 2417 1773 2456 Broukh.
1794 2419 1836 2456 ad
1859 2421 2026 2467 Propert.
2049 2432 2103 2458 xv.
2125 2430 2290 2467 vi11.17‚

1250 2465 1288 2502 &
1315 2477 1409 2514 quae
1430 2469 1642 2505 notavimus
1665 2469 1709 2507 ad
1728 2470 1795 2517 Ep.
1815 2481 1893 2506 xvi.
1913 2479 1996 2516 341.
2017 2470 2145 2508 ΒυιιΜ.

1304 2528 1364 2565 23.
1393 2518 1498 2565 Qod
1517 2528 1549 2555 te
1567 2532 1658 2555 nunc
1685 2521 1813 2558 crimen
1826 2519 2018 2570 fimilem.]
2048 2522 2154 2560 Polit.
2181 2521 2293 2572 pluri-

1254 2567 1382 2616 mique
1405 2568 1462 2606 alii
1487 2581 1530 2606 ex
1555 2570 1857 2619 castigatioribus,

1308 2629 1410 2675 Qae
1432 2638 1465 2664 te
1488 2626 1693 2675 consimilem
1713 2644 1762 2668 res
1784 2644 1875 2668 nunc
1897 2640 2000 2668 vetat
2020 2630 2075 2680 esse
2089 2630 2207 2681 priori.

1255 2691 1365 2730 reete.
1394 2700 1545 2730 utuntur
1568 2704 1609 2730 ea
1634 2706 1728 2732 voce
1749 2695 1874 2744 paffim
1900 2696 2116 2741 Lucretius,
2147 2696 2295 2736 Teren⁴

1255 2743 1346 2787 tius,
1375 2754 1416 2780 ac
1438 2743 1586 2782 Cicero.
1614 2745 1817 2785 Nosterlib.
1838 2759 1900 2784 ιιι,
1929 2747 2112 2796 Eleg.vn.

1310 2808 1438 2845 Taedia
1463 2808 1628 2860 consimili
1644 2810 1722 2857 fieri
1744 2811 1784 2849 do
1804 2812 1957 2850 carmine
1979 2813 2090 2852 vohis.

1260 2872 1407 2909 Hiems.
1436 2874 1537 2920 ‘Quae
1561 2883 1592 2909 te
1609 2871 1800 2920 dissimilem
1819 2875 1906 2912 duo.
1936 2872 2142 2923 consimilem
2164 2889 2214 2913 res
2231 2889 2303 2914 non

1259 2922 1431 2959 totidem.
1460 2923 1664 2971 confimilem
1686 2926 1812 2961 crimen
1833 2936 1932 2962 vetat
1952 2925 2170 2964 MS.Bersrn.
2191 2939 2297 2971 mox,

1261 2986 1357 3010 voces
1379 2974 1498 3010 Vatic.
1519 2985 1616 3010 notas
1640 2975 1711 3013 Ms.
1736 2975 1869 3013 Bersm.

1313 3035 1372 3072 ις.
1401 3025 1434 3060 si
1456 3024 1545 3060 mihi
1576 3025 1673 3061 rebus
1702 3035 1791 3072 opem
1827 3027 1963 3063 nullam
1988 3055 1999 3071 ,
2019 3027 2196 3076 faflisque
2214 3031 2301 3071 fere·

1261 3073 1342 3118 bas,
1376 3075 1513 3123 Venisset
1548 3075 1662 3111 verbis
1685 3077 1807 3113 charta
1830 3089 1951 3114 notata
1973 3077 2125 3127 tribus.]
2183 3079 2215 3116 δι’
2238 3090 2299 3114 me

1262 3136 1333 3162 nec
1357 3137 1420 3169 re,
1448 3137 1518 3162 nec
1551 3136 1685 3163 conazu
1710 3128 1744 3163 ὅ(
1779 3128 1902 3165 labore
1930 3128 2104 3176 adjuvare
2134 3138 2300 3174 poteras,

1263 3175 1428 3222 perbrevi
1479 3176 1602 3214 saltem
1650 3177 1807 3226 lipillola

1263 3226 1432 3263 CIOFAN.

1315 3277 1377 3315 26.
1407 3277 1569 3328 Tribus]
1601 3279 1678 3316 Suis
1703 3278 1807 3318 pulit.

1317 3339 1378 3377 29.
1406 3330 1468 3366 Ah
1487 3331 1663 3381 demenx]
1693 3336 1722 3368 O
1746 3331 1880 3371 demens
1900 3330 2057 3379 plurimi.
2086 3328 2301 3386 quidfisse‘

2211 3393 2305 3429 glssssn

1862 3178 2060 3229 significare
2115 3178 2298 3215 debueras.
