2495 3675
495 158 1124 226 TRISTIUM
1196 158 1390 215 L113.
1465 159 1502 215 Ι.

1588 161 1792 223 ELEG.
1828 167 1903 226 V.
2145 185 2248 240 475

366 264 482 320 Nos
509 264 644 321 freta
674 265 926 321 sideribus
950 262 1094 319 notis
1120 259 1362 317 distantia
1391 260 1599 316 mensos

437 338 561 394 Sors
588 340 708 394 tulit
733 341 788 394 in
817 337 1046 393 Geticos
1077 333 1503 405 Sarmaticosque
1529 333 1680 389 finus,

362 409 450 466 Ille
477 411 659 468 habuit
686 413 956 484 fidamque
983 426 1229 471 manum,
1267 407 1548 479 sociosque
1571 406 1786 463 fideles:

434 483 534 540 Me
562 486 854 559 profugum
880 482 1106 538 comites
1134 480 1414 535 deseruere
1439 481 1561 535 mei.

356 555 445 612 Ille
468 557 611 613 suam
636 559 802 612 laetus
830 556 1054 624 patriam
1086 552 1364 628 victorque
1392 552 1621 624 petebat.

443 631 492 684 A
518 631 681 702 patria
711 629 862 700 fugio
887 626 1053 684 vicius
1079 628 1133 681 &
1162 628 1306 682 exsul
1329 643 1449 695 ego,

364 701 482 756 Nec
509 702 639 756 mihi
664 701 978 756 Dulichium
1006 701 1199 755 domus
1226 699 1331 762 est,
1365 699 1641 764 Ithaceve,
1681 699 1929 757 Sameve:

436 777 458 843 <
470 774 652 830 Poena
677 774 867 848 quibus
894 791 1003 829 non
1027 773 1101 828 est
1123 771 1336 844 grandis
1359 771 1527 825 abesse
1553 773 1730 842 locis)

360 845 464 901 Sed
492 865 628 919 quae
655 848 723 903 de
749 849 952 919 septem
977 860 1155 900 totum
1177 844 1529 916 circumspicit
1554 845 1742 901 orbem

215 933 283 987 70

432 918 745 984 Montibu3‚
782 920 992 991 imperii
1028 919 1208 974 Roma
1237 919 1524 989 Deumque
1550 919 1712 973 locus,

357 990 431 1046 Illi
462 1010 660 1065 corpus
688 1006 799 1048 erat
823 992 1019 1047 durum
1046 991 1356 1063 patiensque
1382 990 1650 1045 laborum:

430 1062 693 1121 Invalidae
721 1067 858 1121 vires
885 1066 1255 1137 ingenuaeque
1285 1063 1429 1118 mihi.

355 1135 450 1192 Ille
471 1154 584 1193 erat
609 1138 825 1194 adsidue
851 1138 1013 1192 saevis
1041 1138 1265 1208 agitatus
1291 1137 1344 1190 in
1384 1136 1568 1191 armis:

435 1212 700 1267 Adsuetus
727 1211 907 1267 studiis
930 1211 1176 1264 mollibus
1201 1208 1308 1281 ipse
1335 1209 1428 1263 fui.

170 1301 275 1364 -75

355 1282 454 1339 Me
486 1286 631 1339 Deus
659 1282 943 1357 oppreffit‚
979 1284 1127 1337 nullo
1154 1283 1288 1336 mala
1316 1282 1489 1336 nostra
1522 1281 1759 1338 levante:

430 1357 687 1413 Bellatrix
712 1359 786 1413 illi
812 1357 954 1412 Diva
980 1356 1182 1411 ferebat
1208 1372 1386 1428 opem.

116 1568 178 1617 63.
205 1568 374 1618 sociosque
392 1567 548 1618 fideles]
611 1567 707 1606 Tres
731 1595 742 1612 ‚
781 1565 938 1619 fidosque
962 1566 1111 1614 sodales.-

63 1619 283 1657 tantundem
308 1621 368 1657 est.
411 1621 469 1657 Ne
501 1620 554 1657 bis
579 1617 679 1657 idem
699 1618 797 1656 dicat
822 1645 832 1662 ,
869 1618 1015 1656 videtur
1032 1618 1112 1656 scri-

64 1669 227 1707 bendum
243 1698 252 1714 ,
280 1681 450 1721 certosque
465 1669 612 1719 sodales.
644 1677 684 1706 ut
711 1667 808 1719 apud
826 1669 1062 1715 Martialem,

237 1719 321 1768 fidis
341 1721 439 1758 bomo
461 1731 572 1759 certus
593 1718 728 1758 amicis.

3 1789 6 1791 ’
65 1782 212 1820 Hiems.
241 1784 322 1832 Ego
341 1783 487 1821 mallem
503 1810 514 1828 ,
537 1782 722 1831 firmosque
740 1779 890 1825 ffldales,
919 1781 1006 1831 quia
1019 1780 1114 1826 fidus

65 1834 104 1871 ὅ(
126 1833 246 1876 firmus
276 1834 379 1884 saepe
408 1842 700 1873 commutantur.
737 1834 786 1871 ita
818 1831 916 1881 apud
947 1832 1049 1881 Virg.
1069 1844 1114 1870 ιι.

67 1883 160 1923 AEn.
177 1885 223 1922 28
235 1898 263 1923 ι.

117 1941 191 1983 Spes
209 1949 226 1971 ο
241 1934 403 1984 fidiffima
425 1941 608 1974 Teucrum.

67 1986 221 2036 quidam
242 1988 386 2025 codices
401 2016 411 2032 ‚
432 1986 653 2035 firmiffima:
676 1985 810 2023 Euam.

119 2037 180 2074 66.
207 2037 346 2086 Fugia]
379 2039 460 2085 Fugi
477 2038 638 2087 plurimi.
663 2037 758 2084 exsul
779 2047 831 2072 ero
854 2035 1001 2073 Lovan.

117 2087 179 2133 67.
208 2088 370 2125 Ithaceve
389 2088 575 2136 Samene]
623 2093 770 2123 Samove
789 2085 895 2134 prim.
917 2086 1041 2124 Vatic.
1060 2097 1115 2123 re-

65 2138 181 2189 liqui,
210 2144 595 2188 Samosve.utrumque
608 2138 780 2188 probum.
794 2136 839 2174 de
858 2147 935 2185 quo
957 2136 1117 2176 Remed.

68 2191 202 2228 Amor.
221 2189 276 2232 Jlss.
298 2192 382 2236 264.
412 2190 558 2227 Hmns.

119 2241 181 2278 68.
208 2247 320 2277 Poena
337 2253 404 2277 non
421 2241 465 2287 est
490 2238 676 2289 grandis.]
731 2240 820 2279 Non
844 2251 977 2290 magna
998 2238 1118 2277 mole-

67 2291 154 2337 flia,
181 2291 240 2330 sed
260 2291 384 2340 pusilla
409 2291 459 2329 est
485 2289 603 2329 abeffe
633 2290 781 2337 Ithaca,
808 2293 845 2330 &
876 2292 1004 2329 Samo.
1051 2290 1116 2327 Et-

67 2343 168 2380 enim
192 2354 267 2380 non
287 2342 392 2380 urbes
409 2342 512 2386 sunt,
541 2353 635 2391 quae
654 2343 859 2390 comparari
880 2342 1013 2390 possint
1030 2352 1115 2378 cum

68 2393 156 2431 urbe
179 2394 324 2437 Roma,
352 2404 447 2442 quae
469 2393 517 2431 est
536 2393 648 2430 totius
669 2393 765 2430 orbis
782 2394 977 2441 imperium
994 2419 1004 2436 ,
1025 2390 1116 2428 deo-

68 2455 227 2493 rumque
244 2442 343 2480 sedes
372 2455 415 2480 ac
441 2443 675 2481 domicilium
702 2455 711 2479 z
749 2441 770 2479 a
789 2455 861 2491 qua
883 2441 999 2480 abesse
1020 2442 1116 2480 sum-

69 2505 171 2531 mam
196 2493 301 2541 capio
321 2493 527 2530 molestiam
542 2520 552 2536 ‚
582 2494 619 2530 ὅ(
635 2494 747 2529 vitam
769 2493 880 2542 ipsam
900 2494 1005 2532 instar
1017 2505 1117 2530 mor-

70 2545 116 2582 tis
138 2544 229 2581 mihi
251 2541 321 2580 effe
346 2543 455 2580 duco.
485 2544 523 2580 ὃς
554 2542 638 2580 vide
659 2554 771 2591 quam
792 2544 941 2581 venuste
973 2553 1120 2581 contra-

69 2595 121 2632 tia
142 2595 353 2638 contrariis,
380 2593 418 2631 in
443 2592 609 2631 universa
636 2593 705 2631 hac
731 2593 782 2630 sui
812 2595 851 2630 ὅ(
873 2595 990 2632 Ulixis
1009 2595 1121 2632 colla-

71 2645 197 2688 tione,
225 2645 356 2682 referat
379 2657 388 2681 :
426 2655 522 2692 quae
548 2644 749 2693 plurimum
775 2645 857 2683 artis
882 2646 918 2683 &
939 2646 1120 2695 eloquen-

69 2696 143 2734 riae
160 2695 306 2734 habent.
335 2695 504 2732 CIOFAN.

127 2757 187 2794 71.
215 2745 426 2795 Laborum.]
457 2744 596 2782 Laboris
611 2745 780 2784 Bernens.

125 2809 184 2842 72.
214 2797 398 2834 Invalidae
421 2798 513 2833 vires
541 2797 783 2846 ingeniumque
801 2797 928 2847 mihi.]
982 2798 1120 2836 Melius

75 2846 244 2892 fortaffe,
274 2847 458 2884 Invalidae
488 2846 582 2883 vires
612 2848 842 2898 ingenuaeque
861 2849 961 2885 mihi.
989 2850 1122 2896 Quan-

17 2919 20 2925 ,
73 2909 186 2948 quam
205 2899 381 2947 ingenium
409 2910 474 2945 pro
496 2906 623 2936 mente
653 2900 742 2946 poni
764 2908 825 2937 aut
855 2899 1003 2942 indole,
1031 2898 1122 2936 nihil

75 2960 231 2988 novum.
259 2949 364 2986 DAN.
384 2949 530 2986 Herus.
561 2949 663 2997 Lege
677 2961 760 2987 cum
774 2950 954 3000 plerisque
974 2950 1123 2998 scriptis,

75 2998 316 3048 ingenuaeque.
335 3008 374 3037 ut
392 2999 488 3047 apud
510 2999 718 3038 Martialem
734 3028 744 3044 ,
773 3013 808 3039 x.
826 3012 886 3048 47.

132 3051 221 3088 Vires
239 3051 426 3098 ingenuae,
453 3050 589 3096 salubre
609 3061 734 3097 corpus.

77 3098 182 3156 idern
203 3101 264 3139 lib.
280 3114 344 3139 111.
372 3102 494 3150 Epigr.
513 3111 624 3139 xtvt.
645 3101 736 3140 haec
757 3100 832 3141 duo
859 3113 1012 3153 quoque
1029 3113 1121 3141 con·

74 3160 207 3198 junxit.

133 3201 336 3238 Invalidum
356 3201 399 3249 est
422 3201 516 3240 nobis
534 3202 787 3254 ingenuumque
807 3203 914 3243 latus.

81 3250 185 3288 Idem
205 3252 265 3289 lib.
285 3265 358 3290 xii.
388 3253 512 3304 Epigr.
532 3266 585 3291 ιν.
611 3254 798 3303 ingenuam
819 3254 999 3304 pigritiam
1028 3265 1124 3302 quo-

80 3313 155 3352 que
175 3300 277 3341 dixit.
304 3303 451 3345 Herus.
502 3305 720 3356 exiguaeque
733 3305 900 3346 Bernens.
921 3305 1062 3345 Moreti
1083 3306 1122 3343 ὅς

2047 1432 2218 1490 Cum·

1168 1565 1319 1616 quidam
1361 1566 1434 1604 alii.
1468 1565 1571 1615 quod
1614 1565 1827 1615 glossatoris.
1870 1567 1930 1606 sed
1966 1567 2130 1618 ingenuae
2160 1584 2217 1611 re-

1169 1619 1271 1656 <stum
1302 1616 1361 1655 est.
1394 1616 1487 1655 servi
1519 1619 1619 1655 enim
1651 1620 1786 1657 viribus
1816 1619 1978 1668 corporis
2003 1622 2215 1666 censentur,

1169 1669 1209 1706 δε
1231 1681 1309 1718 quo
1331 1667 1548 1712 validiores,
1576 1680 1622 1705 eo
1647 1671 1760 1708 carius
1775 1672 2003 1708 emebantur.
2029 1671 2089 1710 sed
2108 1673 2143 1710 in
2158 1675 2214 1711 in-

1168 1731 1294 1768 genuo
1317 1719 1472 1756 homine
1493 1718 1706 1757 moderatae
1740 1720 1977 1759 sufficiebant.
2008 1722 2092 1760 vide
2113 1734 2218 1772 egre-

1169 1771 1229 1817 gie
1252 1770 1309 1807 Cl.
1335 1769 1537 1807 Graevium
1563 1768 1608 1807 ad
1638 1770 1758 1808 Cicer.
1789 1772 1835 1810 de
1868 1771 2051 1810 Senecstut.
2082 1784 2160 1820 cap.
2180 1787 2218 1813 x.

1169 1822 1208 1859 &
1236 1821 1285 1858 ita
1315 1820 1413 1858 reste
1443 1830 1588 1867 ceperat
1615 1820 1818 1870 Capelanus
1842 1849 1853 1866 ,
1899 1823 1956 1859 cui
1987 1824 2217 1872 acquiescere

1169 1871 1291 1910 noluit
1318 1870 1378 1918 Jo.
1406 1871 1567 1908 Mosant.
1592 1870 1748 1910 Brioiius
1777 1874 1814 1910 in
1847 1872 2014 1921 Epistolis
2043 1885 2123 1923 pag.
2156 1886 2217 1924 33.

1169 1923 1234 1970 qui
1256 1922 1316 1960 hic
1336 1921 1514 1970 ingenium
1534 1931 1681 1966 tuetur,
1708 1924 1793 1973 quia
1820 1923 1986 1972 ingenuas
2015 1927 2106 1962 vires
2138 1927 2218 1964 vult

1167 1972 1370 2021 fignificare
1390 1971 1493 2009 robur
1518 1970 1711 2021 ingenitum
1737 1987 1745 2011 :
1774 1981 1814 2011 ut
1835 1974 1973 2022 ingenui
1993 1975 2129 2022 sontes,
2151 1977 2221 2014 cri-

1171 2022 1514 2066 nes&c.dicuntur;
1544 2024 1647 2072 quod
1665 2025 1894 2062 notifflmum
1911 2052 1920 2068 ‚
1949 2026 1987 2062 &
2011 2037 2030 2062 a
2054 2026 2218 2065 Lexico·

1170 2075 1394 2122 grapliorum
1417 2073 1518 2110 turba
1534 2074 1613 2121 jam
1635 2075 1822 2123 productis
1840 2075 1931 2113 locis
1960 2075 2104 2114 firmare
2126 2088 2218 2116 con·

1171 2125 1303 2162 tendit.
1313 2123 1423 2161 sedin
1435 2124 1610 2162 Martialis
1624 2134 1721 2164 certe
1737 2126 1825 2163 loco
1839 2154 1849 2170 ,
1872 2126 1919 2164 de
1931 2138 2008 2175 quo
2021 2128 2216 2177 praecipue

1171 2175 1288 2223 agitur
1307 2202 1318 2217 ,
1345 2174 1510 2223 ingenuas
1538 2175 1631 2212 vires
1653 2175 1703 2214 ita
1738 2177 1818 2223 capi
1848 2204 1858 2220 ,
1915 2176 2026 2215 docet
2056 2178 2143 2216 alter
2173 2180 2217 2217 ab

1173 2224 1330 2263 Heinsio
1359 2225 1536 2263 adducitis
1558 2253 1569 2270 ,
1604 2226 1667 2264 ubi
1697 2226 1758 2264 sibi
1787 2226 1992 2265 invalidum
2022 2229 2060 2266 δε
2088 2229 2219 2267 inerme

1170 2276 1262 2314 latus
1280 2274 1350 2314 effe
1372 2276 1472 2314 dicit.
1500 2287 1578 2314 non
1607 2288 1695 2326 ergo
1724 2278 1902 2323 habebat,
1930 2293 1996 2316 une
2016 2289 2141 2316 nature
2160 2281 2219 2316 vi-

1168 2328 1334 2375 goureuse.
1355 2326 1403 2364 Et
1423 2328 1470 2365 ita
1491 2327 1679 2374 ingenuam
1701 2327 1762 2366 fibi
1783 2327 1853 2367 esse
1870 2330 2016 2377 gulam,
2043 2341 2117 2367 non
2144 2329 2216 2367 mi—

1172 2389 1239 2416 nus
1249 2389 1291 2415 ac
1304 2378 1426 2415 Mario
1439 2406 1448 2422 ‚
1463 2377 1549 2415 dicit
1561 2378 1622 2415 lib.
1637 2390 1691 2416 xv.
1707 2379 1774 2427 Ep.
1793 2390 1838 2417 11.
1849 2380 1884 2418 id
1898 2380 1945 2417 est
1960 2408 1970 2424 ‚
1993 2379 2186 2417 delicatam
2199 2407 2212 2426 ‚

1171 2438 1212 2466 ut
1232 2429 1398 2477 ingenuis
1418 2426 1488 2465 effe
1507 2426 1621 2472 solet,
1654 2440 1732 2467 non
1752 2430 1881 2473 servis,
1906 2432 1970 2477 qui
1990 2429 2035 2466 de
2057 2429 2213 2468 demen-

1170 2478 1209 2517 so
1230 2479 1293 2516 suo
1312 2477 1491 2515 vietitant.
1518 2478 1654 2516 eodem
1684 2480 1761 2516 fere
1793 2480 1910 2516 modo
1930 2507 1940 2522 ,
1968 2491 2045 2528 quo
2071 2481 2217 2519 Merce-

1171 2531 1290 2567 narius
1310 2528 1369 2566 ille
1385 2528 1480 2576 apud
1500 2528 1646 2566 Petron.
1666 2540 1744 2576 cap.
1765 2540 1884 2566 cxvrr.
1913 2529 1974 2566 sub
1995 2529 2127 2578 injusto
2150 2532 2219 2570 fas·

1177 2592 1219 2617 ce
1246 2578 1445 2623 deficiens,
1473 2578 1581 2622 dicit,
1605 2578 1754 2616 hominis
1773 2589 1886 2629 operas
1914 2579 2052 2624 locavi,
2074 2594 2141 2617 non
2160 2595 2218 2618 ca·

1176 2629 1287 2674 balli,
1328 2641 1386 2667 nec
1415 2629 1532 2666 minus
1553 2629 1635 2666 liber
1651 2631 1731 2677 sum
1754 2657 1764 2673 ,
1802 2642 1910 2678 quam
1941 2643 2014 2666 vos.
2047 2629 2094 2668 fic
2125 2632 2219 2682 inge·

1177 2694 1313 2726 nuam,
1344 2679 1512 2717 ancillam
1542 2681 1579 2717 &
1618 2679 1817 2716 libertinam
1850 2681 2008 2728 opponit
2040 2681 2123 2720 Lib.
2154 2696 2219 2723 ιιι.

1176 2732 1246 2781 Ep.
1276 2743 1335 2780 33.
1361 2731 1398 2768 ὃς
1420 2730 1445 2768 fi
1478 2729 1564 2766 bona
1583 2731 1677 2776 facie
1697 2758 1706 2775 ‚
1751 2731 1809 2767 vel
1840 2739 1878 2767 ut
1909 2731 2108 2770 Terentius
2135 2733 2219 2771 libe-

1176 2783 1269 2827 rali,
1297 2782 1338 2819 fit
1367 2781 1495 2819 ancilla
1519 2809 1529 2824 ,
1558 2782 1652 2818 hanc
1678 2793 1829 2829 quoque
1856 2780 1919 2818 fibi
1945 2782 2131 2830 ingenuam
2160 2786 2220 2823 fo-

1176 2844 1214 2870 re
1245 2835 1306 2870 ait.
1335 2832 1525 2869 Ammian.
1558 2832 1721 2869 Marcell.
1742 2832 1801 2868 lib.
1829 2843 1907 2868 xix.
1936 2843 2012 2880 cap.
2034 2833 2068 2871 8.
2123 2840 2218 2872 Cum

1176 2883 1226 2919 ire
1243 2883 1401 2931 protinus
1424 2891 1632 2930 pergeremus
1650 2892 1693 2920 ω’
1722 2881 1901 2918 incedendi
1934 2883 2114 2921 nimietate
2135 2886 2217 2936 jam

1169 2933 1371 2981 superarer,
1399 2941 1438 2967 ut
1469 2933 1619 2979 insuetus
1651 2932 1838 2979 ingenuus,
1866 2932 1988 2981 offendi
2008 2934 2126 2971 dirum
2153 2937 2219 2972 ad-

1173 2985 1297 3032 speclu.
1335 2982 1395 3020 ubi
1417 2981 1452 3019 se
1476 3009 1487 3026 ,
1522 2990 1561 3019 ut
1589 2982 1791 3030 ingenuum
1817 3011 1825 3024 ‚
1861 2983 2042 3021 insuetum
2067 2985 2220 3032 pedestri

1178 3036 1216 3071 δε
1237 3034 1352 3081 longo
1374 3033 1494 3070 itineri
1515 3031 1614 3070 dicit.
1642 3041 1680 3070 ut
1703 3033 1831 3070 Noster
1860 3045 1949 3070 mox
1977 3033 2012 3070 se
2035 3035 2219 3080 adsuetum

1177 3084 1335 3121 mollibus
1352 3083 1476 3130 studiis
1496 3083 1599 3120 dixit.
1629 3083 1681 3120 Ita
1703 3084 1799 3132 apud
1823 3083 1994 3121 Nostrum
2019 3085 2086 3132 Ep.
2108 3098 2168 3124 xx.
2184 3088 2223 3124 6.

1176 3135 1341 3182 ingenuae
1355 3147 1459 3182 genae
1481 3143 1720 3182 opponuntur
1741 3135 1943 3178 servilibus,
1958 3135 2085 3182 quibus
2098 3139 2221 3175 omnis

1176 3186 1282 3234 periit
1311 3184 1439 3233 pudor.
1468 3185 1505 3222 δε
1528 3187 1575 3222 ita
1590 3185 1712 3233 passim
1728 3213 1738 3229 ‚
1772 3197 1893 3235 neque
1923 3186 1968 3223 de
1991 3186 2085 3231 hoc,
2107 3197 2198 3235 puto
2214 3215 2226 3234 ,

1176 3237 1370 3286 quisquam
1399 3234 1586 3273 dubitabit.
1614 3234 1745 3273 Burin.

1233 3315 1293 3352 74.
1320 3304 1483 3393 ,esgarus
1496 3303 1659 3354 ftumin]
1696 3303 1862 3355 Afflduus
1878 3304 2125 3355 fragmentum
2147 3306 2225 3362 Re-

1411 3365 1470 3393 oo
1499 3366 1520 3392 z.
2146 3368 2222 3405 ¹1¹¹,
