2495 3675
409 135 1355 209 FASTORUM
1463 138 1836 204 L113.VI.

2086 161 2196 218 ‘395

330 253 442 310 Stat
466 252 519 307 vi
548 264 688 307 terra
715 250 831 305 sua:
870 248 923 305 vi
947 242 1133 301 stando
1159 238 1321 298 Vesta
1345 251 1585 298 vocatur.

181 344 284 396 300

391 323 685 398 Caussaque
713 340 806 397 par
831 318 982 391 Graji
1006 314 1236 373 nominis
1261 311 1364 368 effe
1389 313 1578 385 potest.

327 399 405 455 At
429 398 582 453 focus
613 401 639 452 a
662 395 916 456 flammis,
957 391 1012 444 &
1039 386 1190 462 quod
1214 385 1366 441 fovet
1401 387 1581 443 omnia
1607 388 1804 446 difius:

403 472 516 544 Qui
540 483 718 525 tamen
741 469 793 522 in
822 463 1003 537 primis
1027 459 1246 515 aedibus
1273 472 1395 514 ante
1418 460 1536 516 fuit.

321 546 473 601 Hinc
502 560 720 617 quoque
748 537 1060 594 vestibulum
1086 532 1193 588 dici
1220 550 1370 587 reor:
1411 533 1538 588 inde
1565 534 1839 604 precando

393 617 658 673 Adfarnur
682 610 932 673 Vestam,
970 607 1126 680 Quae
1151 606 1268 659 loca
1294 605 1461 678 prima
1486 619 1651 662 teneS.

179 709 281 761 305
320 692 467 747 Ante
492 688 642 742 focos
667 685 793 739 olim
822 681 992 753 longis
1017 678 1293 734 confidere
1317 678 1539 734 scamnis

394 761 522 816 Mos
547 771 688 820 erat3
731 757 786 811 δε
815 753 1024 810 mensae
1048 751 1270 806 credere
1295 751 1468 806 adeffe
1493 752 1660 806 Deos,

315 836 474 891 Nunc
503 848 753 906 quoque,
789 845 914 884 cum
938 826 1071 880 fiunt
1098 824 1345 896 antiquae
1371 824 1512 879 sacra
1540 825 1825 890 Vacunae,

397 908 543 961 Ante
569 902 870 960 Vacunales
896 899 1138 970 stantque
1165 896 1458 970 sedentque
1484 897 1653 953 focos,

315 979 482 1037 Venit
511 979 563 1032 in
588 977 686 1031 hos
713 991 878 1029 annos
901 970 1099 1044 aliquid
1126 969 1195 1023 de
1222 986 1374 1023 more
1401 969 1632 1025 vetusto:

179 1063 287 1118 310'

391 1051 517 1106 Fert
545 1049 721 1104 missos
747 1046 940 1104 Vestae
968 1061 1098 1117 pura
1119 1041 1309 1114 patella
1334 1041 1498 1098 cibos,

321 1124 498 1189 Ecce,
537 1121 803 1178 coronatis
829 1118 975 1192 panis
1002 1114 1275 1187 dependet
1301 1113 1494 1178 asellis;

394 1197 465 1253 Et
491 1197 668 1252 velant
693 1193 893 1249 scabras
917 1189 1112 1245 florida
1137 1187 1272 1242 serta
1298 1188 1477 1242 molas.

77 1471 164 1509 297.
191 1458 377 1509 Celatur.]
430 1456 633 1496 celebratur
660 1456 837 1507 quinque.
868 1453 964 1491 forte
990 1461 1068 1489 non

30 1512 146 1557 male,
174 1514 260 1561 quia
282 1518 476 1559 perpetuus
498 1509 559 1547 est.
863 1554 870 1560 ι
1064 1551 1069 1556 ,

37 1602 43 1605 A
77 1563 165 1611 298.
192 1561 371 1611 flaheim]
425 1558 539 1598 Habet
567 1558 651 1606 Jun.
683 1557 723 1594 &
753 1554 873 1593 Vossu
905 1552 942 1591 &
965 1550 1072 1590 multi

27 1611 165 1712 ²¹113·oo.
193 1668 263 1700 Par
287 1660 390 1708 Graji
414 1657 604 1709 nomina]
658 1658 759 1696 Nam
780 1652 905 1700 Ἐςὶσιν
938 1653 1073 1693 Graeci

25 1712 154 1753 dicunt
176 1712 250 1749 ἀπὸ
274 1713 335 1750 τοῦ
357 1710 498 1754 §eavea
525 1711 653 1749 NEAP.

77 1788 164 1828 303.
191 1777 282 1816 Hinc
301 1790 432 1827 quoque
448 1774 656 1823 vestibulum
677 1773 745 1811 dici
765 1771 878 1823 reon]
926 1772 1071 1829 Primo-

0 1850 1 1867 ι
26 1838 104 1871 rem
123 1829 222 1868 illam
255 1829 388 1867 domus
417 1837 557 1876 partem
592 1825 612 1863 a
647 1824 780 1869 Vesta,
807 1825 881 1862 hoc
901 1823 949 1861 est
971 1835 1069 1880 igni:

0 1875 114 1942 {ejiam
137 1880 175 1917 in
195 1879 370 1918 vestibulo
401 1887 477 1916 erat
497 1879 614 1915 focus.
652 1875 794 1932 ,Sed-de
813 1884 943 1923 etymo
964 1875 1071 1923 hujus

0 1929 185 1975 l'f'voculae
213 1930 311 1969 aliud
338 1929 444 1968 sentit
475 1928 671 1971 Nonum,
699 1926 794 1965 ahud
822 1927 968 1969 Varro,
997 1926 1071 1963 hoc

2 1972 259 2030 ›.‡Dvidianurn
278 1991 407 2019 nemo.
450 1980 618 2018 Servius:
648 1976 876 2023 Vestibulum,
904 1988 942 2013 ut
967 1982 1071 2013 Varro

18 2030 146 2083 fluet,
174 2030 392 2081 etymologiae
420 2043 488 2068 non
515 2028 619 2066 habet
643 2028 886 2079 proprietatem
908 2053 919 2071 ,
954 2027 1012 2074 [ed
1027 2026 1073 2074 fit

8 2080 84 2134 ''spro
100 2091 202 2132 captu
218 2082 357 2132 ingenii.
382 2082 442 2120 NE
449 2095 507 2120 AP-

34 2137 165 2193 ἒῗι3ο3.
191 2143 276 2181 Inde
299 2143 467 2193 precando
490 2140 650 2179 Dicimus
674 2169 684 2186 ‚
712 2140 728 2177 ὃ
750 2140 865 2189 Vesta,
892 2152 980 2187 quae
993 2138 1070 2196 ’loca

26 2193 139 2244 prima
159 2193 289 2243 tenes.]
348 2195 400 2232 Ita
427 2193 624 2243 legendum
649 2204 694 2229 ex
717 2203 794 2229 uno
823 2191 916 2229 libro
939 2190 1069 2238 scripto

32 2236 199 2285 &veteri
217 2245 393 2284 editione.
419 2244 587 2284 C10FAN.
614 2242 835 2293 Legendum
857 2241 903 2280 sic
924 2241 998 2279 hoc
1015 2253 1072 2279 re-

29 2292 166 2347 liquum
192 2296 385 2335 carminis:

383 2364 535 2378 -·-·
564 2355 647 2393 Inde
666 2353 833 2404 precando

39 2433 41 2436 v
81 2408 240 2447 Dicimus
253 2436 266 2454 ,
296 2407 312 2444 ὂ
333 2406 448 2456 Vesta,
474 2418 562 2455 quae
581 2406 653 2443 loca
668 2406 784 2455 prima
800 2415 903 2442 tenes.

33 2471 209 2513 Ntavot..
254 2470 330 2507 Hic
351 2469 476 2507 denuo
499 2468 700 2517 discrepant
716 2468 796 2505 libri
815 2477 968 2506 veteres.
996 2469 1070 2506 Ur-

8 2520 124 2566 «fini,
149 2522 256 2569 prim.
284 2519 455 2557 Ambros.
479 2518 623 2556 Zulich.
650 2519 791 2554 Mazar.
818 2518 953 2573 aliique
975 2529 1070 2556 non-

22 2556 142 2616 ffiulh,
171 2569 251 2607 inde
265 2569 433 2618 precando
455 2570 556 2617 <Quae
567 2570 691 2615 samur
711 2568 814 2613 Vesta.
851 2568 909 2605 alu
927 2568 1044 2616 plures
1057 2595 1068 2614 ,

24 2621 122 2660 funde
137 2621 303 2670 precando
325 2622 427 2668 Qae
440 2624 567 2664 famur
586 2618 699 2665 vestra
719 2618 762 2665 est
775 2646 785 2662 ‚
814 2618 896 2662 vel,
926 2619 1067 2664 Veliam.

36 2671 151 2717 unus,
178 2673 400 2720 Qraeramus
430 2669 533 2716 Vesta.
559 2669 672 2714 alius,
705 2671 939 2717 Queramur.
976 2678 1070 2715 tres,

38 2721 126 2763 unde
141 2721 308 2772 precando
332 2720 515 2767 Adsamur
535 2719 677 2766 Vestam.
711 2730 788 2757 non
807 2720 914 2757 male.
961 2721 1073 2758 Late-

38 2767 76 2813 i¹⁴e
95 2773 271 2811 mendum
299 2780 416 2809 certus
444 2771 533 2808 sum.
560 2770 619 2808 sed
647 2769 830 2809 medicina
856 2782 931 2809 non
957 2771 1005 2809 est
1032 2773 1072 2811 in

39 2831 195 2874 promtu.
223 2822 462 2861 Scribendum
485 2821 629 2859 videtur
648 2829 772 2859 tamen
785 2848 797 2867 ,

72 2925 73 2928 ,
384 2888 463 2925 inde
475 2889 642 2938 precando

47 2972 49 2976 ,
89 2940 294 2988 Praefamur
313 2939 442 2986 Vestam
457 2967 466 2982 ,
493 2952 580 2990 quae
602 2940 674 2977 loca
689 2939 805 2991 prima
822 2951 923 2980 tenes.
969 2968 974 2969 ν

42 3005 120 3051 vel,
146 3006 224 3044 inde
240 3016 418 3055 precamur
441 3006 599 3050 Praefati
623 3005 767 3052 Vestam.
791 3018 876 3044 nam
892 3016 1075 3056 precamur

45 3055 148 3095 estin
169 3058 328 3106 plurimis
359 3057 527 3107 antiquis.
564 3056 735 3095 Tibullus
763 3057 857 3095 libro
880 3070 943 3096 111.
971 3060 1071 3108 Eleg.

14 3142 21 3159 ‚
50 3116 105 3146 ιι.

52 3199 57 3203 ,
93 3167 270 3212 Praefatae
289 3179 370 3206 ante
390 3182 477 3206 meos
495 3181 614 3205 manes
627 3195 636 3211 ,
665 3167 893 3220 animamque
907 3179 1076 3220 precatae.

43 3224 238 3272 nbitmale,
264 3233 486 3284 animamque
504 3245 662 3283 rogatae,
683 3235 787 3273 multi
818 3236 963 3275 codices
983 3239 1074 3274 anti-

42 3277 124 3327 qui,
147 3279 248 3330 quod
271 3290 393 3324 tamen
423 3286 681 3335 approbatores
711 3286 794 3326 suos
823 3287 976 3327 invenit.
1003 3299 1073 3326 nec

2051 1314 2173 1370 Sola

1126 1448 1257 1488 melius
1289 1459 1442 1497 magnus
1471 1450 1628 1501 Scaliger
1651 1478 1662 1497 ‚
1700 1452 1927 1500 animamque
1956 1452 2096 1500 rigatae.
2130 1458 2172 1490 ut

1125 1501 1258 1550 rigatae
1295 1512 1373 1536 cum
1415 1513 1545 1539 manus
1581 1502 1818 1541 construatur.
1864 1503 1990 1552 Virgil.
2023 1504 2084 1541 lib.
2115 1515 2172 1542 xr.

1177 1565 1222 1595 Ut
1238 1560 1395 1610 primum
1411 1561 1543 1609 placati
1562 1563 1675 1602 animi
1691 1575 1734 1604 (9⁶
1752 1565 1883 1615 trepida
1904 1581 1963 1604 ora
1982 1568 2147 1617 quierunt
2161 1595 2176 1614 s

1179 1612 1365 1658 Praefatus
1385 1612 1497 1649 Divos
1515 1614 1599 1662 fiilio
1621 1621 1694 1652 Rex
1710 1615 1788 1664 infit
1810 1616 1854 1653 ab
1874 1618 1957 1656 alto.

1124 1661 1267 1697 veniam
1281 1663 1433 1710 praefari
1455 1663 1558 1713 saepe
1586 1668 1745 1704 occurrit
1764 1668 1858 1716 apud
1888 1668 2100 1718 Apulejum.
2121 1668 2172 1707 fic

1121 1712 1276 1760 praefari
1297 1713 1442 1758 Janum
1465 1715 1503 1752 ὃς
1522 1715 1654 1760 Jovem
1685 1717 1897 1756 Macrobrio
1927 1719 2172 1758 Saturnalibus

1125 1762 1185 1800 lib.
1206 1774 1233 1800 1.
1260 1774 1340 1812 cap.
1367 1765 1422 1802 16.
1448 1764 1642 1804 videantur
1664 1779 1759 1816 quae
1779 1768 1866 1806 Fast.
1891 1783 1916 1807 1.
1936 1769 1991 1812 jis.
2013 1781 2171 1812 z7r.an-

1126 1822 1311 1852 notamus.
1342 1814 1584 1864 Symmachus
1605 1817 1696 1856 libro
1719 1830 1782 1857 111.
1804 1820 1871 1867 Ep.
1889 1832 1949 1864 Η.
1981 1825 2045 1858 An
2060 1819 2093 1869 fi
2111 1834 2173 1857 no-

1126 1863 1177 1901 his
1188 1864 1370 1912 scribenda
1372 1863 1420 1915 fit
1430 1865 1575 1914 fhrenfis
1584 1869 1692 1906 oratio
1705 1896 1715 1913 ‚
1735 1870 1868 1915 Jovem
1883 1876 2033 1918 Deosque
2052 1881 2172 1908 ceteros

1127 1915 1272 1952 Catonis
1284 1915 1350 1965 lege
1366 1918 1630 1966 praefabimur?
1655 1919 1717 1956 ubi
1739 1921 1837 1968 plura
1856 1921 2000 1967 Juretus
2011 1921 2055 1959 de
2071 1931 2171 1971 prae·

1118 1965 1229 2011 fandi
1248 1967 1360 2005 verbo
1374 1967 1578 2019 &religiosis
1598 1970 1881 2018 praefationibus.
1908 1973 2054 2011 Herus.
2081 1973 2172 2011 For-

1127 2025 1186 2061 te,
1215 2016 1317 2066 inque
1331 2019 1500 2066 precando
1518 2020 1700 2067 Adfamur
1714 2022 1856 2065 Veliam.

1180 2078 1265 2112 304·-
1294 2069 1552 2116 Olimscamnis
1571 2070 1772 2120 confidere]
1803 2073 2014 2111 Athenaeus
2034 2073 2091 2111 lib.
2113 2077 2169 2113 I'X.

1119 2114 1223 2157 ’Ὅθεν
1243 2116 1300 2157 {ire
1327 2121 1556 2170 κατακλίνεοῖἶζ
1583 2120 1676 2169 πειραὶ
1696 2126 1761 2165 τοῖς
1785 2122 1942 2175 οἶςχοιὶοις
1958 2125 2074 2174 &BQ—u,
2105 2125 2170 2163 οἷλ-

1125 2171 1173 2210 >wi
1200 2173 1353 2213 δαίνυνθ’
1380 2173 1514 2227 ἒζᾶμῖμοι
1535 2205 1546 2225 7
1585 2177 1605 2215 δ’
1627 2177 1669 2225 ess
1687 2177 1729 2220 eis
1745 2178 1862 2228 ,cee'frlw
1884 2178 1987 2219 πίνειν.
2036 2181 2073 2217 ὅ(
2101 2179 2165 2217 lsl·

1127 2226 1236 2264 dorus
1254 2240 1298 2264 ex
1318 2229 1412 2266 libris
1438 2231 1612 2269 Varonis
1638 2233 1685 2268 de
1719 2232 1794 2270 vita
1820 2234 1952 2282 Populi
1979 2235 2166 2272 Romani:

1127 2278 1279 2324 Majores
1299 2277 1401 2326 nostri
1429 2283 1582 2328 sedentes
1608 2281 1839 2330 epulabantur
1861 2300 1874 2322 .·
1909 2299 2010 2335 quem
2038 2298 2167 2322 morem

1126 2327 1326 2366 hahuerunt
1345 2328 1370 2366 ὰ
1391 2331 1579 2368 Laconibus
1604 2343 1648 2372 <9⁸
1667 2333 1890 2382 Cretensibus.
1921 2336 1978 2374 sed
2008 2347 2089 2374 mos
2108 2336 2168 2373 ille

1125 2378 1233 2424 abiit,
1259 2387 1404 2418 tantum
1429 2388 1591 2420 retentus
1612 2383 1648 2420 in
1670 2383 1811 2423 militia.
1841 2386 1966 2423 Narin.

1176 2440 1262 2477 305.
1290 2429 1446 2468 scamnis
1467 2431 1614 2480 longis.]
1653 2432 1761 2471 Haec
1780 2462 1791 2479 ,
1826 2435 1851 2472 st
1873 2435 2052 2478 memini,
2080 2432 2166 2472 alibi

1125 2478 1216 2517 dixit
1235 2492 1336 2517 cava.
1364 2481 1569 2528 Compasta
1582 2493 1670 2529 ergo
1687 2483 1797 2522 tribus
1809 2485 1958 2529 tabulis,
1987 2493 2047 2522 aut
2060 2492 2167 2534 quat-

1125 2536 1234 2573 tuor,
1262 2528 1287 2566 fi
1309 2529 1426 2568 subtus
1444 2531 1553 2568 aliam
1573 2531 1754 2571 habebant
1772 2534 1810 2571 in
1827 2536 1968 2573 arculae
1991 2536 2165 2573 formam.

1126 2578 1195 2616 Ufi
1211 2579 1279 2617 hac
1297 2591 1392 2618 voce
1411 2580 1695 2620 Graecobarbari
1714 2583 1913 2632 saepicule;
1945 2585 2003 2623 sed
2016 2597 2095 2623 raro
2108 2586 2168 2624 iis·

1126 2628 1213 2667 dem
1230 2630 1377 2669 litteris:
1407 2643 1493 2670 nam
1515 2637 1700 2685 σκαμνεῖον,
1731 2639 1762 2688 '53
1783 2640 1937 2687 exceperim
1956 2635 2168 2676 scribebant·

1125 2685 1305 2724 Navoa.

1179 2748 1264 2785 307.
1291 2736 1475 2786 Antiquae
1484 2739 1590 2788 sacra
1610 2740 1805 2790 Vacunae]
1846 2742 1951 2780 Haec
1973 2742 2054 2780 Dea
2071 2742 2169 2781 mul-

1125 2787 1169 2824 tis
1190 2788 1259 2825 visa
1274 2802 1284 2830 ;
1297 2799 1391 2837 quae
1409 2790 1490 2826 otio
1506 2791 1543 2826 δε
1564 2792 1773 2829 vacantibus
1786 2792 1977 2840 praeesset:
2004 2793 2062 2832 sed
2076 2794 2169 2831 Var-

1129 2840 1212 2874 roni
1240 2837 1330 2875 libro
1363 2840 1483 2886 primo
1508 2841 1647 2877 Rerum
1680 2842 1885 2881 divinarum
1915 2845 2085 2882 Minerva
2106 2845 2167 2882 est.

1130 2887 1236 2935 {glum
1255 2889 1296 2924 ea
1319 2889 1472 2925 maxime
1491 2889 1528 2925 hi
1546 2891 1720 2937 gaudent,
1747 2893 1808 2941 qui
1817 2895 2007 2942 sapientiae
2024 2907 2169 2933 vacant.

1131 2939 1268 2975 Annua
1279 2939 1372 2976 sacra
1393 2940 1537 2976 Romae
1549 2940 1744 2983 habuit‚ut
1766 2944 1886 2988 vides,
1915 2946 1952 2982 ὃ(
1971 2947 2170 2993 templum,

1132 2989 1168 3025 in
1200 3000 1278 3036 quo
1316 2988 1373 3026 illa
1404 2990 1575 3028 faeritata.
1634 2991 1709 3030 Adi
1747 2994 1856 3033 Urbis
1883 2995 2170 3046 Topographos.

1133 3039 1311 3076 Neapor..
1346 3040 1431 3077 Vid.
1454 3040 1636 3078 Scholiast.
1660 3043 1792 3082 Horat.
1815 3058 1838 3082 1.
1860 3046 1968 3095 Epist.
1986 3060 2018 3084 x.
2039 3047 2091 3090 ,κ’Τ.
2112 3061 2171 3095 49.

1133 3094 1294 3125 Lacunae
1316 3090 1353 3127 ἃ
1376 3091 1561 3130 Lacunales
1579 3093 1731 3132 Putean.
1751 3097 1787 3133 &
1808 3096 1980 3146 Excerpt.
2003 3099 2169 3137 Douzae.

1133 3139 1318 3176 Vacanales
1338 3140 1485 3186 Junian.

1182 3201 1268 3237 300.
1295 3191 1428 3239 Aliquo
1446 3192 1486 3229 de
1507 3207 1597 3231 more
1615 3194 1798 3245 vetustas.]
1830 3198 1890 3235 An
1913 3197 2041 3235 red'iius
2068 3210 2169 3235 meus

1131 3240 1249 3278 codex
1264 3269 1274 3285 ,
1301 3241 1437 3290 aliquid
1453 3244 1492 3279 de
1523 3257 1614 3281 more
1631 3246 1787 3292 vetusto?
1816 3249 1938 3286 NfiAP.
1977 3247 2107 3294 Aliquo
2129 3249 2170 3286 de

1128 3304 1220 3329 more
1240 3293 1368 3339 vetusto
1391 3292 1458 3381 {d'
1479 3293 1634 3344 Gryph.⁴
1665 3307 1710 3333 ex
1737 3296 1809 3334 hoc
1840 3310 1928 3335 vero
1956 3296 2041 3335 loco
2062 3296 2170 3333 teatio

1317 3345 1352 3381 D
1367 3342 1389 3381 d
1450 3355 1470 3380 2
2066 3358 2148 3384 vera
2161 3378 2172 3395 ‚
