2495 3675
291 196 317 249 σο

708 190 770 248 Ρ.
845 185 1253 246 OVIDII
1327 186 1862 251 NASONIS

376 323 477 378 295
516 305 703 363 Lucus
728 305 1005 363 Aventino
1030 303 1238 359 suberat
1263 303 1415 376 niger
1443 303 1573 359 ilicis
1601 305 1820 372 umbra,

595 381 725 453 Quo
748 380 918 453 poffes
944 379 1053 432 viso
1081 377 1290 442 dicere,
1330 379 1547 432 Numen
1576 379 1722 434 inest.

521 453 577 508 In
606 454 789 508 medio
804 469 1052 525 gramen,
1092 450 1385 523 muscoque
1411 451 1670 524 adoperta
1693 454 1887 510 virenti

598 526 851 580 Manabat
879 526 1002 579 saxo
1028 539 1162 576 vena
1191 523 1439 594 perennis
1467 543 1651 596 aquae.

522 599 652 654 Inde
676 600 787 654 fere
819 599 910 651 soli
934 596 1143 651 Faunus
1173 597 1439 665 Picusque
1465 597 1733 654 bibebant.

381 691 485 740 300

599 672 729 727 Huc
757 671 932 733 venit,
967 671 1021 724 &
1048 667 1209 723 Fonti
1234 687 1332 723 rex
1356 669 1534 724 Numa
1562 672 1754 727 mafiat
1780 692 1961 733 ovem.

524 745 793 816 Plenaque
819 743 1032 797 odorati
1057 741 1156 796 Dis
1180 742 1333 814 ponit
1359 745 1550 812 pocula
1578 744 1806 811 Bacchi;

595 817 847 888 Cumque
877 816 974 871 suis
999 828 1152 869 antro
1177 814 1427 870 conditus
1453 816 1560 888 ipse
1586 817 1730 872 latet.

526 889 617 945 Ad
646 890 826 943 solitos
851 889 1072 943 veniunt
1100 887 1344 942 silvestria
1369 890 1585 943 numina
1612 889 1814 948 fontes:

601 961 671 1016 Et
700 963 936 1017 relevant
964 961 1136 1015 multo
1161 960 1379 1033 pefiora
1404 961 1535 1017 sicca
1559 980 1728 1020 mero,

385 1054 483 1105 305
522 1035 665 1092 vina
689 1036 840 1108 quies
867 1035 1123 1108 sequitur:
1161 1034 1342 1106 gelido
1368 1036 1545 1090 Numa
1571 1037 1752 1107 prodit
1777 1040 1840 1095 ab
1868 1052 2054 1108 antrO,

600 1109 902 1181 Vinclaque
942 1109 1132 1180 sopitas
1161 1107 1311 1162 addit
1336 1108 1390 1162 in
1417 1124 1527 1163 arta
1553 1127 1756 1167 manus.

529 1182 758 1237 Somnus
792 1196 849 1235 ut
878 1179 1146 1241 absceffit3
1191 1181 1451 1235 tentando
1473 1183 1683 1237 vincula
1709 1198 1950 1258 pugnant

603 1257 910 1327 Rumpere:
951 1267 1254 1327 pugnantes*
1272 1253 1462 1309 fortius
1487 1255 1571 1310 illa
1597 1269 1801 1312 tenent,

237 1520 326 1558 'Mn
367 1518 510 1558 Zulich.
529 1519 588 1557 alii
608 1517 676 1556 sex.
704 1518 813 1556 bene.
866 1515 927 1554 Est
952 1517 1051 1556 enim
1082 1515 1224 1555 Prodere
1249 1517 1287 1555 in

236 1571 357 1609 lucem
382 1572 555 1619 proferre.
584 1570 631 1607 est
652 1579 775 1607 autern
799 1569 951 1606 verbum
981 1569 1083 1607 sacris
1114 1569 1287 1617 frequen-

235 1632 291 1661 ter
311 1622 528 1659 adhibitum.
566 1621 700 1658 Cicero
731 1621 961 1657 Miloniana:
1009 1619 1167 1657 Lanu-vii
1185 1619 1211 1656 21
1231 1620 1287 1656 di-

237 1676 366 1710 Hatore
392 1673 515 1709 Miloni
530 1671 626 1721 prodi
645 1669 825 1720 flaminem
847 1670 963 1719 neceffe
973 1672 1040 1719 effe.
1067 1670 1104 1708 id
1125 1671 1173 1708 est
1188 1682 1289 1708 crea-

234 1726 286 1767 ri,
316 1725 530 1761 renunciari.
557 1723 660 1771 quod
682 1726 753 1772 capi
771 1722 950 1769 flaminem
972 1722 1016 1759 ab
1033 1721 1108 1759 aliis
1128 1721 1284 1759 dietum.

236 1776 368 1813 Livius
386 1775 588 1822 interregem
615 1774 713 1818 prodi
740 1773 829 1810 dixit
847 1773 941 1810 libro
953 1784 1004 1809 VI.
1034 1772 1282 1822 abU.C.pr0-

237 1825 275 1862 di
299 1827 511 1861 Dictatorem
533 1825 761 1873 Pomponius
779 1823 838 1861 lib.
862 1836 906 1861 11.
935 1822 984 1860 D.
998 1823 1044 1861 de
1066 1823 1285 1872 Orig.Juris.

239 1878 367 1924 Quare
391 1880 427 1912 ὅ(
446 1877 611 1925 sequenti
631 1875 732 1912 versu
762 1874 802 1912 sit
822 1874 1034 1923 legendum.
1065 1880 1135 1910 Nec
1148 1873 1224 1924 sine
1243 1875 1284 1911 vi

234 1926 389 1977 prodent.
410 1925 457 1964 fic
474 1927 534 1964 lib.
557 1939 593 1965 v.
616 1925 700 1974 698.
728 1938 772 1962 ex
796 1925 946 1974 optimis
965 1925 1174 1972 codicibus,

289 1993 446 2039 Causam
459 1990 615 2037 facundo
628 1989 781 2039 prodidit
803 2003 855 2025 ore
881 1994 984 2027 Deus.

231 2056 373 2106 prodere
392 2057 602 2105 AEnigmatu
631 2055 771 2093 Auson.
799 2054 909 2104 Epist.
929 2068 964 2093 ν.
994 2054 1039 2092 ad
1068 2054 1288 2095 Theonem⁹

241 2108 338 2146 Vide
358 2119 451 2155 quae
465 2110 510 2145 de
532 2120 578 2144 eo
601 2107 713 2144 verbo
735 2108 947 2143 notavimus
974 2105 1020 2143 ad
1039 2106 1284 2145 Claudianum

241 2159 351 2196 initio
371 2159 449 2196 libri
470 2159 578 2207 primi
612 2157 656 2195 de
687 2158 807 2205 Raptu
833 2157 1079 2204 Proserpinae.
1106 2158 1286 2207 Apulejus

241 2208 338 2247 Met.
358 2221 393 2246 x.
429 2215 563 2245 Natam
591 2208 741 2257 puellam
756 2208 909 2257 prodidit
937 2208 1061 2246 vicinis
1091 2208 1287 2245 alumnan-

240 2260 349 2304 dam,
368 2271 434 2308 pro
464 2260 628 2296 tradidit.
661 2260 805 2296 Heius.
836 2258 905 2296 Sed
933 2270 1010 2296 non
1034 2260 1155 2296 minus
1175 2261 1212 2296 in
1235 2260 1286 2297 sa*

242 2311 334 2353 cris,
363 2322 457 2358 quae
478 2310 515 2347 in
537 2311 664 2358 vulgus
684 2309 961 2357 proferebantur
981 2337 992 2353 ,
1028 2312 1215 2357 proprium
1235 2311 1286 2349 est

242 2361 397 2399 verbum
421 2361 540 2402 edere,
565 2360 666 2410 quod
695 2361 756 2397 hic
785 2360 893 2398 habet
922 2360 1129 2398 Puteaneus
1157 2362 1196 2398 δε
1227 2362 1286 2399 alii

241 2412 349 2450 multi
384 2423 474 2449 mox
507 2412 560 2454 sss.
582 2424 665 2459 294.
703 2411 748 2448 de
767 2422 844 2459 quo
874 2410 957 2448 vide
980 2411 1025 2448 ad
1047 2411 1106 2448 lib.
1130 2424 1158 2448 1.
1186 2423 1219 2457 7.
1248 2413 1288 2450 &

242 2463 340 2500 alibi.
359 2462 424 2499 nisi
445 2474 535 2499 mox
552 2462 605 2499 iis.
619 2474 703 2508 294.
728 2461 878 2510 praestat
896 2461 1002 2498 edidit
1024 2462 1288 2511 retinere.quia

238 2525 368 2551 arcana
389 2513 511 2550 docet.
533 2522 689 2562 poterant
710 2513 821 2551 etiam
839 2512 1008 2550 nonnulli
1028 2513 1196 2558 codices,
1224 2515 1289 2559 ὃς,

238 2565 375 2612 poterit.
402 2563 535 2601 Euam.

294 2627 378 2661 292.
409 2620 561 2651 Numero
582 2613 798 2664 utrumque]
827 2619 973 2664 Uterque
994 2615 1030 2651 in
1054 2614 1290 2664 quibusdam.

240 2665 374 2702 Naue.
407 2666 617 2702 Vid.lib.v.
647 2678 730 2709 720.

293 2727 375 2764 293.
406 2716 543 2753 Adhibe
562 2728 603 2752 tu
620 2715 766 2753 vincula
789 2713 926 2764 captis.]
958 2713 1130 2751 Adhibeto
1151 2715 1284 2753 reffius

237 2765 363 2803 Uriin.
395 2768 529 2804 Mazar.
557 2767 698 2805 Zulich.
723 2763 826 2803 Voff.
850 2763 997 2802 Arond.
1023 2766 1130 2811 prim.
1155 2765 1286 2803 Ambr.

244 2817 350 2852 Laeti
382 2819 419 2854 ὃς
452 2818 556 2855 multi
587 2818 657 2855 alii.
686 2827 846 2867 quatuor
875 2824 997 2852 tamen
1016 2843 1026 2859 ‚
1061 2814 1188 2851 adhibe
1208 2826 1284 2852 tua.

243 2865 373 2904 Redde
396 2868 537 2905 Ovidio
559 2868 631 2904 suas
653 2868 846 2916 elegantias
866 2867 905 2903 δε
926 2865 1058 2906 scribe.
1086 2866 1291 2914 adhibesua

243 2916 388 2953 vincula
408 2918 522 2966 captis.
549 2918 722 2957 Trist.1v.
742 2919 844 2967 Eleg.
865 2929 936 2954 vn.
965 2929 1008 2954 ex
1022 2916 1092 2954 fide
1104 2917 1287 2955 membra·

240 2979 369 3006 :aarum
386 2996 395 3011 ,

295 3037 370 3066 Cur
390 3030 517 3077 quoties
535 3030 638 3067 alicui
657 3030 801 3066 chartae
812 3030 879 3077 sua
907 3030 1052 3067 vincula
1072 3030 1198 3080 demfi‚

348 3081 453 3117 illam
469 3082 608 3130 speravi
627 3094 747 3117 nemen
770 3080 891 3116 habere
911 3093 1026 3119 tuum.

243 3153 280 3192 3<
303 3153 384 3192 Art.
404 3153 491 3190 Am.
511 3164 572 3189 111.
592 3163 677 3201 273.

297 3218 415 3255 Arida
436 3230 493 3254 nec
513 3216 639 3253 vinclis
659 3228 760 3252 crura
780 3215 1000 3264 resolvesuis.

245 3282 390 3320 i-inms.
419 3282 523 3320 Haec
544 3293 631 3318 vero
654 3281 813 3318 Ovidius
835 3281 1042 3321 imitatione
1065 3280 1209 3331 Virgilii
1227 3281 1290 3323 lib·

244 3346 301 3372 iv,
324 3334 460 3383 Georg.
482 3335 567 3384 396.
588 3331 826 3381 composuit„

2237 1385 2387 1446 Tum

1395 1529 1481 1565 294.
1518 1517 1642 1555 Edidit
1671 1528 1746 1557 arte
1772 1518 1884 1571 capi]
1948 1522 2076 1560 Erudit
2103 1525 2254 1565 venuste
2285 1525 2392 1566 Vols.

1343 1568 1496 1627 Arond..
1510 1569 1642 1626 Ursin3
1651 1572 1758 1627 pri-m.
1779 1573 1808 1609 A
1817 1572 1948 1610 mbros.
1961 1573 2060 1613 Maz.
2071 1574 2214 1617 Zulich.
2226 1578 2389 1629 Nauger-

1343 1631 1431 1659 cum
1454 1619 1566 1658 tribus
1586 1621 1673 1658 aliis.
1700 1623 1791 1659 infra
1814 1624 1889 1661 hoc
1908 1623 1985 1672 ipso
2005 1625 2122 1671 libro,

1396 1671 1473 1759 ill}
1481 1672 1587 1758 niffen
1602 1671 1734 1718 stantes
1750 1673 1849 1712 radio
1867 1684 2063 1725 percurrere
2081 1677 2170 1717 telas

1476 1736 1517 1759 ru
1545 1733 1584 1761 tt.

1343 1772 1453 1812 Trist.
1472 1787 1517 1812 xi.
1537 1786 1622 1820 244.

1388 1831 1564 1863 Romanas
1582 1825 1814 1878 erudiuntque
1832 1840 1953 1868 nurus.

1339 1875 1422 1914 Art.
1443 1876 1533 1915 Am.
1556 1888 1602 1915 11.
1625 1880 1683 1915 66.

1341 1991 1379 2029 H
1393 1941 1524 1979 Erudit
1541 1941 1703 1990 infirmas
1722 1952 1762 1981 ut
1771 1945 1849 1994 sua·
1858 1954 1971 1983 mater
1992 1959 2089 1987 aves.

1385 2003 1487 2031 Eius.

1394 2069 1479 2105 295.
1507 2062 1619 2093 Lucus
1638 2057 1822 2094 Aventino
1837 2058 2022 2110 suberat.]
2050 2062 2171 2100 Varro
2194 2063 2241 2102 de
2263 2063 2413 2114 hujmo*

1343 2120 1385 2146 ce
1402 2108 1504 2146 collis
1525 2116 1655 2156 etymo
1684 2108 1799 2152 Olim,
1822 2110 1941 2158 inquit
1955 2139 1965 2156 ,
1989 2111 2176 2161 paludibus
2194 2128 2290 2152 mons
2309 2125 2390 2152 erat

1341 2161 1386 2196 ab
1405 2159 1545 2210 reliquis
1563 2158 1736 2206 disclusus.
1766 2166 1886 2209 Itaque
1901 2161 1937 2198 eb
1963 2176 2005 2199 ex
2026 2164 2107 2201 urbe
2119 2192 2131 2208 ,
2149 2164 2212 2213 qui
2235 2165 2390 2202 advehe-

1343 2210 1474 2247 bantur
1491 2209 1627 2246 ratibus
1639 2237 1649 2253 ,
1679 2211 1913 2259 quadrantem
1927 2211 2114 2260 solvebant
2131 2229 2143 2250 .·
2175 2215 2270 2263 cujus
2287 2217 2391 2260 vesli-

1338 2263 1419 2310 gia,
1447 2260 1538 2310 quod
1564 2273 1602 2296 ea
1625 2287 1633 2303 ,
1663 2273 1733 2310 qua
1762 2271 1841 2297 tum
1867 2261 1964 2306 itur,
1992 2263 2197 2308 velabrum
2228 2278 2271 2305 (φ
2298 2267 2391 2305 unde

1341 2311 1568 2362 ascendebant
1603 2311 1652 2346 ad
1683 2316 1861 2355 Rumam,
1909 2325 2004 2350 nova
2037 2315 2100 2352 via
2129 2314 2227 2353 lucus
2261 2317 2305 2363 est
2344 2328 2390 2357 <9⁸

1334 2363 1506 2413 sacellum
1527 2368 1671 2399 Larum.
1700 2361 1774 2399 Hic
1794 2362 1917 2407 lucus,
1934 2363 2067 2415 dequo
2090 2366 2235 2406 Noster,
2263 2368 2391 2408 NEAP.

1396 2439 1482 2477 295.
1512 2426 1616 2474 Niger
1633 2425 1721 2462 ilicis
1737 2426 1904 2477 umbra,]
1948 2428 2092 2468 Servius
2112 2430 2156 2468 ad
2184 2430 2296 2470 illud:
2329 2433 2390 2470 Ili-

1345 2492 1378 2515 ce
1390 2478 1458 2527 sub
1480 2476 1582 2526 nigrd
1596 2505 1605 2520 ‚
1633 2476 1692 2513 vel
1712 2475 1873 2526 ambrosei
1888 2505 1898 2521 ,
1926 2479 1984 2516 vel
2003 2494 2125 2517 revera
2151 2481 2252 2530 nigrd
2266 2510 2277 2527 ‚
2304 2484 2391 2528 quia

1344 2530 1429 2565 ralis
1447 2528 1490 2575 est
1502 2542 1514 2572 ;
1528 2527 1577 2565 ob
1599 2530 1759 2565 virorem
1779 2554 1788 2570 ,
1810 2530 1872 2577 qui
1895 2528 1940 2566 ad
1958 2531 2104 2579 nigrum
2125 2533 2278 2572 accedit.
2303 2534 2392 2573 inde

1344 2580 1530 2624 Horatio,
1553 2578 1651 2627 pulla
1672 2588 1820 2627 myrtus.
1847 2579 1973 2619 Nam.

1394 2658 1481 2693 300.
1507 2646 1607 2683 Fonti
1629 2652 1701 2682 Rex
1722 2651 1844 2682 Numa
1877 2649 2010 2684 maelat
2031 2648 2173 2698 ovem]
2225 2649 2385 2690 Hoedus

1340 2698 1493 2783 {iduma
1512 2697 1690 2745 proprior.
1709 2695 1809 2735 idem
1829 2696 1977 2735 Flaccus
2004 2699 2048 2736 ad
2068 2701 2212 2738 fontem
2230 2700 2391 2742 Blandu-
2410 2724 2413 2727 ⁴

1357 2758 1430 2784 iam
1447 2761 1456 2785 :

1393 2810 1501 2847 Dulci
1521 2811 1621 2859 digne
1640 2826 1730 2851 mero
1744 2843 1755 2859 ‚
1780 2828 1846 2852 non
1860 2814 1932 2863 sine
1950 2814 2090 2864 floribus
2103 2845 2114 2863 ,

1342 2912 1380 2949 N
1445 2868 1533 2899 Cras
1554 2863 1732 2902 donaberis
1751 2865 1870 2904 haedo.

1386 2924 1520 2950 ΕΑΙόῑ..

1397 2989 1480 3025 301.
1508 2978 1668 3034 Disponit
1693 2980 1812 3036 pocula
1832 2982 1997 3034 Bacchi]
2046 2984 2116 3022 Dis
2140 2986 2236 3035 ponit
2261 2987 2388 3038 legen·-

1343 3029 1431 3069 duni
1455 3027 1525 3066 effe
1543 3040 1618 3074 Jam
1638 3042 1768 3068 monui
1792 3038 1868 3069 Art.
1891 3034 1979 3072 Ani.
2003 3047 2029 3073 1.
2055 3036 2109 3079 Jc’ss.
2131 3049 2214 3086 231.
2242 3040 2401 3080 Herus,-

1397 3105 1483 3140 30¹·
1513 3095 1658 3132 odorati
1680 3097 1845 3147 Bacchi]
1906 3100 1985 3136 Vini
2010 3101 2150 3139 Mazar.
2182 3104 2324 3143 Arond.
2349 3107 2405 3145 &-

1345 3144 1475 3183 Voffii.
1495 3145 1553 3183 sed
1575 3147 1621 3183 est
1642 3148 1678 3184 ὃς
1697 3148 1770 3185 hoc
1791 3161 1834 3186 ex
1857 3149 2016 3198 Virgilio
2035 3164 2086 3188 lv.
2105 3153 2218 3191 Geor.
2239 3168 2325 3205 279.

1392 3211 1505 3260 Hujus
1526 3211 1664 3248 odorato
1684 3211 1816 3250 radices
1832 3213 1972 3262 incoque
1991 3215 2134 3255 Baccho.

1395 3292 1479 3330 302.
1506 3287 1664 3329 Cumque
1681 3281 1788 3330 suis.]
1821 3282 1873 3319 Hi
1896 3293 2057 3319 numero
2074 3280 2212 3320 bisseni.
2256 3273 2386 3324 Antias

1343 3342 1447 3372 vetus
1466 3332 1595 3371 auelor
1612 3332 1707 3381 apud
1722 3333 1933 3372 Ainobium
1952 3332 2011 3371 lib.
2023 3345 2061 3372 v.·
2086 3333 2267 3374 Adversus
2277 3336 2383 3372 Gen-

2308 3394 2382 3424 tes:
