2495 3675
264 217 296 250 ff,

307 215 325 254 ν-ε

339 199 365 248 CN

754 196 819 255 P.
896 196 1310 259 QVID-11

1385 196 1945 262 NASONIS

560 308 912 369 Concurrunt
942 312 1114 386 Satyri
1128 353 1143 378 ,
1182 312 1558 395 turgentiaque
1572 331 1676 367 vora
1693 317 1932 386 xparentis

640 384 866 441 Rident.

907 385 1149 457 percuffo
1175 387 1435 440 claudicat
1454 387 1546 440 >ille
1574 405 1728 458 genu.

559 455 729 512 Ridet
761 458 814 512 δε
842 460 950 530 ipse
974 458 1144 512 Deus:
1192 459 1486 531 limumque
1511 459 1770 515 inducere
1796 461 2064 519 monstrat.

410 533 517 597 760

630 530 742 585 Hic
774 545 923 603 paret
956 532 1204 595 moniti8‚
1245 532 1296 584 <se
1325 532 1438 586 linit
1467 549 1556 586 ora
1586 534 1717 588 lut0.

552 604 724 660 Melle
750 618 897 676 pater
922 603 1143 659 fruitur:
1186 605 1401 676 liboque
1423 605 1587 660 infula
1612 609 1809 663 calenti

624 677 753 747 Jure
779 678 1040 748 repertori
1070 677 1298 732 candida
1326 677 1475 731 mella
1502 678 1702 734 damuS.

557 749 777 803 Femina
801 768 897 804 eur
921 750 1140 822 preffet,
1179 767 1288 805 non
1317 749 1392 804 est
1419 752 1636 804 rationis
1662 766 1896 823 opertae.

630 821 674 876 F
677 822 916 877 emineos
945 823 1126 894 thyrso
1155 822 1389 877 concitat
1417 823 1503 877 ille
1531 823 1744 879 choros.

412 899 510 963 765
550 893 665 949 Cur
691 914 817 950 anus
841 897 945 950 hoc
972 895 1158 961 faciat,
1196 896 1437 968 quaeris?
1480 896 1709 951 vinosior
1735 912 1872 954 aetas

625 966 784 1023 Haec
812 969 911 1034 est,
950 968 1006 1023 &
1045 970 1292 1042 gravidae
1318 986 1540 1025 munera
1563 970 1683 1025 vitis
1707 989 1900 1028 amans,

248 1229 356 1270 idem
373 1232 473 1281 apud
494 1233 654 1272 eundem
671 1234 1021 1274 NoniumLucilius
1036 1263 1047 1281 ‚
1074 1236 1162 1274 loco
1176 1234 1305 1274 itidem

259 1292 433 1331 corrupto
461 1286 497 1322 in
519 1285 672 1334 vulgatis
698 1287 963 1336 exemplaribus
978 1316 988 1331 ,

310 1344 465 1381 Simavit
485 1346 602 1383 taxim
622 1357 662 1383 at
683 1359 782 1383 nares
795 1375 806 1392 ,
834 1347 1028 1397 Delphinus
1041 1345 1207 1385 ·ut»0lim.

257 1407 412 1444 simmae
431 1421 530 1445 nares
552 1409 746 1447 Cataleffis
767 1410 909 1447 Pithoei
923 1437 932 1452 ‚

309 1469 530 1519 Simataeque
546 1468 666 1518 jacent
683 1470 797 1519 pando
809 1469 1012 1519 finuamine
1034 1483 1143 1508 nares.

254 1530 315 1570 sed
335 1534 380 1571 ad
412 1533 555 1571 Silenos
579 1543 617 1572 ut
646 1535 862 1579 redeamus,
887 1536 1130 1583 Delphinibus
1152 1533 1304 1576 omiffis;

254 1583 372 1622 simile
404 1585 582 1622 mendum
607 1585 774 1633 vulgatos
800 1585 876 1623 Silii
901 1586 1015 1624 Italici
1044 1586 1189 1624 codices
1214 1585 1307 1622 inse·
1333 1600 1337 1604 ·

257 1634 310 1672 dit
329 1635 415 1673 loco
428 1663 438 1680 ‚
462 1647 575 1685 quem
588 1643 710 1673 totum
732 1637 841 1674 Notis
862 1636 907 1673 ad
928 1636 985 1673 lib.
1000 1648 1032 1673 v.
1049 1636 1135 1674 Fast.
1154 1636 1208 1678 fis.
1226 1647 1307 1673 102.

255 1685 480 1735 castigamus.
513 1689 585 1737 agit
616 1695 741 1725 autem
764 1687 867 1725 Silius
894 1686 939 1725 de
959 1687 1081 1733 Pane,
1108 1686 1167 1726 lib.
1198 1698 1309 1725 xttt.

261 1747 348 1786 333·

304 1806 410 1839 Stant
420 1816 519 1841 aures
531 1831 542 1849 ,
559 1804 765 1855 summoque
782 1805 876 1842 cadit
891 1804 1000 1842 barba
1020 1805 1152 1855 hispida
1181 1813 1306 1842 mento.

255 1860 318 1920 ubi
338 1865 496 1903 vetustus
527 1866 646 1904 codex
680 1867 914 1907 Coloniensis
929 1896 939 1914 ‚
960 1869 1115 1919 imoque,
1137 1867 1196 1906 sed
1217 1879 1303 1905 cum

256 1924 326 1949 emo
355 1928 461 1952 cornu
489 1916 714 1964 praecesserit
736 1947 746 1963 ,
790 1931 867 1957 non
898 1918 1027 1958 dubito
1059 1920 1187 1957 Silium
1221 1919 1304 1957 reli-

255 1963 394 2012 quiffe‚
417 1966 506 2015 fimo
529 1979 655 2007 mento.
695 1971 828 2007 simum
853 1972 953 2008 enim
984 1972 1028 2008 de
1059 1970 1140 2008 solis
1161 1969 1303 2007 naribus

254 2025 334 2052 non
354 2016 517 2056 sumitur.
544 2020 641 2068 apud
661 2020 909 2060 Theocritum
932 2023 1034 2065 σιμαὶ
1057 2028 1227 2067 μέλισσκι
1249 2020 1304 2058 di-

255 2076 400 2105 cuntur.
428 2078 466 2107 ut
487 2069 630 2108 Servius
652 2083 804 2122 quoque
825 2073 870 2110 ad
890 2073 1068 2122 Eclogam
1082 2085 1115 2109 x.
1136 2071 1304 2109 observa-

254 2118 321 2154 vit.
342 2119 438 2167 apud
460 2120 753 2169 Xenophontem
766 2123 874 2161 Paed.
891 2136 978 2162 vni.
1005 2128 1090 2168 oct-⁶23
1107 2126 1224 2169 γκςῆρ
1242 2123 1304 2159 καῖ

255 2177 375 2213 γρυπὴ
393 2176 531 2216 γαςῆρ,
559 2181 598 2209 ut
622 2174 719 2221 apud
740 2175 894 2212 Latinos
910 2175 1042 2223 fimum
1063 2176 1100 2212 &
1124 2173 1301 2210 aduncum

255 2222 438 2257 contraria
458 2221 549 2259 sunt.
569 2224 678 2261 etiam
701 2224 745 2262 ad
764 2236 817 2262 res
837 2226 1052 2262 inanimatas
1081 2225 1303 2262 transfertur.

251 2269 467 2309 Columella
487 2273 579 2310 libro
601 2286 632 2310 v.
655 2285 731 2322 cap.
756 2278 789 2312 6.
818 2287 862 2312 ex
892 2277 1042 2323 optimis
1064 2275 1301 2320 membranis,

257 2322 359 2368 Quae
377 2323 493 2359 ulmus
514 2323 594 2360 bene
609 2326 807 2373 provenerit
823 2354 831 2368 ,
853 2325 972 2374 virgae
999 2327 1068 2375 ejus
1085 2325 1194 2375 simae
1208 2327 1302 2372 falce

256 2371 379 2409 debent
414 2373 566 2411 enodari.
614 2375 725 2424 vulgo
764 2378 801 2413 ἃ
840 2376 913 2414 illic
936 2404 945 2420 ‚
983 2380 1145 2425 summae
1171 2377 1300 2425 virgae.

255 2425 384 2467 Σιμός,
413 2426 427 2461 ὁ
451 2427 649 2469 προσάντης
672 2428 780 2468 τόπος
798 2455 808 2471 ,
831 2430 894 2463 καῖ
912 2429 1010 2471 σιμὸν
1030 2427 1221 2472 amentem.
1249 2428 1303 2464 la-

255 2477 416 2523 cunosum
439 2476 633 2513 convallem
653 2476 790 2515 diceret
810 2479 1003 2527 Apulejus.
1025 2479 1129 2516 Plura
1157 2478 1202 2516 de
1234 2478 1302 2516 hac

254 2536 352 2562 voce
375 2526 534 2565 diximus
564 2527 672 2565 Notis
694 2530 945 2575 Metamorph.
970 2541 1055 2566 xiv.
1076 2529 1302 2576 i'fi95.hinc

256 2576 398 2614 Similus
417 2589 559 2616 nomen
580 2579 676 2616 viris.
707 2581 888 2618 Ausonius
908 2580 1175 2629 Epigr.1.xx1v.

307 2644 479 2691 Daphnen
501 2656 544 2685 ey
569 2644 698 2682 Nioben
713 2645 871 2693 saltavit
889 2645 1029 2683 similas
1051 2646 1156 2684 idem.

255 2701 304 2738 ita
322 2701 564 2752 scribendum,
575 2719 652 2744 non
665 2708 805 2744 Simius.
820 2719 907 2744 nam
921 2708 958 2744 in
972 2707 1117 2743 Graeco
1131 2707 1307 2751 εῆΣιμόζ,

308 2768 452 2815 Δαφνῆν
472 2773 534 2808 καὶ
558 2771 688 2818 Νιόβην
706 2770 898 2817 ὠρχήσατο
925 2769 1073 2816 Μέμφις
1095 2770 1110 2807 ὃ
1129 2771 1251 2815 σιμός(

256 2830 398 2870 ΗειΝε.

310 2883 394 2932 όςς.
425 2884 484 2922 ille
505 2887 598 2924 cadit
610 2884 801 2937 praeceps.]
831 2883 929 2922 Tale
949 2884 1040 2934 quid
1061 2883 1109 2923 fic
1129 2884 1227 2924 idem
1239 2884 1303 2924 de·

252 2931 370 2971 scribit
391 2936 426 2972 in
451 2937 560 2974 Arte:

305 3000 431 3036 Ebrius
452 3015 519 3037 ecce
533 3003 638 3051 senex
653 3003 766 3049 pando
790 3000 926 3038 Silenus
946 3000 1046 3050 asello

359 3052 424 3087 Vix
436 3052 532 3097 sedet
555 3080 565 3095 ,
593 3064 636 3092 (5⁶
653 3055 774 3100 prestas
796 3053 945 3088 continet
965 3062 1041 3088 arte
1055 3050 1175 3100 jubas.

274 3132 280 3143 .
305 3105 405 3139 Dum
430 3103 587 3150 sequitur
615 3102 769 3139 Bacchas
788 3128 798 3145 ,
835 3100 988 3138 Bacchae
1006 3103 1220 3151 fugiuntque
1243 3110 1303 3152 pe-

407 3164 556 3202 lantque

354 3203 625 3252 Qddrupedem
648 3219 658 3239 .·
679 3203 800 3249 firulri
821 3203 906 3239 dum
930 3202 1048 3239 malus
1070 3214 1165 3252 urget
1184 3218 1301 3255 eques,

306 3260 348 3292 In
367 3264 464 3302 caput
486 3257 600 3291 aurito
619 3255 739 3291 cecidit
762 3254 912 3303 delapsus
934 3253 1046 3302 asello.

355 3305 572 3345 Clamarunt
588 3305 728 3356 Satyri.-
759 3310 858 3356 Surge
877 3318 957 3357 age,
975 3305 1076 3355 surge
1088 3313 1199 3358 pater.

256 3356 432 3397 Neapor..

2299 1101 2418 1161 Cur

1422 1238 1506 1282 756.
1537 1237 1798 1287 Auxiliumque
1828 1237 1972 1289 vocat.]
2037 1242 2147 1287 Rogat
2184 1248 2263 1288 opt.
2291 1241 2417 1283 Vatic:

1367 1285 1447 1322 Urs.
1471 1287 1508 1322 δε
1535 1286 1619 1324 Stat.
1655 1290 1782 1335 placet.
1810 1289 1977 1327 Ciorau.
2031 1289 2170 1327 Eadem
2204 1292 2356 1332 varietas
2374 1295 2415 1333 in

1368 1335 1520 1374 Nostris.
1546 1337 1718 1374 inclamat
1732 1340 1836 1387 socios
1858 1349 1940 1379 tres.

1420 1406 1501 1444 757.
1530 1401 1752 1433 Concurrunt
1775 1398 1928 1448 Satyri]
1969 1405 2163 1437 Occurrunt
2192 1411 2351 1451 quatuor
2371 1403 2416 1444 li-'

1363 1444 1428 1483 bri.
1455 1447 1575 1490 Puto,
1603 1453 1820 1485 Accurrum.
1851 1448 1935 1486 vide
1962 1451 2154 1488 Notaslib.
2180 1465 2224 1490 ιτ.
2253 1454 2307 1495 irs.
2332 1467 2415 1505 372..

1362 1496 1411 1584 {ic
1441 1498 1479 1534 ὃ(
1512 1497 1608 1546 apud
1640 1498 1767 1537 Silium
1799 1498 1892 1537 libro
1921 1513 1955 1539 x.
1980 1512 2064 1539 201.
2101 1503 2266 1550 optimae
2291 1517 2416 1553 mem-2

1387 1559 1517 1592 ranae,

1416 1611 1620 1659 Transfixus
1632 1613 1749 1662 gladio
1760 1621 1900 1664 propere
1918 1615 2129 1653 accurrentis
2151 1617 2310 1667 Amorgi.

1364 1675 1403 1712 &
1423 1675 1516 1713 libro
1540 1688 1603 1715 xv.
1626 1678 1712 1716 006.
1836 1684 1838 1686 '

1412 1740 1578 1778 Pulveris
1601 1740 1639 1777 in
1660 1741 1779 1790 clypeis
1802 1743 1944 1793 vestigia
1965 1744 2044 1793 vila
2064 1743 2265 1784 movebant.

1419 1791 1460 1827 Id
1476 1791 1606 1841 properi
1622 1789 1758 1840 signum
1779 1797 1948 1843 accursus.

1360 1855 1411 1892 ita
1429 1853 1672 1891 scribendum.
1699 1854 1812 1904 vulgo
1835 1855 2012 1894 mendose
2029 1857 2182 1907 legitur,

1417 1921 1462 1953 Et
1478 1926 1612 1966 propere
1623 1916 1765 1966 signum
1782 1918 1831 1955 ad
1858 1920 1986 1965 cursus.

1362 1983 1510 2021 Hfitns.
1540 1986 1577 2021 ὃ(
1599 1993 1783 2021 occurrunt
1802 1983 1900 2021 recte
1929 1982 2049 2033 -poffet
2068 1985 2339 2035 explicari.vid.
2363 1989 2411 2032 ad

1361 2033 1483 2073 Sabin.
1502 2036 1571 2082 Ep.
1596 2048 1641 2072 11.
1668 2048 1723 2084 ¹9·

1412 2100 1498 2147 758.
1527 2098 1665 2149 Germ]
1696 2099 1781 2136 Pede
1799 2100 1981 2138 nonnulli.

1410 2174 1499 2214 759.
1530 2166 1737 2217 Limumque
1753 2167 1913 2205 inducere
1935 2167 2142 2218 monstrat.]
2187 2169 2249 2208 Ad
2267 2171 2411 2211 itstuum

1360 2217 1559 2254 medelam.
1596 2218 1797 2266 Optimum
1821 2246 1831 2262 ‚
1860 2218 1954 2267 aqua
1985 2221 2096 2256 etiam
2119 2231 2164 2256 ex
2179 2221 2329 2268 raphani
2350 2223 2412 2260 fo-

1358 2266 1412 2304 liis
1440 2267 1574 2305 faciem
1595 2268 1701 2306 linire
1727 2281 1736 2305 :
1773 2269 1882 2305 habes
1912 2269 1932 2306 ὲ
1955 2270 2074 2306 Plinio
2104 2269 2164 2307 lib.
2184 2282 2242 2308 XX.
2271 2283 2347 2321 cap.
2375 2284 2412 2321 4.

1361 2319 1538 2356 NEAPOL.
1566 2319 1722 2362 Malim,
1751 2318 1910 2368 limoque.
1940 2327 1978 2357 ut
1996 2332 2080 2365 ora,
2107 2320 2210 2369 quod
2232 2321 2409 2372 sequitur.

1358 2369 1611 2418 subintelligas.
1645 2370 1807 2406 inducere
1834 2371 1883 2407 est
1908 2371 2021 2408 linere
2052 2383 2060 2407 ε
2110 2371 2163 2410 fic
2192 2384 2278 2409 auro
2304 2374 2411 2413 linere

1359 2425 1397 2461 ὅ(
1420 2433 1504 2456 auro
1532 2420 1689 2457 inducere
1709 2421 1889 2459 dicebant.
1921 2421 2069 2462 consule
2091 2422 2209 2459 Notas
2239 2424 2331 2462 Met.
2352 2437 2408 2464 xv,

1356 2475 1409 2516 ybs.
1433 2477 1521 2522 405.
1550 2471 1653 2521 quod
1679 2471 1755 2510 aliis
1771 2472 1951 2521 perducere
1976 2471 2075 2520 apud
2098 2473 2325 2520 Maronem,
2353 2487 2408 2516 tv,

1359 2526 1497 2571 Georg.
1516 2535 1558 2568 41
1571 2536 1602 2570 ς.

1588 2585 1794 2637 Ambrofiae
1815 2582 1992 2638 liquidum
2014 2587 2180 2638 depromit
2197 2589 2352 2633 odoram,

1414 2642 1494 2689 {Quo
1513 2648 1626 2676 totum
1645 2640 1722 2676 nati
1739 2649 1854 2689 corpus
1870 2638 2048 2688 perduxit.

1362 2719 1549 2756 Ausonius
1581 2719 1812 2768 Symmacho
1835 2747 1844 2764 ‚
1873 2721 2045 2770 Paginam
2073 2728 2174 2755 tuam
2204 2716 2291 2765 legi,
2318 2731 2405 2767 quae

1363 2782 1417 2805 me
1431 2768 1619 2806 blanditus
1638 2770 1838 2808 inhiantem
1851 2771 1926 2819 suis
1953 2770 2051 2807 velut
2062 2769 2161 2817 succo
2178 2769 2325 2805 neffaris
2345 2770 2405 2806 de-

1358 2819 1472 2907 }{bufa
1496 2819 1672 2908 peSrduxit.
1712 2821 1777 2859 Sic
1805 2822 1973 2870 optimae
2007 2819 2123 2857 Voffii
2156 2819 2405 2860 membranae.

1391 2882 1497 2909 erius
1551 2880 1598 2909 at.
1616 2884 1661 2911 11.

1483 2957 1545 2966 ·--
1570 2958 1631 2965 -—
1660 2942 1760 2972 Auro
1771 2935 1889 2984 sacras
1907 2932 1999 2982 quod
2019 2943 2147 2979 ovato,

1409 2987 1572 3027 Rerducis
1585 2986 1708 3033 jacies.

1357 3049 1515 3086 obducere
1536 3049 1664 3086 Solino
1677 3060 1754 3095 cap.
1776 3059 1828 3084 tx.
1862 3045 2060 3084 Diluvialis
2079 3045 2223 3094 irruptio
2238 3060 2316 3085 cum
2327 3046 2407 3084 unia

1357 3103 1457 3150 versa
1486 3099 1660 3136 obduceret
1693 3098 1836 3135 humido
1868 3095 1953 3147 fita.
2000 3097 2165 3146 apponte
2199 3098 2330 3135 Plinius
2359 3097 2406 3136 de

1356 3153 1633 3200 hippopotamis
1658 3163 1666 3187 :
1699 3150 1847 3198 plagam
1871 3149 1955 3185 limo
1976 3149 2094 3196 rursus
2113 3148 2263 3187 obduci-t.
2303 3147 2406 3197 quod

1358 3202 1504 3240 Solinus
1525 3203 1561 3239 in
1578 3213 1619 3239 ea
1638 3203 1847 3238 narratione
1865 3199 1980 3242 dixit,
2009 3211 2103 3235 coeno
2119 3198 2262 3248 plagam
2281 3199 2406 3235 obline-

1358 3267 1403 3292 re.
1450 3253 1695 3296 Ammianus,
1715 3252 1854 3299 saucias
1873 3262 1992 3288 carnes
2009 3262 2103 3286 coeno
2125 3250 2258 3286 oblinit.
2287 3250 2344 3287 Sic
2366 3250 2406 3286 &

1358 3304 1490 3343 Paulus
1511 3305 1604 3343 libro
1624 3316 1660 3343 v.
1684 3304 1933 3352 Receptarum
1952 3302 2224 3341 Sententiarum
2246 3302 2407 3338 locutus.

1359 3355 1509 3396 Ham&

1393 3424 1401 3429 ³
2229 3400 2314 3450 761·
2337 3403 2407 3443 Ga*-
