2495 3675
715 201 775 260 P.
851 195 1262 258 0V1D11

1337 176 1872 258 NAsonrs

507 316 573 372 In
601 317 783 373 medio
807 335 1040 390 panem,
1077 325 1422 385 armentaque
1448 329 1560 367 rara
1586 313 1926 387 relinquuntr

587 391 784 446 Cetera
810 390 1049 462 virgultis
1073 387 1251 440 abdita
1279 386 1432 440 turba
1458 386 1601 440 latet.

512 460 691 526 Ecce,
739 466 885 519 velut
913 476 1122 516 torrens
1147 459 1301 512 undis
1327 459 1636 530 pluvialibus
1663 459 1873 523 auctu&

371 554 479 591 220

592 539 704 591 Aut
731 538 879 596 nive,
918 551 1054 606 quae
1087 530 1345 611 Zephyro
1373 530 1507 585 vieta
1533 547 1755 604 repente
1781 533 1931 598 fluit,

513 612 619 668 Per
651 610 753 662 sata
778 624 981 680 perque
1011 605 1116 660 vias
1154 605 1353 667 fertum
1395 622 1525 667 nee,
1566 618 1624 658 ut
1652 620 1774 661 ante
1799 608 2034 674 solebat,

588 683 854 751 Riparum
880 679 1071 735 clausas
1099 678 1343 748 margine
1365 677 1481 731 finit
1507 696 1692 748 aquas:

517 757 602 810 Sic
636 753 784 823 Fabii
809 754 921 808 latis
946 754 1135 806 vallem
1165 749 1476 803 dilcursibus
1503 750 1768 820 implent;.

583 827 847 899 Quosque
875 825 1056 880 vident
1085 824 1353 892 spernunt.
1381 841 1480 876 nec
1507 835 1680 876 metus
1707 824 1837 877 alter
1861 826 2009 882 inest.

368 919 464 974 225

511 901 641 974 Quo
671 901 846 963 ruitis,
886 896 1141 971 generosa
1166 896 1391 950 domus?
1432 896 1566 950 male
1591 895 1828 950 creditur
1856 897 2007 955 hosti.

580 973 818 1044 Simplex
842 972 1086 1027 nobilitas
1105 1012 1116 1030 ‚
1156 969 1358 1040 perfida
1387 969 1486 1023 tela
1520 987 1664 1022 cave.

509 1045 720 1101 Fraude
744 1047 880 1116 perit
907 1046 1090 1099 virtus.
1133 1042 1188 1095 in
1216 1055 1429 1113 apertos
1454 1042 1693 1114 undique
1719 1059 1940 1114 campos

584 1118 866 1172 Prosiliunt
891 1118 1092 1179 hostes,
1133 1114 1189 1167 δε
1216 1118 1347 1169 latus
1375 1132 1537 1168 omne
1564 1127 1766 1169 tenent.

510 1191 660 1264 Quid
689 1190 881 1244 faciant
908 1191 1061 1261 pauci
1089 1201 1276 1241 contra
1303 1201 1383 1240 tot
1409 1188 1567 1241 millia
1590 1188 1789 1241 fortes?

373 1284 472 1332 230

581 1263 799 1334 Quidve
817 1303 830 1325 ‚
867 1261 1019 1335 quod
1044 1261 1100 1314 in
1129 1258 1321 1314 misero
1349 1273 1596 1330 tempore
1623 1262 1812 1326 restet,
1847 1262 2043 1321 habent
2057 1266 2082 1321 ?·'

512 1336 661 1391 Sicut
687 1353 812 1407 aper
840 1336 971 1389 silvis
998 1333 1158 1405 longe
1192 1331 1551 1387 Laurentibus
1578 1331 1721 1387 aeius

588 1408 873 1463 Fulmineo
902 1409 1101 1461 celeres
1126 1404 1339 1473 dissipat
1371 1423 1464 1458 ore
1491 1422 1677 1466 canes;

511 1481 656 1538 Mox
681 1477 858 1536 tamen
886 1480 994 1553 ipse
1018 1479 1184 1550 perit:
1227 1477 1296 1531 fic
1322 1495 1432 1532 non
1461 1478 1763 1533 moriuntur
1790 1479 1942 1534 inulti
1961 1503 1985 1544 ;,

586 1555 933 1628 Vulneraque
959 1553 1162 1607 alterna
1186 1551 1424 1624 dantque
1454 1551 1741 1623 feruntque
1766 1568 1942 1608 manu,

268 1785 355 1821 217.
384 1771 520 1822 Ram]
546 1779 662 1811 Rauca
685 1768 827 1809 Arund.
850 1771 1004 1810 Cantab.
1027 1772 1066 1810 δε
1086 1769 1266 1809 tredecim

217 1823 289 1862 alii.
317 1835 418 1873 rapta
442 1836 544 1861 unus.
564 1833 679 1872 parva
704 1823 792 1860 duo.
820 1822 859 1859 in
880 1824 990 1861 medio
1010 1832 1141 1871 campos
1162 1831 1268 1859 unus.

272 1877 357 1914 218.
387 1874 502 1913 Turba
520 1873 645 1923 latet.]
687 1875 812 1918 Malo,
842 1874 967 1912 latent.
1009 1875 1156 1911 Heius.
1193 1872 1265 1909 Pro

219 1927 343 1963 abdita
373 1939 464 1965 unus
494 1925 632 1964 petavii
669 1925 806 1963 condita
838 1925 959 1964 habet.
1011 1935 1133 1962 turma
1153 1926 1265 1962 etiam

221 1987 304 2016 tres.

267 2041 352 2068 220.
381 2029 479 2065 vitta
498 2027 669 2078 repente]
698 2033 837 2077 Tepente
850 2027 957 2066 multi
972 2027 1092 2075 scripti
1112 2028 1151 2064 &
1167 2025 1267 2064 editi.

217 2089 312 2116 mota
330 2090 457 2127 tepente
477 2080 601 2116 Petav.
621 2090 735 2116 monte
755 2092 859 2117 unus.
882 2092 962 2116 vere
982 2077 1151 2125 duo.fi›le
1162 2089 1268 2115 unus.

218 2130 313 2166 cadit
340 2132 436 2168 Edit.
457 2130 577 2179 Neap.
605 2131 643 2168 &
673 2138 742 2168 tres
769 2130 900 2180 scripti.
948 2130 1020 2168 vid.
1050 2128 1095 2167 ad
1120 2128 1182 2166 lib.
1202 2139 1267 2166 111.

218 2192 241 2217 2
272 2181 306 2217 6.

248 2191 357 2269 3222.
387 2231 481 2268 Finit
502 2230 648 2281 aquas.]
686 2230 833 2269 claudit
854 2232 989 2269 Ursini.
1015 2231 1183 2270 CtofaN.
1212 2230 1266 2268 Ita

218 2281 369 2328 &Junii
392 2283 428 2319 ὅ(
460 2282 548 2319 alius
576 2282 707 2320 codex.
733 2282 793 2320 sed
823 2282 929 2319 male.
956 2294 1040 2319 nam
1063 2282 1182 2319 modo
1211 2281 1266 2324 ybs.

218 2344 305 2380 215.
321 2333 505 2382 praecessit
526 2333 599 2369 hoc
618 2334 772 2371 verbum
792 2334 830 2370 ὃ(
852 2334 1020 2381 ineptum
1042 2331 1152 2376 effer,
1171 2331 1268 2368 clau-

219 2383 275 2420 dit
305 2397 415 2435 aquas
443 2383 575 2431 clausas
601 2382 733 2433 dicere.
756 2382 866 2431 findit
888 2395 991 2420 unus.
1014 2383 1142 2428 fundit
1168 2383 1269 2420 alius.

208 2433 310 2481 fovit
329 2443 410 2472 tres.
424 2433 512 2484 fluit
531 2447 635 2474 unus.
667 2434 728 2473 sed
751 2434 895 2483 elegans
914 2434 992 2472 usus
1011 2434 1060 2471 est
1081 2435 1143 2470 τοῦ
1150 2433 1269 2481 finire.

222 2493 261 2522 ut
282 2484 348 2522 inf.
371 2487 457 2533 659.

273 2540 324 2571 Tu
338 2536 478 2585 populos
491 2563 501 2580 ,
540 2535 722 2585 urbesque,
754 2546 799 2576 ω’
819 2549 921 2583 regna
943 2535 1096 2584 ingentia
1106 2533 1205 2581 finis.

220 2584 297 2622 vid.
317 2587 362 2624 ad
383 2588 444 2624 lib.
468 2599 556 2624 vm.
571 2588 666 2625 Met.
687 2589 772 2636 695.
832 2586 966 2624 Buram.

274 2647 357 2680 224:
385 2638 555 2687 Qodque
581 2638 706 2675 vident
725 2637 927 2686 sternam]
973 2638 1134 2684 {Quosque
1161 2635 1270 2673 multi

222 2696 269 2722 ex
290 2685 434 2733 scriptis.
470 2689 639 2739 Quodque
664 2689 789 2724 vident
814 2688 981 2734 spernunt
1007 2685 1108 2722 Voff.
1131 2688 1268 2722 Mazar.

221 2735 369 2774 Zulich.
393 2738 430 2773 ὃς
453 2739 525 2776 duo
547 2740 617 2776 alii.
643 2747 713 2776 tres
728 2766 738 2782 ,
766 2739 929 2786 Quosque
948 2736 1072 2771 vident
1084 2738 1264 2782 spernunt.

223 2786 381 2833 optime.
418 2788 516 2825 Nam
549 2791 585 2827 ὃς
608 2790 738 2827 Livius
765 2795 869 2824 notat
891 2786 910 2823 a
943 2786 1060 2823 Fabiis
1086 2785 1199 2822 nimia
1217 2783 1269 2821 sui

221 2836 358 2873 :fiduci-{1
385 2836 486 2875 fuisse
514 2848 720 2885 peccatum.
766 2838 912 2875 Heins.
956 2838 1118 2885 Qosque
1145 2835 1270 2872 vident

222 2887 369 2924 caedunt
391 2900 481 2926 unus
492 2889 794 2936 Heinfii.faeriunt
812 2889 913 2926 alius.

275 2950 362 2986 225.
393 2939 486 2976 Male
509 2940 643 2977 creditis
663 2939 787 2989 hosti.]
822 2940 957 2976 Melius
971 2935 1160 2975 fortaffein
1173 2948 1269 2974 non-

221 2989 331 3027 nullis
346 3017 356 3032 ,
385 2990 481 3026 Male
501 2991 650 3027 creditur
662 2990 756 3037 hosti.
787 2990 974 3028 Nauem.
1003 2988 1153 3026 Creditis
1174 2988 1269 3025 mul-

221 3040 251 3077 ti
271 3039 389 3088 scripti
411 3041 448 3076 δε
469 3040 567 3077 editi.

280 3101 363 3136 227.
393 3091 527 3127 fraude
548 3091 637 3140 perit
663 3089 819 3139 virtus.]
860 3090 1006 3138 Singula
1035 3089 1121 3127 vide
1142 3101 1188 3126 ex
1207 3090 1272 3126 Li-

228 3141 294 3178 ·vio
315 3169 325 3184 ‚
354 3140 562 3189 Dionysio,
589 3141 734 3179 Zonarf'i
757 3171 767 3186 ‚
805 3141 988 3189 Eutropio
1012 3168 1023 3185 ,
1061 3140 1194 3185 Floro,
1223 3142 1272 3178 A.

227 3191 354 3230 Gellio
383 3193 421 3229 ὅτ
441 3192 527 3229 aliis.
555 3193 730 3229 Nestor.

278 3254 364 3291 230.
392 3242 521 3290 Restet,
550 3242 679 3292 adest]
709 3241 848 3279 Habent
860 3241 1273 3287 Urfini‚Maz.Zulich.

228 3293 269 3330 ἃ
287 3293 416 3331 decem
436 3294 506 3331 alii.
535 3293 680 3331 Htms.
1141 3334 1146 3339 ,

276 3355 363 3394 231.
388 3343 494 3383 silvis
520 3343 708 3384 latratibus
736 3342 874 3394 acqua]
911 3343 985 3385 Alii
1006 3370 1018 3391 ,
1046 3342 1273 3397 latrantibus.

2254 1631 2375 1691 Una

1323 1765 1384 1804 sed
1405 1766 1668 1816 elegantiffime
1689 1765 1916 1805 mehercules
1938 1767 2014 1806 duo
2034 1768 2174 1808 Mazar.
2192 1768 2268 1808 duo
2290 1770 2379 1809 Far--v

1325 1817 1463 1855 nefiani
1509 1819 1546 1854 &
1589 1830 1682 1857 unus
1720 1818 1921 1857 Vaticanus
1943 1847 1954 1864 ,
1990 1817 2097 1868 filvis
2129 1820 2377 1860 Laurentibus.

1323 1869 1456 1907 Noster
1480 1870 1574 1906 Met.
1590 1882 1669 1908 κεν.
1695 1881 1776 1919 342.

1371 1935 1519 1973 Exierat
1541 1934 1636 1973 tec‘lis
1656 1942 1844 1973 Laurentes
1864 1936 1965 1974 Picus
1985 1937 2024 1976 in
2040 1950 2136 1987 agros
2158 1967 2170 1986 ,

1374 1987 1557 2036 Indigenas
1567 1987 1709 2035 fixurus
1727 1997 1838 2037 apros.

1322 2051 1452 2101 Virgil.
1473 2065 1505 2091 x.
1529 2053 1613 2099 706.

1372 2119 1430 2151 Ac
1447 2114 1545 2151 velut
1564 2113 1623 2151 ille
1646 2127 1773 2152 canum
1791 2115 1906 2163 morsu
1929 2115 1970 2152 de
1993 2115 2168 2153 montibus
2186 2117 2272 2155 altis

1373 2168 1487 2203 Aetas
1505 2174 1608 2214 aper,
1635 2165 1763 2202 multos
1785 2166 1924 2214 Vesulus
1946 2180 2047 2215 quem
2063 2167 2192 2223 pinifer
2212 2181 2322 2206 annos

1375 2217 1544 2263 Defendit
1557 2245 1566 2260 ‚
1595 2217 1787 2264 multosque
1802 2217 1906 2266 palus
1926 2222 2117 2255 Laurerma
2129 2245 2141 2263 ‚
2159 2216 2263 2266 filva*

1373 2267 1495 2314 Pastus
1511 2266 1722 2304 arundinea.

1322 2341 1418 2418 guae
1451 2329 1585 2367 Noster
1620 2328 1694 2366 hoc
1730 2327 1818 2366 loco
1847 2329 2012 2378 respexit.
2060 2329 2196 2369 Horat.
2233 2329 2294 2370 lib.
2323 2335 2371 2371 11.

1351 2389 1397 2418 at.
1417 2393 1470 2418 1v.

1376 2442 1501 2479 Umber
1521 2451 1564 2481 (θ’
1581 2439 1696 2489 iligna?
1715 2441 1872 2478 nutritus
1888 2441 2015 2488 glande
2029 2469 2039 2485 ,
2066 2443 2235 2480 rotundae

1375 2497 1518 2528 Curvat
1536 2502 1615 2539 aper
1633 2493 1745 2525 lances
1764 2503 1902 2526 carnem
1923 2490 2074 2529 vitantis
2093 2493 2250 2531 inertem.

1377 2547 1475 2579 Nam
1497 2548 1648 2596 Laterens
1667 2538 1782 2576 malus
1811 2539 1854 2587 est
1871 2567 1882 2584 ,
1911 2540 2007 2578 ulvis
2026 2553 2070 2582 <9⁹
2096 2544 2270 2582 arundine
2287 2543 2372 2594 pin-j

1496 2604 1585 2640 guts.

1325 2643 1484 2681 Martial.
1503 2643 1564 2679 lib.
1586 2653 1637 2679 rx.
1659 2641 1726 2690 Ep.
1746 2654 1805 2691 49.

1376 2713 1471 2743 Inter
1482 2719 1578 2768 'auae
1599 2705 1674 2742 rari
1694 2711 1904 2744 Laurentem
1916 2705 2074 2756 ponderis
2091 2714 2217 2755 aprum

1431 2763 1604 2804 Mtstmus.

1325 2820 1430 2859 Idem
1453 2820 1515 2858 lib.
1531 2833 1565 2857 x.
1585 2820 1652 2869 Ep.
1675 2833 1759 2859 nv.

1376 2883 1442 2921 Ilia
1466 2883 1652 2920 Laurentis
1670 2897 1747 2921 cum
1770 2885 1834 2923 tibi
1851 2886 1968 2923 demus
1985 2884 2072 2933 apri.

1325 2951 1428 2988 Hinc
1446 2949 1484 2986 &
1504 2949 1541 2985 in
1562 2948 1754 2986 Catalec‘tis
1774 2953 1969 2997 poetarum
1992 2957 2182 2988 veterum:

1376 3014 1450 3053 Vite
1468 3012 1610 3058 Sabine,
1640 3019 1752 3050 Lacon
1775 3015 1888 3061 sulco,
1908 3017 1970 3064 sue
1989 3015 2117 3064 cognite
2138 3018 2305 3054 Laurens:
2338 3010 2340 3012 V
2366 3015 2373 3025 ’

1326 3091 1518 3140 Sylvarum
1541 3090 1781 3129 Laurentium
1804 3089 1915 3129 etiam
1937 3093 2110 3129 meminit
2128 3092 2372 3140 Symmachus

1328 3141 1437 3191 Epist.
1455 3154 1560 3178 κων.
1576 3142 1655 3178 libri
1679 3154 1731 3179 iv.
1770 3148 1866 3179 Nam
1889 3157 1943 3178 me
1963 3143 1999 3178 in
2013 3141 2115 3190 filvis
2137 3143 2370 3181 Laurentibus

1329 3192 1549 3230 continuatus
1569 3192 1633 3236 est,
1662 3193 1775 3229 rurali
1806 3194 2042 3230 inhaerentem
2071 3192 2190 3240 quieti.
2225 3193 2369 3231 Hnms.

1330 3245 1437 3282 Haec
1457 3244 1739 3292 approbatorem
1763 3255 1952 3291 repperere
1971 3242 2250 3281 eruditiffimurn
2263 3244 2376 3289 Rem—3

1328 3292 1444 3345 lejum
1458 3323 1468 3340 ,
1496 3306 1609 3343 quem
1627 3294 1711 3331 vide
1731 3293 1777 3330 ad
1800 3295 1930 3330 Horat.
1950 3293 2069 3341 Epod.
2092 3305 2129 3331 v.
2148 3294 2210 3332 28.

1382 3357 1468 3396 232.
1496 3344 1710 3396 fulminem]
1739 3343 1940 3383 fulmineus
1960 3355 2053 3384 unus
2076 3344 2234 3384 Heinfii.
2351 3392 2359 3401 ·

2184 3406 2272 3445 235·
2299 3398 2377 3441 Me
