2495 3675
227 191 329 246 534

698 153 1251 219 Psovinit
1322 149 1858 226 Nasonis

532 265 686 323 Neve
707 263 1003 339 peregrinis
1029 275 1238 317 tantum
1267 254 1527 311 defendar
1552 253 1617 308 ab
1643 255 1832 321 armis;

595 339 665 395 Et
695 340 972 393 Romanus
1001 336 1157 389 habet
1186 331 1350 384 multa
1366 327 1546 400 jocosa
1571 326 1720 382 liber.

528 413 714 486 thue
740 412 833 466 suo
862 410 1096 463 Martem
1122 403 1317 458 cecinit
1342 401 1516 473 gravis
1541 401 1748 456 Ennius
1773 409 1904 467 ore3'

606 485 808 541 Ennius
835 483 1050 552 ingenio
1079 478 1368 538 maximu8‚
1405 489 1518 530 arte
1546 475 1721 536 rudis,

387 578 488 631 425
533 559 778 631 Explicat
806 569 864 608 ut
890 551 1085 606 causs'as
1112 549 1281 622 rapidi
1310 548 1597 603 Lucretius
1622 548 1785 620 igniS,

601 631 970 698 Casurunique
995 625 1189 695 triplex
1213 622 1527 676 vaticinatur
1552 639 1718 694 opus;

535 706 620 760 Sic
648 704 732 755 sua
764 701 955 752 lascivo
979 711 1186 751 cantata
1214 695 1288 749 est
1314 696 1465 766 saepe
1490 694 1706 748 Catullo

603 775 853 837 Femina,
892 773 978 826 cui
1006 771 1190 825 falsum
1216 769 1409 825 Lesbia
1433 786 1632 824 nomen
1659 780 1789 823 erat.

238 992 334 1042 apud
355 989 562 1030 Martialem
583 988 643 1026 lib.
663 1000 735 1025 ΧΠ.
763 988 951 1035 Ep.itcvr.
979 983 1122 1022 Hms.
1152 982 1291 1021 Hemi-

235 1047 417 1082 tlieoncm
441 1070 450 1085 ‚
486 1042 630 1079 Philoni
660 1041 695 1076 iii
731 1040 803 1076 vita
836 1037 976 1085 Moysis
1010 1043 1288 1078 memoratum,

234 1095 352 1134 scribit
382 1093 527 1132 Voli‘ius
560 1092 604 1128 de
631 1092 756 1128 Poetis
788 1090 936 1127 Graecis
967 1099 1044 1134 cap.
1069 1099 1119 1124 1x.
1147 1086 1205 1123 sed
1229 1086 1288 1123 ille

241 1146 393 1195 quidem
443 1146 478 1182 in
512 1145 619 1181 initio
649 1142 728 1179 libri
763 1141 867 1188 primi
900 1140 1062 1177 Graecos
1091 1137 1270 1183 reprelien

239 1198 294 1236 dit
313 1225 324 1241 ,
353 1196 454 1246 quod
467 1194 682 1233 comoedias
703 1193 966 1242 &Sybariticas
983 1190 1171 1227 scribendo
1192 1188 1291 1225 lasci-

238 1249 314 1286 vias
330 1276 340 1290 ‚
368 1248 540 1286 facultate
562 1244 737 1283 scribendi
757 1243 854 1281 abusi
877 1242 958 1284 sint,
987 1241 1084 1279 nulla
1107 1239 1199 1276 faeta
1214 1239 1292 1275 l-le-

237 1302 440 1338 mitlieonis
460 1298 653 1335 mentione
677 1324 687 1339 ‚
725 1295 789 1332 nisi
812 1294 852 1332 sit
882 1294 985 1331 locus
1003 1292 1111 1335 alius,
1140 1290 1202 1340 qui
1227 1302 1290 1327 me

236 1352 360 1400 fugit:
391 1351 466 1399 ejus
498 1360 584 1397 ergo
615 1359 698 1384 cuni
719 1345 835 1388 solus,
865 1347 967 1394 quod
991 1343 1125 1386 sciam,
1155 1342 1280 1378 memi-

236 1405 334 1439 ncrit
363 1401 575 1442 Lucianus,
599 1398 644 1435 de
667 1405 783 1434 aetate
807 1397 884 1445 ejus
921 1408 967 1432 ex
999 1394 1077 1432 solo
1098 1394 1172 1430 hoc
1194 1392 1289 1429 Ovi-

237 1452 287 1489 dii
318 1453 405 1490 loco
437 1450 649 1499 conjectura
679 1448 759 1496 capi
787 1446 924 1496 potest;
964 1445 990 1484 fi
1019 1457 1095 1483 vox
1121 1453 1226 1493 nuper
1249 1442 1290 1481 fit

239 1504 285 1541 ab
305 1503 457 1541 au&ore
476 1501 652 1551 profecta.
680 1499 810 1537 Burin.

291 1555 376 1600 418.
408 1558 451 1590 Et
478 1553 539 1603 qui
567 1551 764 1588 concubitus
785 1563 853 1587 non
875 1560 1009 1587 tacuere
1024 1545 1138 1596 [icon]
1197 1545 1290 1584 Sunt

237 1607 301 1655 qui
333 1607 382 1643 ita
412 1605 535 1653 legant
555 1631 565 1648 ‚
604 1615 663 1639 nec
683 1615 769 1651 quae
803 1604 873 1638 ἃς.
902 1602 940 1639 &
984 1600 1160 1637 Philenen
1183 1596 1290 1634 intel·

235 1657 365 1706 ligunt.
394 1656 587 1693 MERULA.
616 1653 770 1696 Malim,
799 1665 896 1702 quae.
919 1659 957 1689 ut
978 1650 1159 1687 Philaenis
1181 1649 1220 1686 ὃ(
1243 1648 1291 1685 E-

236 1708 420 1756 lephantis
448 1706 697 1754 intelligantur
722 1732 732 1749 ‚
759 1714 914 1752 quarum
940 1700 1145 1739 foedissirna
1165 1699 1292 1747 scripta

238 1759 364 1806 paffiin
380 1756 742 1795 circumferebantur.
763 1764 958 1803 utramque
972 1753 1044 1800 pari
1069 1751 1186 1788 modo
1200 1762 1291 1787 con-

233 1809 359 1858 jungit
391 1808 570 1846 Tati-anus
595 1807 778 1843 Oratione
813 1804 980 1842 adversus
1015 1811 1154 1851 gentes.
1190 1803 1292 1849 {Qvae

239 1871 339 1897 certe
371 1859 491 1897 codex
521 1855 809 1906 Hamburgensis
831 1884 842 1901 ,
883 1856 922 1894 &
955 1863 1026 1893 tres
1047 1854 1118 1891 alii.
1144 1854 1232 1891 hinc
1252 1853 1290 1890 in

237 1910 418 1959 Priapeis:

292 1977 373 2023 {Qec
394 1983 444 2010 tot
457 1973 589 2022 figuras
602 2000 612 2017 ‚
643 1980 727 2020 quot
749 1968 925 2006 Philaenis
945 1968 1082 2006 invenit
1096 1995 1108 2013 ,

290 2031 371 2062 Non
393 2026 625 2067 admovente,
648 2022 804 2071 pruriosa
829 2019 980 2067 discedit.

237 2091 293 2130 Ita
315 2090 433 2128 versus
456 2088 718 2127 mendosiffimi
741 2098 784 2122 ex
814 2084 968 2132 vestigiis
990 2083 1167 2121 librorum
1189 2084 1292 2122 vetess

238 2154 319 2181 rum
345 2142 423 2179 sunt
452 2139 672 2179 restituendi.
708 2148 792 2175 nam
826 2135 944 2172 codex
976 2136 1134 2173 vetullus
1158 2134 1293 2172 Frede-

237 2195 303 2232 rici
328 2192 500 2230 Ubaldini
525 2220 535 2234 ‚
571 2203 636 2240 quo
658 2200 708 2225 tot
721 2188 854 2235 figuras
876 2200 944 2222 non
963 2185 1170 2223 admovetis.
1209 2187 1292 2223 Phi-

235 2244 350 2282 laenis
373 2242 582 2283 Leucadia,
612 2241 713 2287 cujus
733 2237 852 2275 versus
878 2237 1088 2285 spurcissimi
1115 2238 1193 2280 περὶ
1216 2249 1291 2273 ποι-

240 2296 351 2332 κὶλων
371 2297 575 2341 σχημάτων
609 2290 819 2337 ἀφροδισίων
848 2286 868 2324 {1
901 2288 1092 2335 Polycrate
1124 2288 1291 2335 Sophista

237 2345 459 2384 Atheniensi
473 2344 686 2382 dicebantur
700 2339 769 2377 effe
782 2339 989 2386 conscripti,
1001 2338 1088 2375 teste
1101 2337 1289 2376 AEschrio·

235 2410 284 2435 ne
308 2397 343 2434 in
372 2395 590 2434 Philaenidis
620 2391 800 2440 Epicedio
829 2389 925 2438 apud
961 2390 1196 2426 Athenaeum
1228 2390 1288 2426 lib.

236 2461 328 2486 vixx.
356 2448 442 2484 hinc
461 2446 558 2494 apud
578 2444 758 2491 Justinum
783 2442 986 2485 Martyrem
1013 2440 1201 2488 Apologia
1214 2441 1287 2488 pri-

237 2512 297 2537 ma
326 2511 391 2547 pro
405 2497 613 2535 Christianis
635 2495 697 2532 sub
719 2493 830 2530 finem
848 2490 1058 2534 ,Σωταδεια
1081 2494 1141 2526 καὶ
1161 2489 1286 2532 Φιλαι-

237 2551 348 2586 visam,
368 2549 597 2594 ἔιδείγματοι.
617 2558 685 2594 pro
707 2544 878 2592 spuriis&
892 2541 1091 2580 obscaenis.
1114 2543 1285 2580 Laidis&

234 2601 486 2649 Elephantidis
512 2600 549 2637 ὃ(
574 2598 694 2646 Salpes
720 2596 934 2643 scriptorum
958 2594 1131 2631 meminit
1152 2594 1286 2631 Plinius

233 2652 326 2689 libro
349 2664 488 2690 xxviit.
511 2662 589 2697 cap.
611 2660 643 2695 7.
670 2648 732 2686 ubi
764 2647 810 2683 de
835 2645 1024 2683 menstruis
1045 2645 1129 2692 agit.
1170 2644 1290 2693 Salpes

235 2703 367 2739 iteruin
401 2715 478 2751 cap.
500 2714 576 2739 xix.
632 2700 732 2736 Huic
754 2697 963 2746 adjungitur
983 2693 1003 2731 a
1035 2695 1291 2742 Xenophonte

233 2751 296 2789 lib.
321 2765 363 2789 11.
402 2751 795 2795 Ἀπομνκμῡνευμεὶτων
825 2748 925 2785 Nico
956 2746 1075 2781 Samia
1105 2747 1142 2782 ὃ(
1177 2745 1287 2782 Calli-

236 2803 340 2840 strate
380 2804 509 2840 Lesbia
542 2801 699 2840 versibus
729 2800 856 2837 itidem
891 2796 1081 2834 obscoenis
1118 2796 1288 2834 infames.

236 2854 324 2891 citat
348 2854 474 2891 locum
510 2851 771 2900 Xenophontis
804 2850 1013 2887 Athenaeus
1034 2848 1093 2883 lib.
1114 2860 1150 2884 vt
1189 2850 1286 2894 Qui-

235 2905 300 2942 bus
322 2905 493 2941 omnibus
511 2905 759 2951 antiquiorem
784 2898 1031 2949 Astyanziil'am
1061 2899 1182 2936 laudat
1209 2900 1288 2935 Ησ-

233 2955 376 3004 sychius
399 2956 434 2991 ἀ
459 2954 583 2992 Suidas
604 2954 767 2990 Helenae
795 2951 977 2988 ancillam.
1010 2952 1151 2986 mentio
1175 2951 1287 2988 etiam

233 3007 283 3046 est
306 3007 470 3054 Cyrenes
491 3004 584 3051 apud
614 3006 809 3051 antiquos,
846 3014 956 3050 quain
989 3001 1289 3046 δωὲεκκμήχκυον

231 3058 426 3098 dicebant,
455 3069 472 3091 a
506 3054 703 3091 duodecim
739 3053 856 3101 figuris
880 3053 1059 3089 Venereis
1084 3052 1127 3088 ab
1159 3064 1200 3089 ea
1229 3053 1285 3091 in-

231 3108 363 3147 ventis.
393 3106 450 3143 sed
476 3107 510 3142 δέ
533 3118 550 3141 a
574 3105 654 3141 viris
677 3106 710 3139 in
728 3104 800 3140 hoc
820 3112 1038 3149 argumento
1059 3103 1212 3140 licenter
1231 3105 1287 3142 ni-

233 3161 302 3198 mis
326 3162 361 3195 δε
387 3156 618 3204 impudenter
646 3155 772 3191 lusum.
824 3153 1011 3189 Laudatur
1040 3165 1057 3189 a
1089 3153 1199 3190 Suida
1219 3155 1287 3192 Pa-

233 3212 330 3249 Xaml'
351 3208 644 3250 ssoessiuzrewi,
664 3207 698 3241 in
723 3203 933 3253 quOllellO
952 3205 977 3240 is
995 3214 1108 3251 egerit
1131 3205 1209 3249 περῖ
1230 3204 1287 3241 αἷ-

231 3265 325 3308 χρῶυ
342 3262 554 3306 σχημάτων.
588 3258 732 3294 timus.
759 3256 880 3294 Barth.
898 3254 1000 3295 Adv.
1018 3265 1166 3303 Κωζαι).
1187 3269 1221 3305 ς.
1248 3258 1287 3296 in

234 3326 310 3353 uno
330 3312 458 3351 codice
481 3310 641 3358 reppetit
656 3335 668 3354 ‚

2281 846 2395 906 Nec

1400 986 1472 1019 Nec
1493 980 1554 1031 qui
1575 979 1773 1018 concubitus
1794 992 1862 1018 non
1883 988 1974 1020 tacet
1989 985 2088 1019 AEna
2105 983 2194 1029 suos.

1345 1043 1392 1082 de
1414 1044 1624 1082 Philaenide
1655 1045 1728 1082 vid.
1758 1045 1809 1083 ill.
1836 1044 1966 1094 scalig.
1997 1046 2040 1083 ad
2065 1047 2179 1084 Catal.
2212 1057 2291 1095 pag.
2310 1053 2397 1101 2035

1345 1095 1805 1152 Spanl1.deUsu&Praest
1841 1098 1944 1134 Num
1978 1107 2133 1136 toin.11.
2155 1110 2235 1148 pag.
2257 1111 2337 1147 522.
2358 1104 2397 1142 &

1350 1147 1517 1195 bpencer.
1539 1147 1584 1184 ad
1609 1146 1764 1194 Origen.
1787 1158 1915 1186 contra
1937 1149 2084 1186 Celsum
2107 1161 2187 1198 pag.
2204 1162 2260 1198 59.
2288 1152 2325 1189 &
2344 1151 2399 1191 A·-

1347 1199 1445 1235 then.
1478 1209 1621 1246 v111.3.
1648 1197 1781 1236 Euam.
2394 1196 2399 1202 ’

1399 1261 1485 1305 419.
1514 1249 1678 1300 mixte]
1702 1294 1706 1295 ⁷
1747 1252 1847 1285 Tecta
1873 1249 1982 1288 Palat.
2015 1250 2138 1288 Varie.
2168 1252 2207 1289 δε
2235 1252 2397 1296 Combii.

1337 1300 1467 1349 scripta
1493 1300 1639 1338 Lidens.
1656 1303 1739 1347 sum
1759 1314 1799 1338 ea
1816 1302 1961 1348 Junian.
1984 1302 2021 1338 ὃ(
2041 1302 2197 1340 tres-alii.

1397 1364 1483 1397 420.
1512 1351 1783 1402 Muneribusque
1803 1351 1982 1402 Ducum]
2033 1353 2284 1402 interpretor,
2313 1355 2396 1396 Dus

1348 1414 1406 1439 ces
1429 1415 1473 1440 ex
1499 1405 1698 1452 provinciis
1730 1404 1798 1440 hos
1813 1404 1922 1441 libros
1943 1404 2107 1441 Romam
2128 1403 2265 1450 tulisse,
2296 1408 2334 1445 &
2358 1408 2396 1448 in
2420 1408 2426 1415 ”

1346 1453 1505 1501 publicas
1530 1454 1771 1492 Bibliothecas
1801 1453 2005 1503 reposuiffe.
2028 1456 2088 1492 vid
2122 1457 2181 1493 lib.
2202 1469 2265 1494 111.
2289 1470 2302 1494 1
2336 1458 2395 1505 64.

1348 1505 1492 1543 Merula
1541 1505 1694 1554 exponit
1717 1534 1727 1551 ,
1775 1506 2063 1544 concedentibus
2099 1507 2398 1558 imperatoribus,
2423 1499 2428 1502 ⁷

1346 1567 1458 1606 quem
1483 1557 1643 1606 sequitur
1668 1557 1850 1603 Crispinus
1866 1585 1876 1602 ,
1903 1565 1942 1595 ut
1965 1557 2064 1595 solet.
2094 1556 2224 1596 Buitm.

1399 1621 1483 1653 422.
1513 1613 1557 1644 Et
1580 1608 1796 1658 Romenies.]
1848 1609 1911 1645 Hic
1932 1614 2108 1645 Romanus
2129 1612 2212 1655 Jun.
2236 1615 2290 1648 En
2311 1611 2398 1651 Moi

1347 1659 1429 1698 reti.
1450 1662 1486 1696 ὅ(
1518 1660 1566 1696 ita
1586 1660 1699 1698 edidit
1723 1659 1864 1708 Gryph.
1893 1659 2034 1708 Micyll.
2055 1660 2092 1695 ὃ(
2110 1660 2179 1697 alii.
2393 1651 2399 1659 ’
2420 1691 2422 1695 ,

1401 1723 1483 1756 424.
1512 1711 1647 1747 Ennius
1667 1710 1799 1759 ingenio
1817 1711 1996 1748 maximus
2009 1739 2019 1756 ,
2047 1722 2124 1748 arte
2144 1711 2284 1764 rudis.]
2315 1712 2399 1764 Lib‚'
2419 1727 2421 1731 ¹

1346 1774 1375 1799 1.
1396 1762 1529 1799 Amor.
1554 1761 1653 1810 Eleg.
1676 1773 1736 1799 xv.

1399 1824 1540 1861 Ennius
1560 1836 1636 1861 arte
1660 1838 1776 1862 carens
1790 1852 1800 1870 ,
1827 1823 2038 1872 animosique
2063 1825 2187 1862 Attius
2205 1826 2295 1874 oris,

1448 1877 1625 1925 Casurum
1643 1876 1738 1913 nullo
1761 1886 1906 1925 tempore
1927 1889 2050 1912 nomen
2068 1875 2208 1915 lmbent.

1348 1938 1433 1978 Fuit
1466 1944 1516 1990 Q.
1541 1943 1681 1980 Ennius
1713 1942 1855 1980 Rudius
1878 1969 1889 1987 ,
1925 1941 2030 1991 quod
2060 1943 2241 1991 oppidum
2265 1944 2335 1984 fuit
2360 1946 2401 1988 in

1349 1990 1525 2031 Calabria.
1557 1994 1661 2031 Silius
1684 1994 1743 2030 lib.
1768 2005 1839 2031 xxi.

1713 2060 1844 2095 Rudiae
1861 2073 2004 2107 genuere
2025 2059 2201 2106 vetustae,

1404 2114 1511 2145 Nunc
1532 2109 1665 2146 Rudiae
1675 2110 1747 2158 solo
1767 2123 1889 2147 nomen
1910 2110 2130 2148 memorabile
2149 2111 2304 2151 alumno.

1346 2171 1558 2229 Persecutus
1578 2176 1621 2211 ess
1643 2177 1805 2213 carmine
1823 2177 1977 2214 heroico
2000 2176 2160 2224 primum
2181 2176 2316 2215 bellum
2328 2176 2400 2217 Pu:

1347 2235 1497 2261 mcum:
1530 2226 1625 2262 adeo
1657 2227 1758 2262 hunc
1786 2227 1914 2263 dilexit
1944 2227 2066 2273 Scipio
2089 2225 2311 2271 Africanus,
2337 2228 2399 2274 ille

1347 2274 1508 2323 superior
1523 2303 1532 2320 ,
1546 2277 1672 2324 utejus
1693 2276 1852 2323 effigiem
1875 2279 1911 2313 in
1932 2278 2015 2314 suae
2034 2286 2150 2324 gentis
2171 2289 2399 2318 monumen-

1344 2327 1388 2363 tis
1411 2328 1584 2364 collocari
1606 2327 1773 2363 voluerit.
1806 2327 1969 2364 Valerius
1990 2329 2046 2364 lib.
2070 2339 2139 2364 xxx.
2170 2340 2247 2376 cap.
2276 2341 2330 2378 15.
2357 2331 2398 2370 δε

1345 2376 1490 2415 Solinus
1519 2390 1595 2424 cap.
1628 2390 1699 2415 vii.
1731 2379 1831 2427 quod
1863 2378 2074 2426 significavit
2096 2379 2206 2415 etiim
2235 2378 2296 2417 hic
2315 2380 2398 2418 No-

1342 2428 1562 2466 sterlib.iii.
1595 2429 1653 2466 De
1676 2431 1786 2474 Arte,
1818 2429 2061 2472 hisveriious,
2092 2428 2398 2481 'aParrhafiopriq

1344 2490 1448 2516 muni
1474 2480 1696 2517 emendatis:

1395 2548 1532 2583 Ennius
1551 2549 1696 2584 emeruit
1718 2547 1881 2586 Calabris
1898 2549 1936 2585 in
1957 2549 2131 2586 montibus
2149 2559 2266 2596 ortus,

1450 2601 1645 2647 contiguus
1658 2602 1738 2648 poni
1756 2601 1858 2647 Scipio
1880 2613 2003 2648 magne
2024 2601 2098 2637 tibi.

1345 2661 1474 2699 Livius
1494 2663 1541 2699 lib
1573 2675 1721 2700 xxxixx.
1764 2668 1808 2699 Et
1841 2670 1990 2708 Romae,
2021 2666 2162 2713 inquit,
2190 2676 2292 2703 extra
2312 2668 2394 2704 Por}

1343 2722 1419 2747 tam
1442 2718 1616 2760 Capenam
1637 2715 1674 2749 in
1711 2714 1897 2761 Scipionum
1926 2726 2147 2752 monumento
2166 2726 2232 2752 tres
2258 2717 2392 2762 statuae

1338 2765 1423 2809 sunt
1439 2779 1449 2798 :
1477 2778 1627 2814 quarum
1649 2766 1736 2800 duae
1758 2771 1795 2801 P.
1812 2778 1854 2804 <5⁶
1867 2772 1904 2802 L.
1924 2765 2114 2814 Scipionum
2136 2767 2303 2804 dicuntur
2321 2767 2390 2816 effe.-

1343 2824 1447 2849 tcrtia
1465 2818 1583 2903 ptietae
1602 2819 1651 2864 Q
1669 2815 1787 2852 Ennii.
1818 2817 1931 2854 (2105.
1959 2820 2050 2853 Arte
2062 2829 2178 2854 carens
2193 2818 2390 2867 Gottorph·
2418 2850 2420 2853 .

1339 2873 1454 2912 potens
1474 2879 1491 2902 a
1512 2879 1573 2904 .uS.

1374 2930 1477 2982 ⁸426.
1506 2930 1782 2978 Caussarumque
1802 2928 1969 2978 triplexi]
2025 2930 2067 2967 In
2094 2931 2257 2979 quodam
2287 2938 2390 2969 vetu·
2413 2920 2419 2925 .

1342 2976 1492 3033 stiffiino
1516 2982 1645 3016 codice
1667 2981 1736 3027 lagi
1760 2992 1836 3016 non
1866 2982 2062 3027 Causarum
2079 3009 2089 3026 ,
2118 2983 2176 3019 sed
2195 2985 2388 3031 Casurum.-

1344 3036 1383 3064 ut
1405 3028 1500 3066 dicat
1515 3031 1630 3067 Po'e'ta
1652 3031 1864 3067 Lucretium
1889 3030 2078 3076 cecinisse,
2108 3033 2305 3081 quomodo
2324 3032 2389 3070 tria

1343 3078 1550 3123 clementa,
1580 3093 1680 3118 mare
1703 3082 1858 3125 inim-t,
1888 3083 2059 3126 coelum,
2088 3095 2130 3120 ac
2155 3094 2248 3122 terra
2269 3081 2390 3121 interi·

1342 3137 1421 3167 tura
1443 3130 1533 3168 sunt.
1562 3133 1662 3180 quod
1686 3134 1778 3169 libro
1799 3136 1931 3181 quinto
1955 3134 2002 3168 ita
2023 3134 2177 3171 cecinit:
2386 3124 2390 3129 ’

1393 3197 1565 3246 Principio
1588 3212 1703 3234 maria
1716 3226 1724 3241 ‚
1755 3209 1798 3236 (φ’
1818 3206 1949 3240 terras,
1979 3197 2172 3248 coelumque
2192 3211 2307 3243 tuere,

1391 3251 1551 3297 {Quorum
1575 3262 1744 3284 >caturam
1765 3247 1932 3294 triplicem
1949 3277 1958 3291 ‚
1974 3253 2043 3285 tria
2058 3263 2205 3299 corpora,
2230 3246 2390 3294 Memmii

1389 3300 1467 3352 {fris
1476 3301 1595 3351 species
1613 3311 1690 3352 tam
1702 3297 1887 3348 diffimileis
1899 3326 1911 3346 ,
1930 3300 2001 3338 tria
2023 3300 2113 3339 talia
2133 3312 2230 3340 texta
2243 3329 2256 3349 ,

2318 3354 2392 3386 Una
