2495 3675
409 176 971 237 EPISTOLARUM
1009 175 1118 233 EX
1156 175 1440 234 PONTO.
1479 177 1601 233 Lm.
1641 176 1951 237 IV.·E1’181.
1989 173 2131 237 XIII.

2221 179 2352 256 8899

465 279 586 337 Esse
612 282 792 354 parem
822 282 1020 335 virtute
1045 279 1209 352 patri,
1249 281 1342 353 qui
1368 279 1519 335 frena
1548 280 1761 336 coaetus

545 354 712 427 Saepe
741 354 962 409 recusati
987 353 1190 423 ceperit
1216 353 1441 424 imperii.

474 425 596 481 Effe
620 427 934 499 pudicarum
960 432 1014 479 te
1038 424 1253 480 Vestam
1270 464 1284 488 ‚
1322 425 1475 480 Livia
1492 465 1505 489 ,
1545 428 1804 490 matrum,

327 520 399 566 30

548 499 879 571 Ambiguum
904 504 1031 552 nato
1057 498 1296 568 dignior,
1336 515 1471 551 anne
1498 499 1632 552 viro,

472 570 593 627 Effe
621 572 756 626 duos
780 588 1030 642 JuveneS,
1067 569 1215 625 firma
1239 570 1542 641 adjumenta
1567 571 1822 627 Parentis,

548 643 662 717 Qui
687 643 936 699 dederint
964 643 1124 698 animi
1151 645 1374 715 pignora
1399 657 1553 698 certa·
1569 644 1660 699 sui.

477 715 637 772 Haec
663 717 753 770 ubi
778 734 885 771 non
912 716 1080 788 patria
1107 717 1307 788 perlegi
1332 716 1522 788 scripta
1548 716 1788 772 Camena
1803 753 1821 781 ,

554 789 720 845 Venit
748 789 804 843 &
832 789 898 844 ad
925 789 1126 861 digitos
1152 790 1338 844 ultima
1362 789 1546 844 charta
1571 807 1753 852 meos;

334 879 400 932 35
475 861 546 917 Et
569 874 730 934 caput
755 863 809 916 &
836 863 1012 934 plenas
1040 879 1232 916 omnes·
1251 865 1472 917 movere
1495 863 1793 934 pharetraS,

550 934 622 988 Et
649 936 872 1004 longum
895 933 1099 987 Getico
1124 952 1367 990 murmur
1393 936 1446 989 in
1472 953 1567 990 ore
1592 935 1707 990 fuit.

477 1009 662 1078 Atque
689 1007 873 1077 aliquis
890 1044 906 1070 ‚
949 1006 1153 1061 Scribas
1179 1008 1306 1062 haec
1335 1026 1458 1063 cum
1486 1009 1555 1063 de
1580 1008 1802 1064 Caesare
1822 1044 1837 1072 ,
1879 1006 2047 1076 dixit3

550 1079 787 1135 Caesaris
811 1081 1038 1151 imperio
1062 1079 1418 1136 restituendus
1448 1100 1576 1137 eras.

474 1151 564 1207 Ille
588 1152 810 1225 quidem
835 1153 1000 1218 dixit,
1037 1153 1127 1208 sed
1152 1154 1393 1222 mejam,
1430 1153 1598 1218 Care,
1635 1154 1793 1208 nivali

333 1241 406 1294 40

554 1227 714 1280 Sexta
741 1227 1034 1297 relegatum
1058 1225 1243 1280 bruma
1267 1226 1359 1281 sub
1383 1244 1482 1281 axe
1508 1228 1673 1281 videt.

481 1298 734 1354 Carmina
760 1299 829 1353 nil
858 1298 1092 1369 prosunt.
1131 1313 1433 1354 nocuerunt
1461 1301 1697 1354 carmina
1722 1299 2040 1371 quondam:-

545 1372 828 1444 Primaque
853 1385 961 1426 tam
988 1372 1206 1426 miserae
1230 1372 1398 1426 caussa
1424 1373 1576 1427 fuere
1599 1373 1772 1442 fugae.

482 1446 559 1500 At
586 1458 644 1499 tu
669 1461 761 1516 per
790 1444 945 1498 studii
972 1445 1277 1500 communia
1303 1444 1524 1500 foedera
1547 1446 1723 1509 sacri,·

554 1517 657 1572 Per
683 1535 792 1572 non
817 1518 919 1571 vile
948 1517 1041 1571 tibi
1070 1535 1269 1572 nomen
1293 1519 1585 1581 amicitiae3

340 1605 406 1658 45
476 1589 563 1644 Sic
589 1603 747 1661 capto
773 1589 940 1644 Latiis
968 1589 1324 1646 Germanicus
1351 1591 1498 1646 hoste
1524 1591 1754 1656 cateniS‚

551 1662 840 1717 Materiam
862 1662 1042 1716 vestris
1065 1663 1269 1717 adferat
1294 1664 1548 1735 inge-nii83

477 1736 566 1790 Sic
591 1736 795 1790 valeant
822 1736 1002 1807 pueri,
1041 1749 1228 1790 votum
1255 1754 1543 1791 commune
1567 1737 1845 1801 Deorum3

553 1808 708 1878 Quos
734 1809 841 1862 laus
866 1808 1176 1862 formandos
1201 1808 1276 1862 est
1298 1809 1394 1861 tibi
1420 1826 1606 1879 magna
1633 1808 1788 1861 datos
1810 1831 1826 1867 3

480 1881 695 1953 Quanta
720 1893 873 1951 potes
898 1880 1092 1951 praebe
1122 1880 1328 1933 nostrae
1355 1896 1627 1934 momenta
1651 1879 1847 1934 salutiz-

337 1971 406 2024 50

251 2220 311 2264 44.
339 2222 404 2255 Per
429 2229 497 2254 non
517 2215 589 2254 vile
609 2215 712 2267 tibi]
750 2223 881 2266 Perque
899 2215 964 2254 tibi
984 2217 1125 2266 sacrum
1148 2216 1238 2255 Μοὲ

205 2277 284 2306 retr.
1195 2277 1198 2279 ’

255 2318 317 2363 46.
346 2317 539 2354 Materiam
566 2316 687 2365 vestris
708 2316 870 2365 praebeat
902 2317 1083 2367 ingeniis.]
1138 2318 1237 2363 Alii,

207 2368 336 2409 nostris.
358 2368 478 2414 afferat
497 2368 606 2404 etiam
631 2368 810 2416 plerique.
840 2368 935 2405 Puto
951 2397 960 2413 ,
991 2369 1120 2417 offerat.
1142 2377 1239 2406 certe

199 2417 322 2468 praebe
352 2429 442 2454 mox
470 2417 643 2464 sequitur.
669 2418 810 2464 adferat
838 2419 948 2455 etiam
979 2419 1098 2456 codex
1132 2419 1242 2457 Scali-

205 2470 293 2516 geri.
322 2468 420 2504 Vide
444 2467 561 2504 Notas
581 2468 625 2505 ad
650 2468 756 2516 Epist.
779 2481 836 2505 xx.
864 2469 917 2510 fils.
945 2479 1028 2513 104.
1058 2470 1204 2507 Hzms.

259 2528 323 2565 47.
353 2524 474 2554 Votum
506 2530 682 2554 commune
712 2519 898 2567 duonum]
954 2525 1106 2557 Deorum
1136 2521 1241 2558 multi

206 2578 361 2608 veteres,
391 2568 501 2605 Forte
521 2595 530 2610 ,
560 2572 714 2615 [uorum.
743 2569 792 2607 fic
812 2570 906 2618 apud
937 2570 1067 2619 Virgil.
1096 2576 1124 2606 Ο
1146 2571 1243 2608 decus

209 2632 307 2656 omne
323 2619 402 2655 tuis.
431 2619 574 2655 Herus.

205 2715 213 2719 ,
258 2668 324 2718 48.
350 2668 442 2719 Quis
472 2669 549 2708 laus
573 2671 773 2718 formandis
801 2670 844 2720 est
871 2671 935 2711 tibi
954 2684 1082 2722 magna
1104 2672 1242 2725 datia]

553 1953 706 2023 Quae
735 1953 826 2007 nisi
853 1965 1062 2007 mutato
1090 1953 1228 2006 nulla
1253 1952 1430 2006 futura
1454 1953 1576 2006 loco
1603 1952 1691 2008 est.

2206 2078 2333 2134 Em:

1295 2215 1337 2254 In
1358 2216 1551 2255 PataVIno.
1588 2217 1684 2264 §Quos
1712 2216 1788 2254 laus
1820 2217 2021 2260 formandos
2053 2215 2097 2265 est
2118 2214 2185 2253 ribi
2204 2229 2336 2265 magna

1295 2269 1405 2305 datos.
1433 2268 1546 2306 Carus
1568 2267 1684 2305 Poeta
1704 2268 1820 2305 filium
1836 2268 2076 2312 Germanici,
2106 2268 2239 2316 Cajum
2257 2268 2333 2304 Im-

1294 2328 1500 2366 peratorem
1517 2347 1526 2363 ‚
1555 2319 1676 2366 postea
1697 2318 1835 2356 dietum
1857 2320 2058 2368 Caligulam
2076 2346 2085 2362 ,
2116 2320 2152 2354 ὃ(
2172 2317 2333 2355 Drusum

1294 2368 1454 2407 instituit.
1482 2369 1646 2406 Fanum.
1700 2369 1752 2406 Ita
1776 2372 1812 2407 ὅ(
1838 2371 1926 2407 Mss.
1955 2369 2088 2406 Bersm.
2111 2370 2148 2405 ὃ(
2180 2369 2334 2406 Moreti.

1297 2432 1379 2469 quos
1402 2420 1476 2457 laus
1492 2419 1697 2468 formandos
1719 2419 1762 2467 est
1790 2420 1856 2458 tibi
1883 2433 2011 2470 magna
2028 2419 2108 2455 duos
2131 2419 2170 2455 P.
2197 2419 2291 2456 Dan.
2309 2430 2334 2457 a

1296 2482 1346 2507 m.
1370 2482 1395 2508 s.
1416 2472 1453 2508 &
1477 2471 1583 2508 Leid.

1345 2531 1407 2570 49.
1436 2523 1585 2570 Quanta
1605 2530 1693 2568 potes
1719 2521 1840 2570 praebe
1868 2521 1997 2568 nostrae
2027 2529 2253 2556 monumenta
2274 2520 2333 2564 [ct-⁰

1296 2570 1401 2620 lanz]
1452 2572 1567 2609 Rec‘te
1597 2572 1752 2619 Scaliger
1776 2601 1785 2616 ,
1823 2583 1997 2609 momenta
2026 2570 2253 2608 emendabat.
2280 2570 2335 2608 D,

1299 2621 1443 2659 Herus.
1491 2622 1543 2659 Ita
1575 2622 1744 2659 Vatican.
1771 2634 1862 2660 unus
1885 2650 1894 2666 ,
1917 2624 1955 2662 &
1985 2623 2156 2661 Gronov.
2177 2620 2220 2660 ad
2246 2621 2334 2670 Liri

1297 2683 1399 2713 xxxx.
1425 2672 1480 2714 18.
1502 2672 1634 2724 praesta
1658 2684 1749 2714 unus
1771 2673 1925 2723 Heinsm¹

1556 3373 1734 3416 Vvvvv
2211 3368 2243 3414 ξς
2271 3363 2337 3411 Nil
