2495 3675
229 297 324 394 P.
443 295 1117 405 OVIDII

2150 144 2250 197 749

1234 295 2081 409 NASONIS

399 531 1923 676 EPISTOLARUM

85 788 235 964 Ε
344 788 560 964 X
802 791 940 964 P
1083 790 1276 964 O
1399 795 1590 967 N
1739 796 1914 970 T
2028 792 2222 969 O

624 1032 1410 1117 LIBER

1575 995 1681 1117 11.

848 1240 1330 1308 EPISTOLA
1425 1243 1472 1306 Ι.

469 1388 497 1413 “
547 1391 1290 1477 GERMANICO
1358 1397 1839 1478 CAESARI.

372 1563 601 1702 HUC
623 1582 844 1638 quoque
871 1567 1114 1623 Caesarei
1141 1569 1384 1637 pervenit
1412 1570 1546 1624 sama
1575 1569 1858 1639 triumphi,

592 1638 871 1708 Languida
902 1657 1011 1713 quo
1039 1639 1154 1694 feffi
1181 1643 1272 1696 vix
1300 1643 1445 1696 venit
1473 1660 1594 1696 aura
1621 1643 1767 1694 Noti.

372 1711 465 1765 Nil
488 1711 604 1764 fore
633 1711 790 1764 dulce
819 1713 945 1766 mihi
970 1712 1218 1783 Scythica
1241 1715 1463 1785 regione
1490 1714 1687 1785 putavi.
1764 1728 1768 1732 ·

430 1782 549 1854 Jam
578 1785 750 1838 minus
774 1783 859 1838 hic
885 1785 1016 1840 odio
1041 1784 1115 1840 est
1132 1827 1144 1847 ,

142 1992 165 2014 *
191 1989 430 2042 Germanica]
459 1993 647 2032 Graecino
669 1992 866 2032 inscribitur
878 1995 970 2032 haec
982 1995 1126 2043 Episto-

89 2040 124 2080 la
147 2043 184 2081 in
210 2044 350 2082 Moreti
370 2044 513 2082 codice.
539 2044 579 2081 de
601 2042 787 2092 Triumphe
808 2046 964 2092 Caesaris
987 2046 1126 2084 Medic.

92 2093 132 2130 δε
158 2094 312 2142 Argent-

144 2154 176 2181 1.
205 2151 281 2181 Huc
302 2158 433 2195 quoque
454 2143 553 2193 oc]
594 2144 761 2192 Disputat
780 2145 854 2183 hoc
874 2146 961 2184 loco
982 2147 1127 2184 Merula

90 2191 137 2230 de
155 2193 349 2232 Tiberiine
369 2196 548 2232 ovatione
570 2221 580 2237 ,
617 2207 661 2231 an
685 2194 729 2231 de
761 2195 975 2234 Germanici
997 2198 1128 2234 trium-

89 2243 187 2290 pho,
219 2244 346 2293 Elegia
367 2245 458 2281 haec
480 2244 714 2292 intelligenda
732 2243 787 2281 fit.
825 2246 939 2295 Cujus
964 2248 1013 2284 rei
1039 2248 1126 2284 faci—

89 2293 130 2331 lis
153 2294 350 2342 explicatio
381 2294 456 2338 est,
482 2293 508 2331 fi
533 2293 577 2331 ad
603 2295 674 2341 ipsa
696 2302 866 2343 tempora
897 2296 1126 2345 respiciatur,

89 2343 219 2393 quibus
247 2345 305 2382 vel
333 2346 425 2383 haec
453 2344 579 2392 scripta
608 2345 688 2382 sunt
712 2371 722 2388 ,
766 2346 827 2383 vel
859 2347 1005 2384 illorum
1040 2348 1127 2386 alter

87 2394 354 2442 triumphavit,
373 2396 462 2433 alter
478 2406 593 2432 ovans
613 2395 738 2432 urbem
753 2396 924 2444 ingressus
946 2398 1005 2435 est.
1034 2398 1126 2436 Scri·

88 2443 157 2493 psit
178 2446 277 2482 enim
301 2446 391 2483 haec
412 2445 571 2482 Ovidius
591 2446 764 2491 proximo
785 2455 870 2484 ante
890 2447 1031 2486 obitum
1049 2449 1126 2486 Au·

90 2495 179 2543 gusti
201 2507 325 2540 annot,
354 2507 437 2532 cum
456 2496 535 2544 jam
561 2495 843 2542 quadriennium
860 2499 895 2535 in
911 2499 1031 2537 Ponto
1044 2499 1130 2536 fuis·

88 2546 153 2583 set.
180 2546 353 2583 Tiberius
382 2554 504 2583 autern
539 2547 668 2583 ovavit
687 2548 862 2593 proximo
881 2548 959 2595 post
989 2549 1130 2587 cladem

88 2595 290 2633 Varianam
304 2607 402 2634 anno
417 2623 428 2640 ,
453 2596 564 2632 tertio
576 2604 658 2633 ante
678 2608 790 2646 quam
810 2599 901 2636 haec
923 2599 968 2636 ab
989 2600 1135 2638 Ovidio

91 2645 337 2684 scriberentur.
379 2647 416 2684 id
446 2646 549 2694 quod
571 2657 614 2683 ex
637 2646 817 2686 Suetonio
838 2658 1006 2697 apparet,
1030 2651 1132 2698 cujus

92 2697 184 2734 haec
204 2698 284 2734 sunt
305 2697 415 2734 verba
427 2707 593 2744 cap-xvi.
621 2697 684 2733 Sed
705 2699 874 2735 nunciata
896 2698 1025 2748 Illyrici
1043 2701 1132 2747 defe-

94 2746 199 2783 ctione
217 2746 356 2796 transiit
368 2747 416 2783 ad
425 2759 544 2782 curam
558 2747 641 2782 novi
660 2746 762 2792 belli,
782 2750 872 2797 quod
889 2750 1132 2799 graviffimum

94 2799 251 2833 omnium
271 2809 490 2835 externorum
507 2797 669 2833 bellorum
683 2825 694 2841 ,
718 2799 786 2846 post
813 2801 970 2845 Punica,
987 2801 1051 2850 *per
1075 2813 1131 2850 15.

48 2868 53 2870 -
95 2847 256 2896 legiones,
284 2856 469 2898 paremque
491 2847 703 2884 auxiliorum
730 2849 859 2896 copiam
881 2850 1028 2888 triennio
1059 2854 1129 2900 ges-

89 2897 158 2946 sit,
187 2910 257 2937 wc.
286 2900 322 2936 &
344 2911 434 2935 mox
450 2903 524 2935 :At
538 2900 813 2947 perseverantiae
831 2901 961 2949 grande
976 2903 1128 2950 pretium

96 2949 202 2992 tulit,
230 2959 297 2986 toto
329 2948 461 2997 Illyrico
484 2977 494 2993 ‚
522 2949 612 2999 quod
635 2949 733 2986 intra
754 2950 899 2988 Italiam
921 2964 1131 3000 regnumque

95 3000 261 3036 Noricum
296 3010 338 3038 ω’
359 3000 570 3042 Thraciam,
598 3010 641 3038 <9-
665 3001 909 3038 Macedoniam
930 3030 941 3046 ,
976 3003 1132 3052 interque

95 3050 303 3085 Danul-ium
333 3049 462 3095 flumen
484 3059 526 3089 (9·
546 3048 666 3098 finum
687 3051 796 3088 maris
816 3052 997 3090 Adriatici
1013 3063 1108 3102 patet
1123 3081 1134 3098 ,

90 3101 275 3148 perdomito
288 3112 329 3139 <9⁶
349 3100 386 3136 in
405 3101 569 3137 ditionem
592 3100 748 3146 redaeto,
774 3102 828 3138 cui
839 3102 969 3149 gloriae
987 3104 1134 3154 amplior

92 3150 205 3186 adhuc
229 3164 270 3186 ex
291 3152 538 3198 opportunitate
566 3151 723 3187 cumulus
758 3151 898 3202 accessit.
944 3159 1039 3190 Nam
1070 3154 1133 3201 sub

21 3213 32 3237 r
88 3198 177 3236 idem
200 3202 268 3243 fere
289 3211 418 3248 tempus
440 3201 641 3249 {Quintilius
665 3208 775 3239 Varus
804 3216 882 3239 cum
904 3204 1013 3240 tribus
1035 3205 1133 3252 legio-

84 3250 184 3287 nibus
203 3251 241 3287 in
263 3251 452 3288 Germania
476 3252 576 3301 periit
597 3279 607 3298 ,
642 3253 777 3291 nemine
796 3253 977 3293 dubitante
991 3283 1001 3301 ‚
1032 3256 1117 3300 quin

253 3307 346 3338 Tam.
376 3306 440 3338 ΙΙΙ.

1184 1803 1343 1859 quam
1366 1787 1466 1840 fuit
1489 1800 1609 1841 ante
1622 1825 1638 1849 ‚
1674 1786 1837 1843 locus,
2082 1863 2141 1920 Τ

2142 1883 2232 1922 an-

1182 1996 1326 2032 victores
1347 1996 1516 2033 Germani
1527 1997 1688 2044 june'luri
1701 1997 1739 2045 se
1764 1998 1955 2036 Pannoniis
1972 2000 2136 2048 fuerint,
2162 2003 2229 2052 m‘ss

1183 2045 1391 2083 debellatum
1412 2047 1507 2095 prius
1527 2046 1706 2095 Illyricum
1731 2048 1817 2096 effer,
1844 2052 1944 2098 Qas
1965 2050 2002 2086 ob
2022 2064 2072 2088 res
2098 2054 2229 2091 trium·
2277 2056 2280 2058 ⁷

1179 2097 1267 2144 phus
1288 2097 1317 2132 ei
1339 2096 1491 2132 decretus
1510 2096 1573 2142 est,
1601 2097 1772 2147 multique
1791 2099 1963 2148 &magni
1977 2100 2117 2140 honores
2131 2132 2140 2147 ,
2153 2116 2229 2144 (φτ.

1185 2148 1232 2184 Et
1254 2145 1369 2183 rursus
1391 2147 1643 2195 :Triumphum
1663 2149 1726 2195 ipse
1750 2149 1883 2195 distulit
1897 2178 1908 2194 ,
1930 2152 2051 2190 moesia
2078 2154 2227 2192 civitate

1185 2196 1280 2232 clade
1297 2197 1460 2233 Variana.
1507 2196 1748 2235 Nihilominus
1776 2200 1895 2237 urbem
1920 2211 2162 2250 praetextatus
2183 2215 2230 2245 ο·

1185 2246 1305 2284 laurea
1323 2257 1502 2283 coronatus
1525 2247 1704 2292 intravit,
1730 2261 1803 2289 wc.
1835 2252 1934 2289 Hinc
1953 2252 2072 2290 addit:
2104 2256 2231 2292 Proxi-

1185 2311 1239 2333 mo
1269 2310 1360 2334 anno
1393 2298 1536 2346 repetita
1566 2298 1758 2336 Germania
1780 2328 1790 2344 ‚
1828 2314 1905 2338 cum
1928 2305 2226 2341 animadverteret

1187 2348 1378 2384 Varianam
1400 2347 1531 2385 cladem
1551 2349 1745 2387 temeritate
1767 2362 1812 2391 ω’
1830 2352 2033 2400 negligentia
2053 2353 2148 2391 ducis
2167 2367 2229 2391 ac-

1186 2398 1316 2446 cidisse,
1341 2397 1430 2435 nihil
1451 2411 1518 2434 non
1538 2399 1578 2435 de
1591 2398 1718 2448 constlii
1729 2403 1907 2449 sententia
1927 2403 1991 2450 egit
2004 2431 2014 2446 ‚
2042 2416 2102 2443 &c
2166 2406 2224 2444 Ex

1185 2450 1315 2496 quibus
1335 2449 1507 2498 omnibus
1529 2457 1650 2497 patet,
1677 2462 1799 2498 neque
1820 2453 1866 2489 de
1887 2452 2081 2491 Germanis
2100 2454 2224 2494 ovaffe

1186 2498 1384 2537 Tiberium
1408 2526 1419 2542 ‚
1462 2511 1584 2548 neque
1616 2502 1658 2537 ad
1693 2501 1945 2539 debellandam
1983 2502 2225 2544 Germaniam

1187 2557 1272 2587 ante
1293 2548 1501 2597 profed'mm
1532 2548 1656 2595 fuisse,
1683 2563 1792 2599 quarn
1820 2552 1896 2601 jam
1918 2551 2068 2591 ovaffet.
2098 2556 2227 2594 Relin-

1188 2600 1310 2648 quitur
1345 2610 1432 2647 ergo
1454 2627 1464 2644 ,
1500 2606 1539 2636 ut
1568 2599 1613 2637 de
1652 2602 1839 2650 triumpho
1881 2602 2028 2650 Illyrico
2058 2604 2226 2655 Elegiam

1188 2650 1283 2688 hanc
1303 2651 1546 2698 intelligamus
1560 2679 1570 2694 ,
1598 2652 1660 2699 qui
1688 2653 1820 2689 eodem
1841 2663 1939 2690 anno
1955 2681 1963 2696 ,
1992 2667 2068 2702 quo
2088 2656 2179 2694 haec
2202 2656 2224 2694 a

1189 2703 1301 2749 po'eta
1321 2700 1447 2748 scripta
1469 2700 1547 2738 sunt
1562 2702 1697 2749 ,gestus
1718 2704 1784 2739 fuit
1800 2731 1807 2743 .
1823 2705 1995 2750 proximo
2016 2704 2149 2744 scilicet
2160 2719 2227 2746 an·

1189 2759 1225 2788 te
1249 2759 1410 2788 mortem
1435 2751 1607 2798 Augusti:
1637 2753 1672 2789 id
1694 2753 1793 2801 quod
1818 2765 1860 2790 ex
1884 2754 2016 2792 eodem
2043 2756 2225 2797 Suetonio

1189 2801 1384 2850 colligitur.
1438 2802 1534 2838 Nam
1566 2801 1679 2839 statim
1705 2804 1780 2849 post
1801 2803 1981 2851 superiora
2003 2805 2056 2842 illa
2080 2806 2227 2856 subjun-

1185 2852 1257 2900 git:
1288 2856 1326 2887 A
1346 2851 1556 2893 Germania,
1589 2853 1756 2902 inquiens
1777 2882 1787 2898 .
1823 2855 1890 2903 post
1910 2854 2086 2892 biennium
2109 2873 2228 2897 rever·

1178 2903 1263 2951 sus,
1290 2901 1509 2950 triumphum
1524 2930 1533 2946 ,
1558 2916 1657 2953 quem
1677 2904 1851 2951 distulerat
1866 2934 1873 2948 ,
1902 2907 1967 2954 egit
1992 2934 2001 2949 ,
2030 2912 2229 2958 prosequen-

1187 2952 1279 2989 sibus
1298 2953 1404 2989 etiam
1429 2952 1545 3000 legatis
1569 2981 1579 2996 ‚
1614 2954 1737 3003 quibus
1764 2956 1991 3003 triumphalia
2021 2971 2228 2997 ornamenta

1188 3003 1415 3049 impetrarat,
1443 3015 1514 3043 wc.
1542 3003 1589 3041 Et
1610 3005 1745 3043 rursus:
1783 3009 1838 3042 Ac
1860 3020 1927 3043 non
1947 3007 2057 3044 multo
2075 3019 2139 3056 post
2161 3020 2227 3059 tege

1183 3063 1242 3103 per
1263 3053 1346 3108 Qff·
1364 3053 1440 3089 lata
1455 3081 1464 3097 ,
1492 3064 1531 3090 ut
1551 3056 1745 3099 provincias
1759 3069 1835 3092 cum
1855 3057 2000 3105 Augusto
2016 3060 2151 3107 pariter
2164 3062 2229 3097 ad-

1192 3103 1426 3148 ministraret,
1453 3102 1621 3154 simulque
1634 3110 1768 3153 censum
1793 3118 1926 3155 ageret,
1955 3108 2089 3145 condito
2112 3111 2229 3156 lustro,

1190 3155 1226 3190 in
1248 3153 1425 3202 Illyricum
1444 3155 1609 3203 profeHus
1628 3157 1680 3204 est.
1712 3157 1885 3203 utstatim
1915 3172 1957 3195 ex
1975 3159 2098 3195 itinere
2123 3174 2226 3196 revo-

1190 3214 1298 3240 catus.
1330 3205 1422 3250 Jam
1444 3206 1583 3253 quidem
1612 3208 1773 3255 affecflum
1789 3236 1798 3252 ,
1820 3209 1882 3257 Jed
1901 3219 2017 3245 tamen
2037 3210 2223 3257 spirantem

1191 3254 1305 3292 adhuc
1339 3255 1537 3303 Augustum
1561 3259 1681 3308 reperit
1705 3287 1716 3304 ,
1757 3260 1829 3298 &c.
1878 3260 2021 3307 Quibus
2042 3258 2229 3345 fimiliad&

1348 3306 1378 3343 C
1392 3317 1409 3343 c
1423 3319 1439 3344 c
1453 3318 1471 3344 c
1482 3318 1501 3344 c
2103 3318 2173 3355 apu
