2495 3675
367 171 925 233 EPISTOLARUM
963 171 1071 229 EX
1110 171 1392 229 PONTO.
1433 172 1553 230 Lm.
1590 176 1648 231 ΙΙ.
1701 177 1876 236 Emsr.
1916 179 2011 237 IX.

2150 197 2251 254 795

386 276 522 348 Quis
548 294 654 332 non
683 276 1010 348 Antiphaten
1027 275 1387 347 Laestrygona
1415 274 1684 330 devovet?
1726 292 1813 332 aut
1834 282 1949 351 quis

473 351 721 405 Munifici
746 367 920 402 mores
947 347 1210 419 improbat
1237 347 1483 401 Alcinoi?

388 421 515 477 Non
539 423 633 476 tibi
657 420 1007 476 Cassandreus
1033 434 1182 491 pater
1209 420 1309 481 est,
1345 420 1584 491 gentisve
1608 421 1903 485 Pheraeae3

465 496 644 566 Quive
674 506 1006 562 repertorem
1032 493 1224 545 torruit
1253 505 1365 545 arte
1397 493 1510 546 sua:

250 586 316 638 45
391 567 498 622 Sed
522 584 680 638 quam
710 566 889 620 Marte
915 564 1099 628 ferox,
1140 564 1194 616 δε
1219 565 1357 617 vinci
1382 565 1585 619 nescius
1615 567 1807 633 armiS,
1865 613 1867 615 .

469 639 611 694 Tam
633 654 923 710 numquam
946 635 1079 692 faeta
1106 653 1235 708 pace
1264 637 1466 691 cruoris
1494 655 1685 694 amans

106 900 215 940 cinne
245 903 352 952 possit
381 902 524 951 reponi.
559 897 811 939 Alexandrum
836 898 935 936 enirn
960 898 1141 936 Pheraeo-

105 963 186 990 rum
208 953 244 990 in
265 953 448 992 Thessalia
471 951 755 990 crudeliffimum
777 959 974 998 tyrannum
998 950 1139 994 innuit,

104 1013 217 1051 quem
241 1005 283 1041 ab
302 1017 417 1042 uxore
446 1002 578 1040 Thebe
611 1001 764 1050 ejusque
794 999 959 1037 fratribus
989 999 1140 1038 obtrun-

104 1061 228 1091 catum
258 1056 295 1092 in
326 1053 492 1093 cubiculo
520 1050 644 1094 fuisse,
668 1063 712 1089 ex
738 1051 990 1098 Xenophonte
1012 1052 1142 1098 partim

103 1103 236 1141 lib.vx.
253 1105 298 1142 de
320 1105 422 1143 rebus
443 1104 671 1141 Graecorum
685 1129 695 1146 ‚
718 1100 891 1139 Diodoro
915 1101 1037 1139 Siculo
1051 1129 1061 1146 ,
1083 1101 1145 1140 lib.

108 1165 187 1192 xvr‚
203 1155 449 1193 Bibliothecae
471 1182 482 1199 ,
509 1154 702 1192 Plutarcho
732 1163 775 1189 ac
797 1151 974 1189 Cornelio
995 1152 1146 1199 Nepote

107 1204 149 1241 in
167 1205 343 1254 Pelopida
367 1234 376 1250 ‚
415 1206 577 1242 Conone
610 1202 706 1252 apud
727 1203 898 1241 Photium
914 1231 924 1247 ,
950 1203 1080 1250 partim
1100 1215 1146 1241 ex

107 1254 319 1299 Cicerone,
347 1256 498 1294 Valerio
521 1255 692 1292 Maximo
716 1281 726 1298 ,
764 1254 861 1298 aliis,
889 1253 1072 1291 discimus.
1102 1264 1145 1292 ac

106 1304 185 1354 ejus
204 1307 254 1344 rei
278 1307 409 1344 Noster
430 1317 582 1355 quoque
600 1305 772 1343 meminit
792 1305 828 1341 in
851 1303 953 1342 Ibide
967 1331 977 1349 ‚
1008 1313 1095 1354 321.

156 1361 266 1408 Inque
285 1368 342 1393 tuo
365 1356 523 1394 thalamo
549 1356 621 1393 ritu
634 1354 789 1404 jugulere
803 1354 970 1400 Pheraei,

208 1408 283 1456 Qu'
302 1409 406 1445 datus
426 1408 467 1455 est
487 1406 576 1444 letho
598 1407 745 1456 conjugis
765 1407 837 1454 ense
849 1408 946 1455 suae.

105 1471 166 1510 De
178 1472 307 1521 insigni
319 1473 395 1522 ejus
411 1471 621 1510 crudelitate
639 1469 734 1519 apud
747 1470 976 1520 Polyaenum
989 1469 1082 1508 libro
1094 1483 1147 1510 vr.

106 1522 324 1571 Strategem.
343 1526 379 1561 ὅ(
398 1523 588 1561 AElianum
599 1521 712 1559 Varia
733 1521 891 1558 Historia
913 1520 970 1558 lib.
985 1533 1065 1558 xxv.
1086 1534 1146 1568 40.

105 1574 279 1612 nonnihil
299 1575 470 1611 occurrit.
488 1574 562 1611 Hic
578 1571 768 1620 Polydoro
790 1572 913 1615 fratri,
941 1572 1004 1619 qui
1022 1572 1143 1618 Jasoni

101 1622 303 1662 Pherarum
315 1634 473 1673 tyranno
485 1620 693 1662 successerat
707 1649 716 1662 .
736 1619 757 1658 ὲ
770 1621 860 1658 vivis
881 1633 943 1670 per
955 1633 1140 1660 venenum

100 1672 240 1712 sublato
267 1702 277 1719 ,
319 1685 471 1724 regnum
504 1672 633 1712 invafit
663 1674 798 1721 patriae
831 1671 893 1709 sub
925 1684 1062 1709 annum
1089 1685 1140 1711 iv.

102 1723 338 1774 Olympiadis
375 1734 446 1763 err.
474 1723 500 1762 fi
528 1723 735 1762 Eusebiano
767 1722 957 1760 Chronico
988 1722 1139 1760 creden-

98 1773 203 1813 dum.
242 1776 398 1814 Narrant
418 1777 531 1813 multa
551 1775 628 1824 ejus
659 1775 822 1811 facinora
845 1801 854 1815 ‚
883 1774 1012 1820 partim
1033 1774 1138 1811 forri-

99 1832 177 1870 ter,
203 1827 334 1874 partim
364 1826 557 1864 crudeliter
580 1833 782 1873 perpetrata
804 1851 815 1868 ,
842 1833 982 1872 praeter
1011 1824 1138 1862 aueto-

102 1886 159 1914 res
174 1877 252 1924 jam
281 1878 518 1921 nominatos,
546 1875 816 1913 Demosthenes
846 1883 972 1912 contra
1002 1875 1138 1913 Aristo-

99 1927 268 1975 gitonem
290 1953 301 1971 ,
335 1927 506 1977 Polybius
526 1926 619 1964 libro
639 1938 731 1964 viu.
758 1924 944 1963 Pausanias
964 1926 1000 1962 in
1024 1924 1140 1963 Baeo-

99 1977 181 2015 ticis
204 1989 246 2014 ac
269 1977 406 2016 Surdas.
432 1977 501 2015 Sed
521 1977 692 2014 omniurn
707 1975 888 2014 uberrime
904 2003 915 2020 ,
940 1976 1139 2023 quemjam

101 2028 314 2065 memoravi
337 2056 348 2072 ,
386 2030 423 2066 in
452 2027 627 2076 Pelopida
668 2026 890 2063 Plutarchus.
949 2025 1140 2072 Pelopidas

100 2077 202 2114 enim
228 2077 362 2116 directa
385 2078 551 2116 adversus
580 2076 831 2114 Alexandrum
855 2076 933 2113 acie
952 2076 1141 2122 occubuit,

99 2126 162 2165 sed
181 2127 312 2167 vietor.
339 2129 408 2166 fuit
435 2129 472 2166 &
492 2127 774 2176 Epaminondae
796 2138 849 2164 res
870 2137 953 2164 cum
978 2126 1140 2164 Alexan-

99 2175 168 2214 dro
186 2179 260 2215 hoc
279 2179 455 2216 Pheraeo.
501 2177 622 2215 Exstat
644 2177 832 2225 Speusippi
857 2205 867 2221 ‚
896 2185 935 2214 ut
971 2185 1140 2224 putatur,

99 2226 252 2275 epistola
284 2239 302 2264 a
329 2229 459 2265 Leone
482 2229 619 2265 Allatio
645 2230 739 2264 inter
757 2227 955 2264 Socraticas
977 2239 1136 2265 numero

98 2288 240 2315 xxvm.
258 2277 378 2323 edita,
406 2279 442 2315 in
464 2290 536 2326 qua
560 2278 703 2315 Isocrati
722 2276 913 2327 objicitur,
943 2277 1043 2326 quod
1056 2290 1137 2316 ora-

97 2328 245 2365 tlonem
264 2329 362 2365 illam
385 2356 395 2373 ,
429 2341 523 2377 quae
544 2328 742 2376 Philippica
772 2327 969 2365 inscribitur
989 2356 999 2372 ‚
1034 2328 1132 2365 Dio-

100 2376 209 2427 nyfio
232 2377 373 2415 Siciliae
400 2379 584 2428 Tyranno
604 2380 766 2426 primum
799 2380 968 2415 venalem
994 2379 1138 2416 obtule-

99 2429 170 2471 rit,
199 2427 400 2476 promiserit
428 2429 548 2477 postea
574 2429 660 2465 huic
693 2428 903 2465 Alexandro
940 2427 1137 2473 Thessalo;

103 2479 207 2527 quod
232 2479 352 2516 frustra
374 2480 467 2526 apud
488 2479 598 2517 alium
621 2478 830 2526 scriptorem
853 2490 1014 2527 quaeras.
1052 2480 1139 2517 Ale-

104 2530 243 2567 xander
261 2531 367 2577 igitur
387 2529 577 2567 Thessalus
592 2557 602 2573 ,
630 2529 667 2565 ὅ(
699 2528 898 2578 Dionysius
918 2529 1060 2567 Siciliae
1082 2539 1138 2580 ry-

102 2590 237 2617 rannus
257 2581 473 2625 coaetanei,
498 2581 601 2630 quod
620 2580 730 2616 eriam
752 2591 797 2617 ex
815 2579 1042 2628 scriptoribus
1057 2581 1135 2629 Jam

102 2632 320 2668 memoraris
339 2630 386 2667 est
404 2631 587 2679 colligere.
638 2630 739 2667 Hinc
762 2630 1001 2678 supplendus,
1029 2641 1139 2681 atque

101 2680 360 2728 intelligendus
381 2682 427 2719 est
448 2683 534 2728 lapis
555 2683 591 2719 in
612 2682 772 2728 Epochis
795 2682 943 2718 Graecis
974 2683 1141 2719 Arunde-

101 2729 191 2785 liani
212 2733 403 2769 marmoris
423 2761 432 2777 ,
471 2733 611 2780 Epoch.
636 2743 768 2768 rxxxv.
822 2732 901 2783 Ἀφ’
924 2727 942 2772 2}
962 2731 1140 2777 Ambo-1&-

108 2787 305 2829 Σικελῑῶπις
324 2791 543 2839 &ventumst-ev,
585 2792 598 2829 ὅ
619 2800 636 2841 5
659 2790 740 2833 vs&-
767 2787 944 2832 Ambra&
962 2787 1123 2838 irrupa'mv.

105 2859 161 2881 σε*
180 2874 190 2891 ⁷
220 2847 252 2896 ’9
273 2844 496 2898 Ἀλέξῖὲνδξῶ
525 2848 539 2883 ὂ
566 2844 714 2897 Φερθιιεὸς
739 2844 907 2891 βασιλεύει
951 2854 1048 2879 nunc
1072 2845 1138 2879 cii·-

103 2898 329 2941 curtiferum,
358 2903 428 2938 xa}
453 2903 528 2939 Ἀλε
587 2928 1002 2942 .......
1057 2899 1139 2939 λεύει

105 2964 202 3002 quae
219 2954 345 2991 lacuna
378 2967 413 2991 in
444 2966 602 2991 errorem
634 2953 775 2991 induxit
804 2955 921 2992 virum
953 2957 1137 2992 maximae

107 3005 322 3041 eruditionis
334 3005 540 3050 johannem
559 3005 753 3042 Seldenum
767 3031 776 3047 ‚
790 3015 829 3043 ut
845 3006 889 3042 de
904 3006 1112 3043 Alexandro
1127 3034 1137 3050 ,

109 3054 300 3101 Amyntae
328 3055 402 3092 lilio
420 3082 429 3098 ,
450 3057 539 3091 haec
560 3056 733 3103 capienda
754 3055 821 3092 esle
842 3057 1064 3103 opinaretur.
1091 3057 1137 3094 de

109 3104 242 3151 Jasone
261 3105 421 3142 Pheraeo
442 3106 525 3142 vide
549 3106 652 3142 Plinii
684 3105 899 3153 interpretes
921 3106 964 3143 ad
985 3107 1043 3144 lib.
1068 3120 1139 3144 vir.

107 3166 186 3201 cap.
205 3166 238 3191 1..
265 3156 363 3203 quod
384 3168 472 3194 vero
495 3158 691 3205 praemittit
713 3157 844 3194 Noster
861 3185 868 3198 ‚
885 3163 959 3193 Non
979 3158 1042 3194 tibi
1056 3159 1141 3205 Cas—

104 3205 260 3254 sandrus
287 3215 383 3251 pater
407 3207 449 3249 est
470 3235 479 3249 ‚
517 3219 704 3255 perperam
731 3209 774 3244 de
796 3207 992 3245 Cafl‘andro
1008 3237 1016 3250 ‚
1040 3209 1139 3256 Rege

108 3255 356 3292 Macedoniae
372 3283 381 3298 ‚
403 3256 694 3305 interpretantur.
724 3258 948 3306 Cassandreus
969 3260 1066 3295 enim
1090 3259 1140 3295 le-

111 3305 292 3354 gendum.
328 3307 525 3356 quomodo
559 3308 788 3349 Sarravianus
817 3309 942 3349 diserte
967 3336 984 3356 ,,
1007 3309 1140 3359 aliique

2124 766 2243 820 Ad-

1193 898 1362 936 nonnulli
1383 897 1530 938 codices
1549 911 1594 936 ex
1618 899 1900 950 castigatioribus
1919 929 1927 945 ‚
1958 910 1999 941 ut
2022 902 2066 941 de
2080 903 2240 952 Apollo-

1195 948 1862 1001 doro,CaffandriaeTyrannolonge
1885 955 2239 997 immaniiiimo‚in-

1197 1000 1401 1047 telligatur,
1429 1003 1493 1049 qui
1515 1002 1742 1048 Caffandreres
1774 1005 1926 1052 proinde
1956 1005 2082 1042 dietus.
2136 1006 2236 1043 Nam

1199 1049 1428 1088 Cassandriae
1447 1062 1645 1101 tyrannum
1669 1052 1792 1099 fuisse,
1823 1067 1865 1091 ex
1901 1055 2070 1092 Pausania
2104 1055 2240 1094 Melle-

1199 1102 1391 1139 niacorum
1410 1102 1469 1139 lib,
1491 1115 1543 1139 iv.
1571 1103 1760 1152 Polyaeno
1787 1134 1796 1149 ‚
1834 1109 1868 1142 ὃς
1891 1106 2051 1154 Prologo
2072 1106 2128 1143 lib.
2151 1118 2239 1146 xxv.

1200 1150 1322 1201 Trogi
1342 1153 1714 1202 Pompejidocemur.
1742 1155 1937 1193 Testantui·
1959 1156 1993 1193 id
2015 1157 2127 1204 ipsum
2143 1168 2240 1207 quo·

1201 1213 1274 1249 que
1303 1204 1480 1251 Excerpta
1512 1204 1670 1242 Diodori
1698 1205 1805 1243 Siculi
1834 1206 2021 1242 Valesiani
2055 1208 2241 1256 p.1g.3<6.

1201 1252 1380 1300 Epitome
1403 1255 1574 1301 Stephani
1597 1255 1784 1303 Byzantii:
1813 1255 2021 1310 Κκσοένδςεω,
2041 1260 2128 1299 πόλις
2147 1268 2233 1297 Μοι-

1199 1306 1357 1352 κεῗονίκς,
1384 1311 1457 1358 πρὶς
1478 1313 1521 1363 τῇ
1551 1311 1691 1364 Θςοῖκῃ,
1727 1314 1743 1353 2}
1765 1315 1840 1350 ποτὶ
1870 1312 2035 1350 Ποτίδαια,
2054 1312 2231 1363 λεγομᾚη,

1198 1362 1262 1402 λ’πὲ
1281 1363 1480 1418 Κατάνὸςε,
1507 1366 1534 1408 ἕξ
1554 1365 1770 1419 Ἀιτιπαίτξ8.
1801 1369 1814 1405 ὁ
1833 1372 1986 1410 πολίτης,
2013 1367 2231 1420 Καισανὲξεύς,

1202 1418 1381 1456 Meminit
1402 1420 1570 1457 saevitiae
1590 1423 1665 1469 ejus
1693 1422 1784 1458 inter
1818 1423 1906 1459 aiios
1928 1422 2136 1470 complures
2169 1422 2239 1460 AE-

1200 1467 1317 1506 lianus
1335 1469 1466 1507 Variae
1491 1470 1671 1509 Historiae
1699 1472 1790 1509 libro
1814 1484 1892 1508 κιν.
1913 1484 1989 1520 cap.
2008 1485 2067 1517 41.
2103 1474 2239 1517 mssmi·

1201 1527 1334 1556 nerunt
1354 1520 1393 1557 &
1411 1521 1589 1569 Excerpta
1612 1522 1769 1559 Diodori
1802 1522 1935 1567 Siculi,
1961 1533 2055 1567 quae
2075 1522 2235 1561 diximus

1203 1569 1274 1615 jam
1291 1596 1301 1613 ,
1330 1570 1519 1608 Valefiana
1540 1572 1596 1609 lib.
1622 1585 1714 1609 xxxx.
1738 1584 1815 1621 pag.
1838 1578 1921 1616 264.
1959 1573 2018 1610 De
2037 1584 2083 1610 eo
2107 1575 2238 1621 copio-

1201 1619 1236 1656 se
1260 1620 1462 1668 Polyaenus
1482 1621 1542 1658 lib.
1563 1634 1614 1660 vx.
1643 1622 1855 1671 Strategem.
1870 1624 1928 1661 ubi
1954 1625 2047 1660 inter
2069 1633 2230 1661 caetera:

1197 1671 1253 1717 ³190)
1276 1667 1439 1724 w'paw&
1470 1673 1590 1718 ἐγένετο
1620 1673 1862 1722 φονικώτατζῷυ
1894 1673 2044 1723 nx'vrmg,
2071 1674 2139 1712 ’ὅσ-ιι
2159 1674 2238 1726 παρ’

1186 1721 1334 1767 ἸΕᾶκησ-ιν
1368 1724 1387 1768 ἢ
1413 1726 1507 1777 πηροὶ
1525 1725 1702 1781 βκξῖοἶροις
1724 1727 1941 1780 ἔτυροίννητιιν,
1976 1729 2082 1766 initio
2110 1739 2235 1766 autem

1197 1781 1410 1817 narrationis
1431 1793 1497 1829 pro
1518 1778 1782 1827 Ἀπολλόδωρος
1804 1785 1818 1820 ὁ
1839 1784 2066 1829 Κασσάνδρου
2084 1785 2239 1823 scriben-

1195 1828 1308 1872 dum,
1338 1830 1353 1865 ὁ
1377 1831 1633 1874 Κασανδρεύς.
1683 1833 1797 1870 Hunc
1817 1833 1860 1870 ab
1884 1835 2080 1881 Antigono
2098 1863 2108 1880 ,
2131 1836 2235 1883 Rege

1196 1877 1896 1932 Macedoniae,oppreffum‚expugnata
1909 1884 2234 1927 Cassandria,idem

1195 1929 1402 1985 Polyaenus
1424 1932 1516 1969 libro
1540 1944 1591 1970 w.
1622 1933 1770 1982 copiose
1803 1943 1934 1972 narrat,
1989 1936 2047 1972 De
2071 1936 2239 1974 violenta

1196 1990 1273 2027 ejus
1296 1989 1417 2019 morte
1448 1994 1492 2019 ex
1513 1983 1691 2022 Plutarchi
1715 1984 1836 2021 libello
1865 1985 1910 2022 de
1934 1986 2031 2023 tarda
2058 1986 2129 2024 Dei
2151 1989 2234 2025 vin·

1196 2029 1291 2085 dicia
1310 2032 1426 2079 potest
1440 2032 1584 2081 colligi:
1607 2046 1676 2071 nec
1699 2033 1827 2071 dubito
1843 2061 1853 2077 ,
1880 2035 2052 2073 Nostrum
2082 2037 2118 2073 in
2136 2036 2234 2075 lbide

1196 2091 1244 2117 eo
1267 2081 1479 2131 respexisse,
1509 2083 1571 2120 etii
1591 2083 1676 2122 loco
1700 2084 1886 2133 insigniter
1905 2085 2129 2133 depravato:

1253 2151 1336 2184 Aut
1356 2158 1394 2183 ut
1418 2148 1602 2196 Cassandri
1620 2149 1779 2185 dominus
1799 2163 1866 2186 non
1893 2151 2009 2190 mitior
2026 2152 2083 2190 illo
2097 2180 2109 2198 ,

1298 2198 1440 2236 Saucius
1459 2199 1582 2248 ingesta
1602 2200 1846 2237 contumuleris
1870 2201 1987 2240 humo.

1194 2271 1394 2310 Herculem
1411 2301 1420 2318 ‚
1436 2273 1633 2310 Alexandri
1657 2275 1785 2323 Magni
1804 2274 1916 2313 filiurn
1936 2304 1946 2320 ‚
1959 2277 2162 2327 intelligunt
2175 2279 2231 2316 in·

1193 2330 1365 2369 terpretes
1388 2322 1407 2360 a
1442 2323 1639 2361 Cassandro
1661 2326 1910 2364 interfecstum.
1941 2328 2008 2364 Sed
2030 2332 2107 2376 quis
2133 2337 2232 2365 vete-

1194 2383 1274 2411 rum
1299 2374 1549 2412 crudelitatem
1567 2375 1718 2412 Herculi
1741 2387 1902 2424 unquam
1923 2377 2087 2425 objecit?
2117 2379 2232 2416 Priori

1195 2423 1299 2461 versu
1332 2424 1487 2462 multum
1526 2425 1665 2463 variant
1694 2426 1838 2463 codices
1868 2428 1995 2464 vetusti
2020 2456 2031 2472 ‚
2070 2439 2228 2474 quorum

1197 2475 1316 2522 major
1328 2486 1429 2522 pars,
1459 2474 1681 2523 Cassandrae.
1709 2477 1919 2524 Caffandrus
1938 2479 2117 2515 nonnulli.
2145 2480 2231 2526 Cas·

1188 2525 1330 2572 sandris
1344 2534 1528 2563 unus.tres
1543 2553 1553 2569 ‚
1576 2523 1788 2573 Caffandret'.
1807 2539 1900 2574 quos
1920 2528 2014 2564 inter
2032 2529 2068 2565 ὃ(
2091 2529 2232 2566 Moreti

1194 2575 1285 2612 liber
1325 2574 1404 2612 satis
1440 2576 1607 2624 antiquus
1629 2604 1637 2618 ‚
1686 2577 1749 2624 qui
1780 2588 1845 2624 pro
1878 2577 2013 2615 diversa
2044 2578 2227 2624 lectione,

1196 2625 1432 2672 Caffandreus.
1475 2625 1676 2674 Cassandm'
1703 2638 1852 2675 quoque
1876 2628 1963 2665 liber
1987 2629 2101 2674 Jureri
2126 2639 2230 2667 vetu-

1194 2675 1359 2713 stiliimus
1399 2685 1582 2723 praeterea
1596 2678 1758 2726 quinque
1770 2687 1832 2716 aur
1850 2677 1907 2716 sex
1929 2678 2234 2726 nostri‚domino„

1194 2737 1271 2764 non
1293 2726 1463 2763 dominus.
1494 2727 1635 2771 Scribe,

1243 2796 1323 2828 Aut
1344 2791 1571 2839 Cassandreae
1592 2791 1728 2828 domino
1751 2805 1818 2828 non
1839 2791 1955 2829 mitior
1975 2792 2068 2832 urbis

1294 2843 1433 2878 Saucius
1454 2842 1578 2890 ingesta
1600 2842 1843 2879 contumuleris
1862 2843 1975 2881 humo.

1194 2911 1418 2957 Quanquam
1448 2910 1546 2945 enirn
1581 2920 1624 2944 ex
1656 2907 1762 2954 ipsius
1791 2907 2011 2956 Apollodori
2032 2907 2127 2956 apud
2147 2907 2234 2946 Plu-

1192 2961 1356 2996 tarchum
1377 2959 1521 2996 somnio
1543 2958 1764 3006 deprehendi
1787 2958 2072 3006 quod-ammodo
2087 2959 2202 3006 potest
2218 2987 2229 3003 ‚

1191 3010 1269 3058 post
1289 3009 1486 3046 detrac‘tam
1515 3010 1603 3046 vivo
1625 3009 1754 3056 pellem
1777 3010 1812 3045 in
1842 3009 1962 3047 lebete
1984 3009 2121 3046 elixum
2147 3009 2228 3046 fuis-

1193 3061 1249 3103 se;
1280 3060 1369 3097 nihil
1400 3060 1552 3107 impedit
1584 3070 1706 3096 tamen
1739 3059 1816 3105 post
1849 3059 1911 3096 lias
1944 3071 2080 3107 poenas
2112 3059 2229 3096 adhuc

1193 3111 1385 3158 spirantem
1419 3120 1508 3147 terra
1545 3121 1696 3158 quoque
1727 3109 1858 3157 ingesta
1899 3109 2002 3147 fuisse
2041 3111 2225 3147 obrutum.

1197 3161 1311 3209 quue
1343 3162 1383 3196 τὸ
1415 3160 1555 3197 Saucius
1585 3170 1772 3207 utcunque
1801 3159 1972 3209 designat.
2012 3160 2100 3196 lllud
2125 3168 2224 3211 prae-

1194 3221 1291 3249 terea
1321 3211 1357 3248 in
1387 3211 1585 3248 transcursu
1619 3210 1848 3247 monendum
1871 3238 1881 3253 ,
1923 3211 2106 3254 scriptores
2134 3215 2228 3241 auiti·v

1196 3273 1290 3310 quos
1313 3262 1411 3298 hunc
1443 3261 1715 3307 Apollodorum
1747 3272 1830 3297 cum
1857 3261 2037 3297 Phalarin:
2057 3258 2225 3302 frequen-

1197 3321 1250 3352 ter
1273 3314 1521 3362 conjungere,
1550 3311 1652 3362 quod
1676 3313 1713 3351 8:
1737 3310 1756 3349 a
1780 3311 1914 3349 Nostro
1934 3311 1991 3346 hic
2013 3306 2146 3345 saelum
2167 3305 2226 3393 ἑῇ·

2195 3365 2236 3393 e.»
