<?xml version="1.0" encoding="UTF-8"?>
<!DOCTYPE html PUBLIC "-//W3C//DTD XHTML 1.0 Transitional//EN"
    "http://www.w3.org/TR/xhtml1/DTD/xhtml1-transitional.dtd">
<html xmlns="http://www.w3.org/1999/xhtml" xml:lang="en" lang="en">
 <head>
  <title>
</title>
<meta http-equiv="Content-Type" content="text/html;charset=utf-8" />
  <meta name='ocr-system' content='tesseract 3.04.00' />
  <meta name='ocr-capabilities' content='ocr_page ocr_carea ocr_par ocr_line ocrx_word'/>
</head>
<body>
  <div class='ocr_page' id='page_1' title='image "./publiiovidiinaso03ovid_0495.png"; bbox 0 0 2495 3675; ppageno 0'>
   <div class='ocr_carea' id='block_1_1' title="bbox 399 166 1308 241">
    <p class='ocr_par' dir='ltr' id='par_1_1' title="bbox 399 166 1308 241">
     <span class='ocr_line' id='line_1_1' title="bbox 399 166 1308 241; baseline -0.022 0"><span class='ocrx_word' id='word_1_1' title='bbox 399 168 1039 241; x_wconf 87' lang='lat' dir='ltr'>TRISTIUM</span> <span class='ocrx_word' id='word_1_2' title='bbox 1113 166 1308 223; x_wconf 82' lang='lat' dir='ltr'>L113.</span> 
     </span>
    </p>
   </div>
   <div class='ocr_carea' id='block_1_2' title="bbox 1385 167 2222 247">
    <p class='ocr_par' dir='ltr' id='par_1_2' title="bbox 1385 167 2222 247">
     <span class='ocr_line' id='line_1_2' title="bbox 1385 167 2222 247; baseline -0.013 -18"><span class='ocrx_word' id='word_1_3' title='bbox 1385 167 1423 224; x_wconf 86' lang='lat' dir='ltr'><strong>I.</strong></span> <span class='ocrx_word' id='word_1_4' title='bbox 1501 168 1710 228; x_wconf 72' lang='lat' dir='ltr'><strong>ELEG.</strong></span> <span class='ocrx_word' id='word_1_5' title='bbox 1750 170 1867 230; x_wconf 88' lang='lat' dir='ltr'>VII.</span> <span class='ocrx_word' id='word_1_6' title='bbox 2120 191 2222 247; x_wconf 85' lang='lat'><strong>479</strong></span> 
     </span>
    </p>
   </div>
   <div class='ocr_carea' id='block_1_3' title="bbox 255 272 1849 716">
    <p class='ocr_par' dir='ltr' id='par_1_3' title="bbox 255 272 1849 716">
     <span class='ocr_line' id='line_1_3' title="bbox 284 272 1452 346; baseline -0.017 1"><span class='ocrx_word' id='word_1_7' title='bbox 284 290 291 291; x_wconf 44' lang='lat'><em>⁷</em></span> <span class='ocrx_word' id='word_1_8' title='bbox 350 289 446 346; x_wconf 87' lang='lat' dir='ltr'><strong>Ista</strong></span> <span class='ocrx_word' id='word_1_9' title='bbox 474 287 668 341; x_wconf 88' lang='lat' dir='ltr'><strong>decent</strong></span> <span class='ocrx_word' id='word_1_10' title='bbox 697 282 863 336; x_wconf 78' lang='lat' dir='ltr'><strong>laetos</strong></span> <span class='ocrx_word' id='word_1_11' title='bbox 889 274 1062 332; x_wconf 90' lang='lat' dir='ltr'><strong>felicia</strong></span> <span class='ocrx_word' id='word_1_12' title='bbox 1087 272 1226 345; x_wconf 83' lang='lat' dir='ltr'><strong>figna</strong></span> <span class='ocrx_word' id='word_1_13' title='bbox 1252 274 1452 342; x_wconf 73' lang='lat' dir='ltr'><strong>poetas,</strong></span> 
     </span>
     <span class='ocr_line' id='line_1_4' title="bbox 432 347 1575 430; baseline -0.015 -14"><span class='ocrx_word' id='word_1_14' title='bbox 432 357 799 430; x_wconf 85' lang='lat' dir='ltr'><strong>Temporibus</strong></span> <span class='ocrx_word' id='word_1_15' title='bbox 824 368 933 406; x_wconf 87' lang='lat' dir='ltr'><strong>non</strong></span> <span class='ocrx_word' id='word_1_16' title='bbox 962 348 1035 402; x_wconf 88' lang='lat' dir='ltr'><strong>est</strong></span> <span class='ocrx_word' id='word_1_17' title='bbox 1060 360 1179 417; x_wconf 84' lang='lat' dir='ltr'><strong>apta</strong></span> <span class='ocrx_word' id='word_1_18' title='bbox 1203 361 1403 399; x_wconf 89' lang='lat' dir='ltr'><strong>corona</strong></span> <span class='ocrx_word' id='word_1_19' title='bbox 1429 347 1575 400; x_wconf 78' lang='lat' dir='ltr'><strong>meiS.</strong></span> 
     </span>
     <span class='ocr_line' id='line_1_5' title="bbox 255 418 1849 505; baseline -0.013 -12"><span class='ocrx_word' id='word_1_20' title='bbox 255 455 284 505; x_wconf 83' lang='lat'>5</span> <span class='ocrx_word' id='word_1_21' title='bbox 360 433 518 491; x_wconf 85' lang='lat' dir='ltr'><strong>Haec</strong></span> <span class='ocrx_word' id='word_1_22' title='bbox 548 432 643 485; x_wconf 88' lang='lat' dir='ltr'><strong>tibi</strong></span> <span class='ocrx_word' id='word_1_23' title='bbox 670 425 984 484; x_wconf 75' lang='lat' dir='ltr'><strong>dissimula3‚</strong></span> <span class='ocrx_word' id='word_1_24' title='bbox 1022 419 1178 473; x_wconf 86' lang='lat' dir='ltr'><strong>sentis</strong></span> <span class='ocrx_word' id='word_1_25' title='bbox 1204 431 1407 479; x_wconf 86' lang='lat' dir='ltr'><strong>tamen,</strong></span> <span class='ocrx_word' id='word_1_26' title='bbox 1451 420 1655 489; x_wconf 87' lang='lat' dir='ltr'><strong>optime</strong></span> <span class='ocrx_word' id='word_1_27' title='bbox 1673 463 1685 482; x_wconf 94' lang='lat'>,</span> <span class='ocrx_word' id='word_1_28' title='bbox 1713 418 1849 483; x_wconf 80' lang='lat' dir='ltr'><strong>diei,</strong></span> 
     </span>
     <span class='ocr_line' id='line_1_6' title="bbox 438 490 1599 575; baseline -0.016 -13"><span class='ocrx_word' id='word_1_29' title='bbox 438 509 491 561; x_wconf 92' lang='lat' dir='ltr'><strong>ln</strong></span> <span class='ocrx_word' id='word_1_30' title='bbox 524 505 696 575; x_wconf 82' lang='lat' dir='ltr'>digito</span> <span class='ocrx_word' id='word_1_31' title='bbox 723 502 814 571; x_wconf 88' lang='lat' dir='ltr'><strong>qui</strong></span> <span class='ocrx_word' id='word_1_32' title='bbox 839 513 925 549; x_wconf 90' lang='lat' dir='ltr'><strong>me</strong></span> <span class='ocrx_word' id='word_1_33' title='bbox 951 493 1162 563; x_wconf 76' lang='lat' dir='ltr'><strong>fersque</strong></span> <span class='ocrx_word' id='word_1_34' title='bbox 1190 490 1462 564; x_wconf 79' lang='lat' dir='ltr'><strong>refersque</strong></span> <span class='ocrx_word' id='word_1_35' title='bbox 1487 507 1599 545; x_wconf 90' lang='lat' dir='ltr'><strong>tuo.</strong></span> 
     </span>
     <span class='ocr_line' id='line_1_7' title="bbox 352 566 1668 651; baseline -0.014 -13"><span class='ocrx_word' id='word_1_36' title='bbox 352 578 718 651; x_wconf 84' lang='lat' dir='ltr'><strong>Effigiemque</strong></span> <span class='ocrx_word' id='word_1_37' title='bbox 744 586 919 624; x_wconf 85' lang='lat' dir='ltr'><strong>meam</strong></span> <span class='ocrx_word' id='word_1_38' title='bbox 946 566 1094 618; x_wconf 81' lang='lat' dir='ltr'><strong>fulvo</strong></span> <span class='ocrx_word' id='word_1_39' title='bbox 1121 566 1433 634; x_wconf 84' lang='lat' dir='ltr'><strong>complexus</strong></span> <span class='ocrx_word' id='word_1_40' title='bbox 1459 566 1513 618; x_wconf 88' lang='lat' dir='ltr'><strong>in</strong></span> <span class='ocrx_word' id='word_1_41' title='bbox 1538 583 1668 620; x_wconf 86' lang='lat' dir='ltr'><strong>auro</strong></span> 
     </span>
     <span class='ocr_line' id='line_1_8' title="bbox 432 638 1530 716; baseline -0.017 -7"><span class='ocrx_word' id='word_1_42' title='bbox 432 656 570 709; x_wconf 81' lang='lat' dir='ltr'><strong>Cara</strong></span> <span class='ocrx_word' id='word_1_43' title='bbox 596 644 845 716; x_wconf 81' lang='lat' dir='ltr'><strong>relegati,</strong></span> <span class='ocrx_word' id='word_1_44' title='bbox 884 640 990 712; x_wconf 63' lang='lat' dir='ltr'><strong>quit</strong></span> <span class='ocrx_word' id='word_1_45' title='bbox 1012 652 1193 709; x_wconf 84' lang='lat' dir='ltr'><strong>poteS,</strong></span> <span class='ocrx_word' id='word_1_46' title='bbox 1231 655 1324 691; x_wconf 87' lang='lat' dir='ltr'><strong>ora</strong></span> <span class='ocrx_word' id='word_1_47' title='bbox 1350 638 1530 693; x_wconf 86' lang='lat' dir='ltr'><strong>vides:</strong></span> 
     </span>
    </p>
   </div>
   <div class='ocr_carea' id='block_1_4' title="bbox 74 851 1122 961">
    <p class='ocr_par' dir='ltr' id='par_1_4' title="bbox 74 851 1122 961">
     <span class='ocr_line' id='line_1_9' title="bbox 74 851 1120 914; baseline -0.026 -4"><span class='ocrx_word' id='word_1_48' title='bbox 74 867 175 911; x_wconf 83' lang='lat' dir='ltr'><strong>causa</strong></span> <span class='ocrx_word' id='word_1_49' title='bbox 197 864 245 904; x_wconf 89' lang='lat' dir='ltr'><strong>est</strong></span> <span class='ocrx_word' id='word_1_50' title='bbox 263 860 429 914; x_wconf 84' lang='lat' dir='ltr'><strong>sequenti</strong></span> <span class='ocrx_word' id='word_1_51' title='bbox 450 855 564 896; x_wconf 67' lang='lat' dir='ltr'><strong>versu¹</strong></span> <span class='ocrx_word' id='word_1_52' title='bbox 594 851 1013 893; x_wconf 81' lang='lat' dir='ltr'><strong>Coronabanturautem</strong></span> <span class='ocrx_word' id='word_1_53' title='bbox 1028 851 1120 896; x_wconf 82' lang='lat' dir='ltr'><strong>po&#39;e&#39;-</strong></span> 
     </span>
     <span class='ocr_line' id='line_1_10' title="bbox 75 900 1122 961; baseline -0.026 0"><span class='ocrx_word' id='word_1_54' title='bbox 75 931 134 961; x_wconf 85' lang='lat' dir='ltr'><strong>tae</strong></span> <span class='ocrx_word' id='word_1_55' title='bbox 158 929 296 957; x_wconf 84' lang='lat' dir='ltr'><strong>corona</strong></span> <span class='ocrx_word' id='word_1_56' title='bbox 318 928 362 953; x_wconf 88' lang='lat' dir='ltr'><strong>ex</strong></span> <span class='ocrx_word' id='word_1_57' title='bbox 385 910 514 952; x_wconf 81' lang='lat' dir='ltr'><strong>edera,</strong></span> <span class='ocrx_word' id='word_1_58' title='bbox 541 915 732 955; x_wconf 83' lang='lat' dir='ltr'>tamquam</span> <span class='ocrx_word' id='word_1_59' title='bbox 755 902 902 940; x_wconf 75' lang='lat' dir='ltr'><strong>Baccho</strong></span> <span class='ocrx_word' id='word_1_60' title='bbox 923 900 1034 943; x_wconf 77' lang='lat' dir='ltr'><strong>sacri,</strong></span> <span class='ocrx_word' id='word_1_61' title='bbox 1056 900 1122 947; x_wconf 84' lang='lat' dir='ltr'><strong>qui</strong></span> 
     </span>
    </p>
   </div>
   <div class='ocr_carea' id='block_1_5' title="bbox 2069 713 2224 788">
    <p class='ocr_par' dir='ltr' id='par_1_5' title="bbox 2069 713 2224 788">
     <span class='ocr_line' id='line_1_11' title="bbox 2069 713 2224 788; baseline -0.026 -17"><span class='ocrx_word' id='word_1_62' title='bbox 2069 713 2224 788; x_wconf 85' lang='lat' dir='ltr'><strong>Quae</strong></span> 
     </span>
    </p>
   </div>
   <div class='ocr_carea' id='block_1_6' title="bbox 1231 844 2119 948">
    <p class='ocr_par' dir='ltr' id='par_1_6' title="bbox 1231 844 2119 948">
     <span class='ocr_line' id='line_1_12' title="bbox 1231 844 2119 895; baseline 0.006 -13"><span class='ocrx_word' id='word_1_63' title='bbox 1231 844 1381 894; x_wconf 80' lang='lat' dir='ltr'><strong>Thyrsus</strong></span> <span class='ocrx_word' id='word_1_64' title='bbox 1402 846 1495 884; x_wconf 86' lang='lat' dir='ltr'><strong>enim</strong></span> <span class='ocrx_word' id='word_1_65' title='bbox 1512 845 1632 889; x_wconf 81' lang='lat' dir='ltr'><strong>vobis,</strong></span> <span class='ocrx_word' id='word_1_66' title='bbox 1650 846 1781 895; x_wconf 75' lang='lat' dir='ltr'><strong>gellam</strong></span> <span class='ocrx_word' id='word_1_67' title='bbox 1801 847 1844 893; x_wconf 83' lang='lat' dir='ltr'><strong>est</strong></span> <span class='ocrx_word' id='word_1_68' title='bbox 1863 847 1982 885; x_wconf 87' lang='lat' dir='ltr'><strong>laurea</strong></span> <span class='ocrx_word' id='word_1_69' title='bbox 2003 849 2119 894; x_wconf 85' lang='lat' dir='ltr'><strong>nobis;</strong></span> 
     </span>
     <span class='ocr_line' id='line_1_13' title="bbox 1279 896 2021 948; baseline 0.005 -15"><span class='ocrx_word' id='word_1_70' title='bbox 1279 898 1343 934; x_wconf 85' lang='lat' dir='ltr'><strong>Sed</strong></span> <span class='ocrx_word' id='word_1_71' title='bbox 1362 910 1479 935; x_wconf 88' lang='lat' dir='ltr'><strong>tamen</strong></span> <span class='ocrx_word' id='word_1_72' title='bbox 1500 896 1663 935; x_wconf 81' lang='lat' dir='ltr'><strong>ambobus</strong></span> <span class='ocrx_word' id='word_1_73' title='bbox 1684 899 1779 936; x_wconf 80' lang='lat' dir='ltr'><strong>debet</strong></span> <span class='ocrx_word' id='word_1_74' title='bbox 1800 899 1896 948; x_wconf 82' lang='lat' dir='ltr'><strong>ineffe</strong></span> <span class='ocrx_word' id='word_1_75' title='bbox 1919 899 2021 939; x_wconf 87' lang='lat' dir='ltr'><strong>calor.</strong></span> 
     </span>
    </p>
   </div>
   <div class='ocr_carea' id='block_1_7' title="bbox 75 951 1496 1011">
    <p class='ocr_par' dir='ltr' id='par_1_7' title="bbox 75 951 1496 1011">
     <span class='ocr_line' id='line_1_14' title="bbox 75 951 1496 1011; baseline -0.026 0"><span class='ocrx_word' id='word_1_76' title='bbox 75 971 338 1011; x_wconf 84' lang='lat' dir='ltr'><strong>Bacchantiurn</strong></span> <span class='ocrx_word' id='word_1_77' title='bbox 369 973 473 1000; x_wconf 86' lang='lat' dir='ltr'><strong>more</strong></span> <span class='ocrx_word' id='word_1_78' title='bbox 503 958 708 997; x_wconf 85' lang='lat' dir='ltr'><strong>insanirent.</strong></span> <span class='ocrx_word' id='word_1_79' title='bbox 736 953 839 1004; x_wconf 91' lang='lat' dir='ltr'><strong>quod</strong></span> <span class='ocrx_word' id='word_1_80' title='bbox 872 953 910 990; x_wconf 89' lang='lat'>&amp;</span> <span class='ocrx_word' id='word_1_81' title='bbox 943 951 1122 989; x_wconf 83' lang='lat' dir='ltr'>Horatius</span> <span class='ocrx_word' id='word_1_82' title='bbox 1178 960 1496 1000; x_wconf 78' lang='lat' dir='ltr'><strong>Tibulluslib,11,</strong></span> 
     </span>
    </p>
   </div>
   <div class='ocr_carea' id='block_1_8' title="bbox 76 1008 972 1191">
    <p class='ocr_par' dir='ltr' id='par_1_8' title="bbox 76 1008 972 1191">
     <span class='ocr_line' id='line_1_15' title="bbox 76 1008 715 1063; baseline -0.03 -1"><span class='ocrx_word' id='word_1_83' title='bbox 76 1023 231 1063; x_wconf 84' lang='lat' dir='ltr'><strong>affirmat</strong></span> <span class='ocrx_word' id='word_1_84' title='bbox 250 1019 310 1057; x_wconf 86' lang='lat' dir='ltr'><strong>lib.</strong></span> <span class='ocrx_word' id='word_1_85' title='bbox 332 1030 359 1054; x_wconf 90' lang='lat'><strong>1.</strong></span> <span class='ocrx_word' id='word_1_86' title='bbox 376 1010 485 1062; x_wconf 81' lang='lat' dir='ltr'><strong>Epist.</strong></span> <span class='ocrx_word' id='word_1_87' title='bbox 501 1011 555 1047; x_wconf 89' lang='lat' dir='ltr'><strong>his</strong></span> <span class='ocrx_word' id='word_1_88' title='bbox 579 1008 715 1045; x_wconf 88' lang='lat' dir='ltr'><strong>verbis:</strong></span> 
     </span>
     <span class='ocr_line' id='line_1_16' title="bbox 640 1074 909 1122; baseline -0.011 -9"><span class='ocrx_word' id='word_1_89' title='bbox 640 1087 680 1113; x_wconf 88' lang='lat' dir='ltr'><strong>ut</strong></span> <span class='ocrx_word' id='word_1_90' title='bbox 702 1074 909 1122; x_wconf 84' lang='lat' dir='ltr'><strong>malesanos</strong></span> 
     </span>
     <span class='ocr_line' id='line_1_17' title="bbox 129 1127 972 1191; baseline -0.023 -10"><span class='ocrx_word' id='word_1_91' title='bbox 129 1139 309 1191; x_wconf 82' lang='lat' dir='ltr'><strong>Adscribit</strong></span> <span class='ocrx_word' id='word_1_92' title='bbox 333 1135 430 1174; x_wconf 83' lang='lat' dir='ltr'><strong>Liber·</strong></span> <span class='ocrx_word' id='word_1_93' title='bbox 450 1130 584 1180; x_wconf 70' lang='lat' dir='ltr'><strong>Satyris</strong></span> <span class='ocrx_word' id='word_1_94' title='bbox 598 1157 608 1175; x_wconf 93' lang='lat'>,</span> <span class='ocrx_word' id='word_1_95' title='bbox 637 1128 833 1175; x_wconf 80' lang='lat' dir='ltr'><em>Faunisque</em></span> <span class='ocrx_word' id='word_1_96' title='bbox 846 1127 972 1175; x_wconf 75' lang='lat' dir='ltr'><strong>po‘e&#39;tas.</strong></span> 
     </span>
    </p>
   </div>
   <div class='ocr_carea' id='block_1_9' title="bbox 76 1189 1126 1304">
    <p class='ocr_par' dir='ltr' id='par_1_9' title="bbox 76 1189 1126 1304">
     <span class='ocr_line' id='line_1_18' title="bbox 76 1189 1126 1252; baseline -0.028 0"><span class='ocrx_word' id='word_1_97' title='bbox 76 1213 126 1252; x_wconf 87' lang='lat' dir='ltr'><strong>Et</strong></span> <span class='ocrx_word' id='word_1_98' title='bbox 144 1211 205 1248; x_wconf 91' lang='lat' dir='ltr'><strong>hic</strong></span> <span class='ocrx_word' id='word_1_99' title='bbox 226 1204 360 1245; x_wconf 86' lang='lat' dir='ltr'><strong>Noster</strong></span> <span class='ocrx_word' id='word_1_100' title='bbox 376 1200 437 1240; x_wconf 83' lang='lat' dir='ltr'><strong>lib.</strong></span> <span class='ocrx_word' id='word_1_101' title='bbox 457 1210 491 1236; x_wconf 78' lang='lat' dir='ltr'><strong>v,</strong></span> <span class='ocrx_word' id='word_1_102' title='bbox 512 1197 613 1245; x_wconf 79' lang='lat' dir='ltr'><strong>Eleg.</strong></span> <span class='ocrx_word' id='word_1_103' title='bbox 634 1207 687 1232; x_wconf 89' lang='lat' dir='ltr'><strong>1v.</strong></span> <span class='ocrx_word' id='word_1_104' title='bbox 711 1193 771 1231; x_wconf 91' lang='lat' dir='ltr'><strong>De</strong></span> <span class='ocrx_word' id='word_1_105' title='bbox 791 1192 937 1234; x_wconf 87' lang='lat' dir='ltr'><strong>Ponto,</strong></span> <span class='ocrx_word' id='word_1_106' title='bbox 964 1189 1013 1226; x_wconf 93' lang='lat' dir='ltr'><strong>ait</strong></span> <span class='ocrx_word' id='word_1_107' title='bbox 1032 1189 1126 1237; x_wconf 82' lang='lat' dir='ltr'><strong>po&#39;e&#39;-</strong></span> 
     </span>
     <span class='ocr_line' id='line_1_19' title="bbox 77 1238 1098 1304; baseline -0.025 -2"><span class='ocrx_word' id='word_1_108' title='bbox 77 1274 132 1304; x_wconf 81' lang='lat' dir='ltr'><strong>tas</strong></span> <span class='ocrx_word' id='word_1_109' title='bbox 151 1258 221 1299; x_wconf 76' lang='lat' dir='ltr'><strong>esse</strong></span> <span class='ocrx_word' id='word_1_110' title='bbox 239 1259 275 1296; x_wconf 87' lang='lat' dir='ltr'><strong>in</strong></span> <span class='ocrx_word' id='word_1_111' title='bbox 294 1252 426 1293; x_wconf 86' lang='lat' dir='ltr'><strong>Bacchi</strong></span> <span class='ocrx_word' id='word_1_112' title='bbox 446 1248 558 1287; x_wconf 78' lang='lat' dir='ltr'><strong>tutela</strong></span> <span class='ocrx_word' id='word_1_113' title='bbox 573 1275 583 1290; x_wconf 93' lang='lat'>,</span> <span class='ocrx_word' id='word_1_114' title='bbox 613 1247 670 1284; x_wconf 87' lang='lat' dir='ltr'><strong>cui</strong></span> <span class='ocrx_word' id='word_1_115' title='bbox 690 1245 799 1282; x_wconf 85' lang='lat' dir='ltr'><strong>edera</strong></span> <span class='ocrx_word' id='word_1_116' title='bbox 819 1241 1027 1280; x_wconf 85' lang='lat' dir='ltr'><strong>consecrata</strong></span> <span class='ocrx_word' id='word_1_117' title='bbox 1038 1238 1098 1277; x_wconf 86' lang='lat' dir='ltr'><strong>est:</strong></span> 
     </span>
    </p>
   </div>
   <div class='ocr_carea' id='block_1_10' title="bbox 516 1091 612 1100">
    <p class='ocr_par' dir='ltr' id='par_1_10' title="bbox 516 1091 612 1100">
     <span class='ocr_line' id='line_1_20' title="bbox 516 1091 612 1100; baseline 0 0"><span class='ocrx_word' id='word_1_118' title='bbox 516 1091 612 1100; x_wconf 95' lang='lat' dir='ltr'><strong> </strong></span> 
     </span>
    </p>
   </div>
   <div class='ocr_carea' id='block_1_11' title="bbox 133 1317 952 1425">
    <p class='ocr_par' dir='ltr' id='par_1_11' title="bbox 133 1317 952 1425">
     <span class='ocr_line' id='line_1_21' title="bbox 133 1317 952 1375; baseline -0.028 0"><span class='ocrx_word' id='word_1_119' title='bbox 133 1343 186 1375; x_wconf 85' lang='lat' dir='ltr'><strong>Tu</strong></span> <span class='ocrx_word' id='word_1_120' title='bbox 206 1345 325 1371; x_wconf 84' lang='lat' dir='ltr'><strong>tamen</strong></span> <span class='ocrx_word' id='word_1_121' title='bbox 345 1332 362 1367; x_wconf 77' lang='grc' dir='ltr'>ὶ</span> <span class='ocrx_word' id='word_1_122' title='bbox 378 1327 483 1369; x_wconf 76' lang='lat' dir='ltr'><strong>sacris</strong></span> <span class='ocrx_word' id='word_1_123' title='bbox 501 1324 618 1361; x_wconf 83' lang='lat' dir='ltr'><strong>ederae</strong></span> <span class='ocrx_word' id='word_1_124' title='bbox 635 1317 822 1358; x_wconf 83' lang='lat' dir='ltr'><strong>cultoribus</strong></span> <span class='ocrx_word' id='word_1_125' title='bbox 841 1328 952 1353; x_wconf 88' lang='lat' dir='ltr'><strong>unum</strong></span> 
     </span>
     <span class='ocr_line' id='line_1_22' title="bbox 184 1372 812 1425; baseline -0.03 0"><span class='ocrx_word' id='word_1_126' title='bbox 184 1384 340 1425; x_wconf 80' lang='lat' dir='ltr'><em>Numine</em></span> <span class='ocrx_word' id='word_1_127' title='bbox 357 1380 519 1417; x_wconf 83' lang='lat' dir='ltr'><strong>debueras</strong></span> <span class='ocrx_word' id='word_1_128' title='bbox 533 1372 723 1423; x_wconf 79' lang='lat' dir='ltr'><strong>sustinuiffe</strong></span> <span class='ocrx_word' id='word_1_129' title='bbox 740 1381 812 1406; x_wconf 88' lang='lat' dir='ltr'><strong>tuo.</strong></span> 
     </span>
    </p>
   </div>
   <div class='ocr_carea' id='block_1_12' title="bbox 81 1439 1133 1612">
    <p class='ocr_par' dir='ltr' id='par_1_12' title="bbox 81 1439 1133 1612">
     <span class='ocr_line' id='line_1_23' title="bbox 83 1439 1133 1509; baseline -0.03 -1"><span class='ocrx_word' id='word_1_130' title='bbox 83 1468 201 1509; x_wconf 91' lang='lat' dir='ltr'><strong>Libro</strong></span> <span class='ocrx_word' id='word_1_131' title='bbox 226 1476 293 1501; x_wconf 74' lang='lat'><strong>111.</strong></span> <span class='ocrx_word' id='word_1_132' title='bbox 321 1460 381 1496; x_wconf 91' lang='lat' dir='ltr'><strong>De</strong></span> <span class='ocrx_word' id='word_1_133' title='bbox 409 1465 506 1497; x_wconf 82' lang='lat' dir='ltr'><strong>arte,</strong></span> <span class='ocrx_word' id='word_1_134' title='bbox 534 1456 617 1489; x_wconf 79' lang='lat' dir='ltr'><strong>cum</strong></span> <span class='ocrx_word' id='word_1_135' title='bbox 648 1456 767 1487; x_wconf 86' lang='lat' dir='ltr'><strong>aetate</strong></span> <span class='ocrx_word' id='word_1_136' title='bbox 794 1447 853 1484; x_wconf 88' lang='lat' dir='ltr'><strong>sua</strong></span> <span class='ocrx_word' id='word_1_137' title='bbox 875 1444 1009 1482; x_wconf 83' lang='lat' dir='ltr'><strong>nullius</strong></span> <span class='ocrx_word' id='word_1_138' title='bbox 1028 1439 1133 1478; x_wconf 79' lang='lat' dir='ltr'><strong>aesti-</strong></span> 
     </span>
     <span class='ocr_line' id='line_1_24' title="bbox 84 1491 1132 1560; baseline -0.031 -1"><span class='ocrx_word' id='word_1_139' title='bbox 84 1516 258 1560; x_wconf 85' lang='lat' dir='ltr'><strong>mationis</strong></span> <span class='ocrx_word' id='word_1_140' title='bbox 279 1509 374 1559; x_wconf 87' lang='lat' dir='ltr'><strong>apud</strong></span> <span class='ocrx_word' id='word_1_141' title='bbox 399 1505 600 1553; x_wconf 77' lang='lat' dir='ltr'><strong>locupietes</strong></span> <span class='ocrx_word' id='word_1_142' title='bbox 625 1500 798 1538; x_wconf 82' lang='lat' dir='ltr'><strong>homines</strong></span> <span class='ocrx_word' id='word_1_143' title='bbox 829 1499 956 1545; x_wconf 75' lang='lat' dir='ltr'><strong>poetas</strong></span> <span class='ocrx_word' id='word_1_144' title='bbox 982 1491 1052 1530; x_wconf 84' lang='lat' dir='ltr'><strong>effe</strong></span> <span class='ocrx_word' id='word_1_145' title='bbox 1077 1492 1132 1529; x_wconf 89' lang='lat' dir='ltr'><strong>vi-</strong></span> 
     </span>
     <span class='ocr_line' id='line_1_25' title="bbox 81 1544 1050 1612; baseline -0.032 -1"><span class='ocrx_word' id='word_1_146' title='bbox 81 1571 208 1612; x_wconf 85' lang='lat' dir='ltr'><strong>deret,</strong></span> <span class='ocrx_word' id='word_1_147' title='bbox 237 1564 361 1603; x_wconf 78' lang='lat' dir='ltr'><strong>ederas</strong></span> <span class='ocrx_word' id='word_1_148' title='bbox 381 1570 448 1608; x_wconf 89' lang='lat' dir='ltr'><strong>pro</strong></span> <span class='ocrx_word' id='word_1_149' title='bbox 468 1554 547 1604; x_wconf 83' lang='lat' dir='ltr'><strong>ipsis</strong></span> <span class='ocrx_word' id='word_1_150' title='bbox 569 1553 688 1601; x_wconf 71' lang='lat' dir='ltr'><strong>poetis</strong></span> <span class='ocrx_word' id='word_1_151' title='bbox 706 1548 812 1598; x_wconf 88' lang='lat' dir='ltr'><strong>ponit</strong></span> <span class='ocrx_word' id='word_1_152' title='bbox 838 1548 892 1585; x_wconf 86' lang='lat' dir='ltr'><strong>his</strong></span> <span class='ocrx_word' id='word_1_153' title='bbox 914 1544 1050 1583; x_wconf 88' lang='lat' dir='ltr'><strong>verbis:</strong></span> 
     </span>
    </p>
   </div>
   <div class='ocr_carea' id='block_1_13' title="bbox 83 1631 1134 1760">
    <p class='ocr_par' dir='ltr' id='par_1_13' title="bbox 83 1631 1134 1760">
     <span class='ocr_line' id='line_1_26' title="bbox 137 1631 750 1687; baseline -0.036 0"><span class='ocrx_word' id='word_1_154' title='bbox 137 1655 242 1686; x_wconf 86' lang='lat' dir='ltr'><strong>Nunc</strong></span> <span class='ocrx_word' id='word_1_155' title='bbox 259 1643 375 1680; x_wconf 84' lang='lat' dir='ltr'><strong>ederae</strong></span> <span class='ocrx_word' id='word_1_156' title='bbox 388 1636 461 1687; x_wconf 82' lang='lat' dir='ltr'><strong>fine</strong></span> <span class='ocrx_word' id='word_1_157' title='bbox 483 1634 606 1670; x_wconf 82' lang='lat' dir='ltr'><strong>honore</strong></span> <span class='ocrx_word' id='word_1_158' title='bbox 620 1631 750 1679; x_wconf 82' lang='lat' dir='ltr'><strong>jacent.</strong></span> 
     </span>
     <span class='ocr_line' id='line_1_27' title="bbox 83 1685 1134 1760; baseline -0.029 -6"><span class='ocrx_word' id='word_1_159' title='bbox 83 1714 161 1752; x_wconf 90' lang='lat' dir='ltr'><strong>Ubi</strong></span> <span class='ocrx_word' id='word_1_160' title='bbox 182 1714 309 1760; x_wconf 77' lang='lat' dir='ltr'><strong>poetas</strong></span> <span class='ocrx_word' id='word_1_161' title='bbox 329 1704 436 1744; x_wconf 88' lang='lat' dir='ltr'><strong>edera</strong></span> <span class='ocrx_word' id='word_1_162' title='bbox 455 1697 626 1740; x_wconf 83' lang='lat' dir='ltr'><strong>coronari</strong></span> <span class='ocrx_word' id='word_1_163' title='bbox 646 1695 770 1734; x_wconf 78' lang='lat' dir='ltr'><strong>solitos</strong></span> <span class='ocrx_word' id='word_1_164' title='bbox 800 1690 969 1730; x_wconf 88' lang='lat' dir='ltr'><strong>ostendit.</strong></span> <span class='ocrx_word' id='word_1_165' title='bbox 1005 1687 1053 1726; x_wconf 90' lang='lat' dir='ltr'><strong>Et</strong></span> <span class='ocrx_word' id='word_1_166' title='bbox 1071 1685 1134 1725; x_wconf 90' lang='lat' dir='ltr'><strong>lib.</strong></span> 
     </span>
    </p>
   </div>
   <div class='ocr_carea' id='block_1_14' title="bbox 86 1764 1060 2019">
    <p class='ocr_par' dir='ltr' id='par_1_14' title="bbox 86 1764 1060 2019">
     <span class='ocr_line' id='line_1_28' title="bbox 86 1764 316 1811; baseline -0.035 -7"><span class='ocrx_word' id='word_1_167' title='bbox 86 1777 139 1805; x_wconf 71' lang='lat' dir='ltr'><strong>lv,</strong></span> <span class='ocrx_word' id='word_1_168' title='bbox 163 1764 265 1811; x_wconf 81' lang='lat' dir='ltr'><strong>Eleg.</strong></span> <span class='ocrx_word' id='word_1_169' title='bbox 289 1772 316 1797; x_wconf 93' lang='lat'><strong>1.</strong></span> 
     </span>
     <span class='ocr_line' id='line_1_29' title="bbox 136 1803 1030 1878; baseline -0.032 -11"><span class='ocrx_word' id='word_1_170' title='bbox 136 1834 246 1878; x_wconf 83' lang='lat' dir='ltr'><strong>thue</strong></span> <span class='ocrx_word' id='word_1_171' title='bbox 258 1826 365 1874; x_wconf 89' lang='lat' dir='ltr'><strong>suum</strong></span> <span class='ocrx_word' id='word_1_172' title='bbox 386 1816 514 1857; x_wconf 87' lang='lat' dir='ltr'><strong>Bacche</strong></span> <span class='ocrx_word' id='word_1_173' title='bbox 532 1827 599 1852; x_wconf 87' lang='lat' dir='ltr'><strong>non</strong></span> <span class='ocrx_word' id='word_1_174' title='bbox 608 1810 719 1861; x_wconf 79' lang='lat' dir='ltr'><strong>sentit</strong></span> <span class='ocrx_word' id='word_1_175' title='bbox 736 1806 853 1855; x_wconf 78' lang='lat' dir='ltr'><strong>saucia</strong></span> <span class='ocrx_word' id='word_1_176' title='bbox 873 1803 1007 1842; x_wconf 85' lang='lat' dir='ltr'><strong>vulnus</strong></span> <span class='ocrx_word' id='word_1_177' title='bbox 1019 1830 1030 1849; x_wconf 91' lang='lat'>,</span> 
     </span>
     <span class='ocr_line' id='line_1_30' title="bbox 191 1858 877 1921; baseline -0.034 -6"><span class='ocrx_word' id='word_1_178' title='bbox 191 1884 290 1915; x_wconf 84' lang='lat' dir='ltr'><strong>Dum</strong></span> <span class='ocrx_word' id='word_1_179' title='bbox 307 1874 416 1921; x_wconf 83' lang='lat' dir='ltr'><strong>stupet</strong></span> <span class='ocrx_word' id='word_1_180' title='bbox 439 1867 544 1905; x_wconf 78' lang='lat' dir='ltr'><strong>Idaeis</strong></span> <span class='ocrx_word' id='word_1_181' title='bbox 563 1862 747 1902; x_wconf 83' lang='lat' dir='ltr'><em>exululata</em></span> <span class='ocrx_word' id='word_1_182' title='bbox 761 1858 877 1909; x_wconf 83' lang='lat' dir='ltr'><strong>jugis.-</strong></span> 
     </span>
     <span class='ocr_line' id='line_1_31' title="bbox 140 1905 1060 1968; baseline -0.032 0"><span class='ocrx_word' id='word_1_183' title='bbox 140 1930 192 1968; x_wconf 80' lang='lat' dir='ltr'><strong>Sic</strong></span> <span class='ocrx_word' id='word_1_184' title='bbox 216 1928 275 1964; x_wconf 87' lang='lat' dir='ltr'><strong>ubi</strong></span> <span class='ocrx_word' id='word_1_185' title='bbox 296 1935 390 1962; x_wconf 88' lang='lat' dir='ltr'><strong>mota</strong></span> <span class='ocrx_word' id='word_1_186' title='bbox 407 1921 521 1958; x_wconf 80' lang='lat' dir='ltr'><strong>calent</strong></span> <span class='ocrx_word' id='word_1_187' title='bbox 533 1918 632 1965; x_wconf 89' lang='lat' dir='ltr'><strong>sacro</strong></span> <span class='ocrx_word' id='word_1_188' title='bbox 653 1926 729 1950; x_wconf 91' lang='lat' dir='ltr'><strong>mea</strong></span> <span class='ocrx_word' id='word_1_189' title='bbox 752 1918 903 1957; x_wconf 87' lang='lat' dir='ltr'><strong>tempora</strong></span> <span class='ocrx_word' id='word_1_190' title='bbox 921 1905 1060 1955; x_wconf 73' lang='lat' dir='ltr'><strong>thyrso,</strong></span> 
     </span>
     <span class='ocr_line' id='line_1_32' title="bbox 193 1959 906 2019; baseline -0.031 -2"><span class='ocrx_word' id='word_1_191' title='bbox 193 1978 314 2018; x_wconf 83' lang='lat' dir='ltr'><em>Altior</em></span> <span class='ocrx_word' id='word_1_192' title='bbox 334 1976 486 2011; x_wconf 89' lang='lat' dir='ltr'><strong>humano</strong></span> <span class='ocrx_word' id='word_1_193' title='bbox 499 1967 642 2019; x_wconf 82' lang='lat' dir='ltr'><strong>spiritus</strong></span> <span class='ocrx_word' id='word_1_194' title='bbox 663 1963 721 2002; x_wconf 80' lang='lat' dir='ltr'><strong>ille</strong></span> <span class='ocrx_word' id='word_1_195' title='bbox 739 1960 832 1999; x_wconf 85' lang='lat' dir='ltr'><strong>malo</strong></span> <span class='ocrx_word' id='word_1_196' title='bbox 851 1959 906 2006; x_wconf 85' lang='lat' dir='ltr'><strong>est.</strong></span> 
     </span>
    </p>
   </div>
   <div class='ocr_carea' id='block_1_15' title="bbox 88 2036 968 2145">
    <p class='ocr_par' dir='ltr' id='par_1_15' title="bbox 88 2036 968 2145">
     <span class='ocr_line' id='line_1_33' title="bbox 88 2036 515 2085; baseline -0.04 0"><span class='ocrx_word' id='word_1_197' title='bbox 88 2044 206 2085; x_wconf 86' lang='lat' dir='ltr'><strong>Libro</strong></span> <span class='ocrx_word' id='word_1_198' title='bbox 225 2053 277 2078; x_wconf 75' lang='lat' dir='ltr'><strong>vr.</strong></span> <span class='ocrx_word' id='word_1_199' title='bbox 308 2036 515 2075; x_wconf 84' lang='lat' dir='ltr'><strong>Fastorum:</strong></span> 
     </span>
     <span class='ocr_line' id='line_1_34' title="bbox 139 2084 968 2145; baseline -0.027 0"><span class='ocrx_word' id='word_1_200' title='bbox 139 2104 270 2145; x_wconf 88' lang='lat' dir='ltr'><strong>Bacche</strong></span> <span class='ocrx_word' id='word_1_201' title='bbox 287 2100 500 2144; x_wconf 81' lang='lat' dir='ltr'><strong>racemiferos</strong></span> <span class='ocrx_word' id='word_1_202' title='bbox 521 2093 621 2131; x_wconf 90' lang='lat' dir='ltr'><strong>edera</strong></span> <span class='ocrx_word' id='word_1_203' title='bbox 641 2088 799 2128; x_wconf 84' lang='lat' dir='ltr'><strong>redimite</strong></span> <span class='ocrx_word' id='word_1_204' title='bbox 819 2084 968 2136; x_wconf 83' lang='lat' dir='ltr'><em>capillos.</em></span> 
     </span>
    </p>
   </div>
   <div class='ocr_carea' id='block_1_16' title="bbox 89 2161 627 2220">
    <p class='ocr_par' dir='ltr' id='par_1_16' title="bbox 89 2161 627 2220">
     <span class='ocr_line' id='line_1_35' title="bbox 89 2161 627 2220; baseline -0.035 -7"><span class='ocrx_word' id='word_1_205' title='bbox 89 2169 300 2220; x_wconf 85' lang='lat' dir='ltr'><strong>Propertius</strong></span> <span class='ocrx_word' id='word_1_206' title='bbox 317 2166 378 2203; x_wconf 89' lang='lat' dir='ltr'><strong>lib.</strong></span> <span class='ocrx_word' id='word_1_207' title='bbox 397 2175 453 2201; x_wconf 79' lang='grc' dir='ltr'><strong>ιν.</strong></span> <span class='ocrx_word' id='word_1_208' title='bbox 471 2161 576 2208; x_wconf 85' lang='lat' dir='ltr'><strong>Eleg.</strong></span> <span class='ocrx_word' id='word_1_209' title='bbox 599 2170 627 2194; x_wconf 91' lang='lat'><strong>1.</strong></span> 
     </span>
    </p>
   </div>
   <div class='ocr_carea' id='block_1_17' title="bbox 142 2216 955 2328">
    <p class='ocr_par' dir='ltr' id='par_1_17' title="bbox 142 2216 955 2328">
     <span class='ocr_line' id='line_1_36' title="bbox 142 2216 926 2277; baseline -0.031 -6"><span class='ocrx_word' id='word_1_210' title='bbox 142 2232 277 2271; x_wconf 80' lang='lat' dir='ltr'><strong>Ennius</strong></span> <span class='ocrx_word' id='word_1_211' title='bbox 295 2229 431 2277; x_wconf 81' lang='lat' dir='ltr'><strong>hirsuta</strong></span> <span class='ocrx_word' id='word_1_212' title='bbox 454 2224 568 2272; x_wconf 86' lang='lat' dir='ltr'><strong>cingat</strong></span> <span class='ocrx_word' id='word_1_213' title='bbox 584 2219 652 2268; x_wconf 87' lang='lat' dir='ltr'><strong>sua</strong></span> <span class='ocrx_word' id='word_1_214' title='bbox 673 2216 767 2253; x_wconf 64' lang='lat' dir='ltr'><strong>dieta</strong></span> <span class='ocrx_word' id='word_1_215' title='bbox 784 2223 926 2256; x_wconf 86' lang='lat' dir='ltr'><strong>corona,</strong></span> 
     </span>
     <span class='ocr_line' id='line_1_37' title="bbox 194 2265 955 2328; baseline -0.029 -8"><span class='ocrx_word' id='word_1_216' title='bbox 194 2281 254 2320; x_wconf 76' lang='lat' dir='ltr'><strong>Mi</strong></span> <span class='ocrx_word' id='word_1_217' title='bbox 263 2281 356 2328; x_wconf 79' lang='lat' dir='ltr'><strong>folia</strong></span> <span class='ocrx_word' id='word_1_218' title='bbox 376 2291 416 2315; x_wconf 87' lang='lat' dir='ltr'><strong>ex</strong></span> <span class='ocrx_word' id='word_1_219' title='bbox 437 2276 536 2313; x_wconf 84' lang='lat' dir='ltr'><strong>edera</strong></span> <span class='ocrx_word' id='word_1_220' title='bbox 551 2270 680 2322; x_wconf 78' lang='lat' dir='ltr'><strong>porrige</strong></span> <span class='ocrx_word' id='word_1_221' title='bbox 698 2265 851 2309; x_wconf 83' lang='lat' dir='ltr'><strong>Bacche,</strong></span> <span class='ocrx_word' id='word_1_222' title='bbox 878 2273 955 2300; x_wconf 85' lang='lat' dir='ltr'><strong>tua.</strong></span> 
     </span>
    </p>
   </div>
   <div class='ocr_carea' id='block_1_18' title="bbox 94 2349 1003 2455">
    <p class='ocr_par' dir='ltr' id='par_1_18' title="bbox 94 2349 1003 2455">
     <span class='ocr_line' id='line_1_38' title="bbox 94 2349 490 2397; baseline -0.033 0"><span class='ocrx_word' id='word_1_223' title='bbox 94 2356 233 2397; x_wconf 84' lang='lat' dir='ltr'><strong>Seneca</strong></span> <span class='ocrx_word' id='word_1_224' title='bbox 251 2354 287 2390; x_wconf 92' lang='lat' dir='ltr'><strong>in</strong></span> <span class='ocrx_word' id='word_1_225' title='bbox 312 2349 490 2397; x_wconf 82' lang='lat' dir='ltr'><strong>Oedipo:</strong></span> 
     </span>
     <span class='ocr_line' id='line_1_39' title="bbox 147 2401 1003 2455; baseline -0.03 1"><span class='ocrx_word' id='word_1_226' title='bbox 147 2419 306 2455; x_wconf 85' lang='lat' dir='ltr'><strong>Ederave</strong></span> <span class='ocrx_word' id='word_1_227' title='bbox 324 2412 462 2452; x_wconf 86' lang='lat' dir='ltr'><strong>mollem</strong></span> <span class='ocrx_word' id='word_1_228' title='bbox 485 2407 659 2453; x_wconf 84' lang='lat' dir='ltr'><strong>Baccisera</strong></span> <span class='ocrx_word' id='word_1_229' title='bbox 680 2402 822 2450; x_wconf 80' lang='lat' dir='ltr'><strong>religare</strong></span> <span class='ocrx_word' id='word_1_230' title='bbox 833 2401 1003 2446; x_wconf 86' lang='lat' dir='ltr'><strong>frontem.</strong></span> 
     </span>
    </p>
   </div>
   <div class='ocr_carea' id='block_1_19' title="bbox 96 2460 1144 2574">
    <p class='ocr_par' dir='ltr' id='par_1_19' title="bbox 96 2460 1144 2574">
     <span class='ocr_line' id='line_1_40' title="bbox 96 2460 1144 2522; baseline -0.026 0"><span class='ocrx_word' id='word_1_231' title='bbox 96 2484 214 2522; x_wconf 90' lang='lat' dir='ltr'><strong>Libro</strong></span> <span class='ocrx_word' id='word_1_232' title='bbox 236 2492 299 2518; x_wconf 83' lang='lat'><em>111.</em></span> <span class='ocrx_word' id='word_1_233' title='bbox 324 2477 414 2514; x_wconf 76' lang='lat' dir='ltr'>Fast.</span> <span class='ocrx_word' id='word_1_234' title='bbox 443 2472 560 2510; x_wconf 85' lang='lat' dir='ltr'><strong>reddit</strong></span> <span class='ocrx_word' id='word_1_235' title='bbox 581 2471 765 2506; x_wconf 86' lang='lat' dir='ltr'><strong>rationem</strong></span> <span class='ocrx_word' id='word_1_236' title='bbox 785 2467 897 2512; x_wconf 66' lang='lat' dir='ltr'><strong>poeta</strong></span> <span class='ocrx_word' id='word_1_237' title='bbox 915 2460 1058 2503; x_wconf 85' lang='lat' dir='ltr'><strong>noster,</strong></span> <span class='ocrx_word' id='word_1_238' title='bbox 1080 2468 1144 2496; x_wconf 88' lang='lat' dir='ltr'><strong>cur</strong></span> 
     </span>
     <span class='ocr_line' id='line_1_41' title="bbox 99 2512 918 2574; baseline -0.031 0"><span class='ocrx_word' id='word_1_239' title='bbox 99 2535 208 2574; x_wconf 85' lang='lat' dir='ltr'><strong>edera</strong></span> <span class='ocrx_word' id='word_1_240' title='bbox 225 2531 265 2569; x_wconf 81' lang='lat' dir='ltr'><strong>sit</strong></span> <span class='ocrx_word' id='word_1_241' title='bbox 289 2528 433 2567; x_wconf 80' lang='lat' dir='ltr'><strong>Baccho</strong></span> <span class='ocrx_word' id='word_1_242' title='bbox 453 2521 672 2572; x_wconf 83' lang='lat' dir='ltr'><strong>gratissima:</strong></span> <span class='ocrx_word' id='word_1_243' title='bbox 702 2516 762 2553; x_wconf 92' lang='lat' dir='ltr'><strong>ubi</strong></span> <span class='ocrx_word' id='word_1_244' title='bbox 782 2516 830 2552; x_wconf 84' lang='lat' dir='ltr'><strong>ita</strong></span> <span class='ocrx_word' id='word_1_245' title='bbox 851 2512 918 2551; x_wconf 88' lang='lat' dir='ltr'><strong>est:</strong></span> 
     </span>
    </p>
   </div>
   <div class='ocr_carea' id='block_1_20' title="bbox 152 2571 1122 2696">
    <p class='ocr_par' dir='ltr' id='par_1_20' title="bbox 152 2571 1122 2696">
     <span class='ocr_line' id='line_1_42' title="bbox 152 2571 1122 2638; baseline -0.023 0"><span class='ocrx_word' id='word_1_246' title='bbox 152 2606 227 2638; x_wconf 88' lang='lat' dir='ltr'><strong>Cur</strong></span> <span class='ocrx_word' id='word_1_247' title='bbox 246 2598 344 2635; x_wconf 87' lang='lat' dir='ltr'><strong>edera</strong></span> <span class='ocrx_word' id='word_1_248' title='bbox 364 2594 475 2631; x_wconf 72' lang='lat' dir='ltr'><strong>cincla</strong></span> <span class='ocrx_word' id='word_1_249' title='bbox 492 2589 560 2636; x_wconf 82' lang='lat' dir='ltr'><strong>est?</strong></span> <span class='ocrx_word' id='word_1_250' title='bbox 583 2587 685 2624; x_wconf 83' lang='lat' dir='ltr'><strong>edera</strong></span> <span class='ocrx_word' id='word_1_251' title='bbox 704 2583 747 2630; x_wconf 69' lang='lat' dir='ltr'><strong>esi</strong></span> <span class='ocrx_word' id='word_1_252' title='bbox 762 2579 955 2631; x_wconf 83' lang='lat' dir='ltr'><strong>gratiffima</strong></span> <span class='ocrx_word' id='word_1_253' title='bbox 977 2571 1122 2616; x_wconf 61' lang='lat' dir='ltr'><strong>fiaccho.</strong></span> 
     </span>
     <span class='ocr_line' id='line_1_43' title="bbox 202 2629 1095 2696; baseline -0.024 -10"><span class='ocrx_word' id='word_1_254' title='bbox 202 2658 272 2688; x_wconf 86' lang='lat' dir='ltr'><strong>Hoc</strong></span> <span class='ocrx_word' id='word_1_255' title='bbox 290 2658 420 2696; x_wconf 86' lang='lat' dir='ltr'><strong>quoque</strong></span> <span class='ocrx_word' id='word_1_256' title='bbox 437 2655 496 2679; x_wconf 89' lang='lat' dir='ltr'><strong>cur</strong></span> <span class='ocrx_word' id='word_1_257' title='bbox 513 2641 566 2677; x_wconf 82' lang='lat' dir='ltr'><strong>ita</strong></span> <span class='ocrx_word' id='word_1_258' title='bbox 578 2637 624 2687; x_wconf 82' lang='lat' dir='ltr'><strong>sic</strong></span> <span class='ocrx_word' id='word_1_259' title='bbox 641 2665 650 2680; x_wconf 92' lang='lat'>,</span> <span class='ocrx_word' id='word_1_260' title='bbox 677 2635 784 2673; x_wconf 81' lang='lat' dir='ltr'><strong>dicere</strong></span> <span class='ocrx_word' id='word_1_261' title='bbox 803 2632 903 2670; x_wconf 85' lang='lat' dir='ltr'><strong>nulla</strong></span> <span class='ocrx_word' id='word_1_262' title='bbox 924 2643 1020 2667; x_wconf 85' lang='lat' dir='ltr'><strong>mora</strong></span> <span class='ocrx_word' id='word_1_263' title='bbox 1041 2629 1095 2675; x_wconf 84' lang='lat' dir='ltr'><strong>est.</strong></span> 
     </span>
    </p>
   </div>
   <div class='ocr_carea' id='block_1_21' title="bbox 148 2692 1107 2795">
    <p class='ocr_par' dir='ltr' id='par_1_21' title="bbox 148 2692 1107 2795">
     <span class='ocr_line' id='line_1_44' title="bbox 148 2692 1107 2753; baseline -0.027 -12"><span class='ocrx_word' id='word_1_264' title='bbox 148 2700 315 2753; x_wconf 70' lang='lat' dir='ltr'><strong>Nyfiades</strong></span> <span class='ocrx_word' id='word_1_265' title='bbox 339 2692 520 2744; x_wconf 64' lang='lat' dir='ltr'><strong>Nymphas</strong></span> <span class='ocrx_word' id='word_1_266' title='bbox 536 2720 545 2733; x_wconf 87' lang='lat'><strong><em>‚</em></strong></span> <span class='ocrx_word' id='word_1_267' title='bbox 572 2700 715 2736; x_wconf 89' lang='lat' dir='ltr'><strong>puerum</strong></span> <span class='ocrx_word' id='word_1_268' title='bbox 734 2693 916 2733; x_wconf 82' lang='lat' dir='ltr'><strong>quaerente</strong></span> <span class='ocrx_word' id='word_1_269' title='bbox 938 2693 1082 2719; x_wconf 84' lang='lat' dir='ltr'><strong>noverca</strong></span> <span class='ocrx_word' id='word_1_270' title='bbox 1096 2707 1107 2725; x_wconf 92' lang='lat'>‚</span> 
     </span>
     <span class='ocr_line' id='line_1_45' title="bbox 200 2735 925 2795; baseline -0.026 -5"><span class='ocrx_word' id='word_1_271' title='bbox 200 2760 300 2790; x_wconf 86' lang='lat' dir='ltr'><strong>Hanc</strong></span> <span class='ocrx_word' id='word_1_272' title='bbox 317 2747 475 2795; x_wconf 70' lang='lat' dir='ltr'><strong>frondem</strong></span> <span class='ocrx_word' id='word_1_273' title='bbox 496 2741 591 2779; x_wconf 87' lang='lat' dir='ltr'><strong>cunis</strong></span> <span class='ocrx_word' id='word_1_274' title='bbox 608 2735 778 2788; x_wconf 78' lang='lat' dir='ltr'><strong>opposuiffe</strong></span> <span class='ocrx_word' id='word_1_275' title='bbox 791 2737 925 2782; x_wconf 85' lang='lat' dir='ltr'><strong>ferunt.</strong></span> 
     </span>
    </p>
   </div>
   <div class='ocr_carea' id='block_1_22' title="bbox 99 2811 1151 3074">
    <p class='ocr_par' dir='ltr' id='par_1_22' title="bbox 99 2811 1151 3074">
     <span class='ocr_line' id='line_1_46' title="bbox 99 2811 1148 2879; baseline -0.025 -9"><span class='ocrx_word' id='word_1_276' title='bbox 99 2832 251 2879; x_wconf 79' lang='lat' dir='ltr'><strong>Degens</strong></span> <span class='ocrx_word' id='word_1_277' title='bbox 270 2829 378 2877; x_wconf 79' lang='lat' dir='ltr'><strong>igitur</strong></span> <span class='ocrx_word' id='word_1_278' title='bbox 397 2822 557 2860; x_wconf 89' lang='lat' dir='ltr'><strong>Ovidius</strong></span> <span class='ocrx_word' id='word_1_279' title='bbox 575 2820 612 2857; x_wconf 91' lang='lat' dir='ltr'><strong>in</strong></span> <span class='ocrx_word' id='word_1_280' title='bbox 626 2816 752 2856; x_wconf 80' lang='lat' dir='ltr'><strong>exsilio</strong></span> <span class='ocrx_word' id='word_1_281' title='bbox 774 2813 795 2852; x_wconf 81' lang='grc' dir='ltr'>ὲ</span> <span class='ocrx_word' id='word_1_282' title='bbox 815 2813 878 2851; x_wconf 93' lang='lat' dir='ltr'><strong>suo</strong></span> <span class='ocrx_word' id='word_1_283' title='bbox 900 2811 1018 2859; x_wconf 88' lang='lat' dir='ltr'><strong>capite</strong></span> <span class='ocrx_word' id='word_1_284' title='bbox 1036 2820 1148 2847; x_wconf 86' lang='lat' dir='ltr'><strong>coro·</strong></span> 
     </span>
     <span class='ocr_line' id='line_1_47' title="bbox 99 2862 1147 2926; baseline -0.026 -5"><span class='ocrx_word' id='word_1_285' title='bbox 99 2894 185 2922; x_wconf 85' lang='lat' dir='ltr'><strong>nam</strong></span> <span class='ocrx_word' id='word_1_286' title='bbox 207 2878 383 2926; x_wconf 59' lang='lat' dir='ltr'><strong>dempfin</strong></span> <span class='ocrx_word' id='word_1_287' title='bbox 412 2873 534 2921; x_wconf 85' lang='lat' dir='ltr'><strong>postea</strong></span> <span class='ocrx_word' id='word_1_288' title='bbox 552 2881 641 2907; x_wconf 89' lang='lat' dir='ltr'><strong>vero</strong></span> <span class='ocrx_word' id='word_1_289' title='bbox 664 2868 685 2906; x_wconf 57' lang='lat' dir='ltr'><strong>*a</strong></span> <span class='ocrx_word' id='word_1_290' title='bbox 714 2864 902 2907; x_wconf 66' lang='lat' dir='ltr'><strong>Tomstis,</strong></span> <span class='ocrx_word' id='word_1_291' title='bbox 928 2862 1147 2911; x_wconf 86' lang='lat' dir='ltr'><strong>quibuscum</strong></span> 
     </span>
     <span class='ocr_line' id='line_1_48' title="bbox 101 2911 1149 2981; baseline -0.026 -9"><span class='ocrx_word' id='word_1_292' title='bbox 101 2934 238 2981; x_wconf 84' lang='lat' dir='ltr'><strong>septem</strong></span> <span class='ocrx_word' id='word_1_293' title='bbox 267 2929 359 2978; x_wconf 83' lang='lat' dir='ltr'><strong>ipsos</strong></span> <span class='ocrx_word' id='word_1_294' title='bbox 381 2936 498 2963; x_wconf 82' lang='lat' dir='ltr'><strong>annos</strong></span> <span class='ocrx_word' id='word_1_295' title='bbox 530 2924 670 2959; x_wconf 86' lang='lat' dir='ltr'><strong>vixerat</strong></span> <span class='ocrx_word' id='word_1_296' title='bbox 693 2947 703 2963; x_wconf 94' lang='lat'>,</span> <span class='ocrx_word' id='word_1_297' title='bbox 730 2917 779 2954; x_wconf 92' lang='lat' dir='ltr'><strong>ob</strong></span> <span class='ocrx_word' id='word_1_298' title='bbox 803 2915 898 2952; x_wconf 89' lang='lat' dir='ltr'><strong>vitae</strong></span> <span class='ocrx_word' id='word_1_299' title='bbox 923 2911 1121 2950; x_wconf 84' lang='lat' dir='ltr'><strong>candorem</strong></span> <span class='ocrx_word' id='word_1_300' title='bbox 1138 2936 1149 2952; x_wconf 90' lang='lat'><strong>‚</strong></span> 
     </span>
     <span class='ocr_line' id='line_1_49' title="bbox 103 2961 1151 3026; baseline -0.024 -4"><span class='ocrx_word' id='word_1_301' title='bbox 103 2995 187 3022; x_wconf 89' lang='lat' dir='ltr'><strong>cum</strong></span> <span class='ocrx_word' id='word_1_302' title='bbox 210 2982 267 3018; x_wconf 77' lang='lat' dir='ltr'><strong>aiii</strong></span> <span class='ocrx_word' id='word_1_303' title='bbox 299 2978 458 3026; x_wconf 83' lang='lat' dir='ltr'><strong>hospites</strong></span> <span class='ocrx_word' id='word_1_304' title='bbox 487 2971 777 3011; x_wconf 83' lang='lat' dir='ltr'><strong>interficerentur</strong></span> <span class='ocrx_word' id='word_1_305' title='bbox 799 2994 808 3010; x_wconf 94' lang='lat'><strong>‚</strong></span> <span class='ocrx_word' id='word_1_306' title='bbox 846 2965 980 3003; x_wconf 86' lang='lat' dir='ltr'><strong>invitus</strong></span> <span class='ocrx_word' id='word_1_307' title='bbox 1008 2961 1151 3010; x_wconf 90' lang='lat' dir='ltr'><strong>publice</strong></span> 
     </span>
     <span class='ocr_line' id='line_1_50' title="bbox 106 3015 1032 3074; baseline -0.024 -1"><span class='ocrx_word' id='word_1_308' title='bbox 106 3042 302 3074; x_wconf 86' lang='lat' dir='ltr'><strong>coronatus</strong></span> <span class='ocrx_word' id='word_1_309' title='bbox 322 3030 381 3068; x_wconf 85' lang='lat' dir='ltr'><strong>est.</strong></span> <span class='ocrx_word' id='word_1_310' title='bbox 412 3026 537 3074; x_wconf 78' lang='lat' dir='ltr'><strong>Eiegia</strong></span> <span class='ocrx_word' id='word_1_311' title='bbox 557 3034 637 3062; x_wconf 78' lang='lat' dir='ltr'><strong>xxv,</strong></span> <span class='ocrx_word' id='word_1_312' title='bbox 659 3021 721 3059; x_wconf 86' lang='lat' dir='ltr'><strong>lib.</strong></span> <span class='ocrx_word' id='word_1_313' title='bbox 742 3030 797 3055; x_wconf 71' lang='grc' dir='ltr'><strong>ιν.</strong></span> <span class='ocrx_word' id='word_1_314' title='bbox 815 3017 875 3054; x_wconf 92' lang='lat' dir='ltr'><strong>De</strong></span> <span class='ocrx_word' id='word_1_315' title='bbox 897 3015 1032 3053; x_wconf 87' lang='lat' dir='ltr'><strong>Ponto.</strong></span> 
     </span>
    </p>
   </div>
   <div class='ocr_carea' id='block_1_23' title="bbox 158 3094 1001 3203">
    <p class='ocr_par' dir='ltr' id='par_1_23' title="bbox 158 3094 1001 3203">
     <span class='ocr_line' id='line_1_51' title="bbox 158 3094 1001 3160; baseline -0.031 -10"><span class='ocrx_word' id='word_1_316' title='bbox 158 3117 323 3160; x_wconf 88' lang='lat' dir='ltr'><strong>Tempora</strong></span> <span class='ocrx_word' id='word_1_317' title='bbox 343 3107 482 3153; x_wconf 82' lang='lat' dir='ltr'><strong>sacrata</strong></span> <span class='ocrx_word' id='word_1_318' title='bbox 503 3112 578 3139; x_wconf 88' lang='lat' dir='ltr'><strong>mea</strong></span> <span class='ocrx_word' id='word_1_319' title='bbox 593 3098 680 3146; x_wconf 83' lang='lat' dir='ltr'><strong>sunt</strong></span> <span class='ocrx_word' id='word_1_320' title='bbox 699 3094 823 3131; x_wconf 84' lang='lat' dir='ltr'><strong>velata</strong></span> <span class='ocrx_word' id='word_1_321' title='bbox 854 3104 975 3128; x_wconf 88' lang='lat' dir='ltr'><strong>corona</strong></span> <span class='ocrx_word' id='word_1_322' title='bbox 989 3117 1001 3135; x_wconf 90' lang='lat'>,</span> 
     </span>
     <span class='ocr_line' id='line_1_52' title="bbox 212 3141 951 3203; baseline -0.03 -4"><span class='ocrx_word' id='word_1_323' title='bbox 212 3160 370 3198; x_wconf 76' lang='lat' dir='ltr'><em>Publicus</em></span> <span class='ocrx_word' id='word_1_324' title='bbox 398 3155 511 3193; x_wconf 82' lang='lat' dir='ltr'><strong>invito</strong></span> <span class='ocrx_word' id='word_1_325' title='bbox 531 3163 638 3203; x_wconf 86' lang='lat' dir='ltr'><strong>quam</strong></span> <span class='ocrx_word' id='word_1_326' title='bbox 651 3149 763 3194; x_wconf 84' lang='lat' dir='ltr'><strong>favor</strong></span> <span class='ocrx_word' id='word_1_327' title='bbox 782 3141 951 3192; x_wconf 80' lang='lat' dir='ltr'><strong>imposuit.</strong></span> 
     </span>
    </p>
   </div>
   <div class='ocr_carea' id='block_1_24' title="bbox 107 3205 1157 3326">
    <p class='ocr_par' dir='ltr' id='par_1_24' title="bbox 107 3205 1157 3326">
     <span class='ocr_line' id='line_1_53' title="bbox 108 3205 1154 3274; baseline -0.03 -1"><span class='ocrx_word' id='word_1_328' title='bbox 108 3234 207 3274; x_wconf 83' lang='lat' dir='ltr'><strong>Infra</strong></span> <span class='ocrx_word' id='word_1_329' title='bbox 229 3239 350 3268; x_wconf 82' lang='lat' dir='ltr'><strong>autern</strong></span> <span class='ocrx_word' id='word_1_330' title='bbox 367 3256 377 3271; x_wconf 87' lang='lat'><em>‚</em></span> <span class='ocrx_word' id='word_1_331' title='bbox 402 3235 441 3264; x_wconf 89' lang='lat' dir='ltr'><strong>ut</strong></span> <span class='ocrx_word' id='word_1_332' title='bbox 459 3225 534 3262; x_wconf 89' lang='lat' dir='ltr'><strong>hoc</strong></span> <span class='ocrx_word' id='word_1_333' title='bbox 556 3227 709 3268; x_wconf 88' lang='lat' dir='ltr'><strong>quoque</strong></span> <span class='ocrx_word' id='word_1_334' title='bbox 731 3221 859 3253; x_wconf 89' lang='lat' dir='ltr'><strong>notem</strong></span> <span class='ocrx_word' id='word_1_335' title='bbox 875 3240 883 3250; x_wconf 83' lang='grc'>,</span> <span class='ocrx_word' id='word_1_336' title='bbox 910 3222 986 3248; x_wconf 87' lang='lat' dir='ltr'><strong>non</strong></span> <span class='ocrx_word' id='word_1_337' title='bbox 1011 3220 1056 3244; x_wconf 73' lang='lat' dir='ltr'><strong>ex</strong></span> <span class='ocrx_word' id='word_1_338' title='bbox 1070 3205 1154 3244; x_wconf 87' lang='lat' dir='ltr'><strong>ede-</strong></span> 
     </span>
     <span class='ocr_line' id='line_1_54' title="bbox 107 3257 1157 3326; baseline -0.028 -3"><span class='ocrx_word' id='word_1_339' title='bbox 107 3297 171 3326; x_wconf 80' lang='lat' dir='ltr'><strong>ra,</strong></span> <span class='ocrx_word' id='word_1_340' title='bbox 196 3281 255 3319; x_wconf 87' lang='lat' dir='ltr'><strong>sed</strong></span> <span class='ocrx_word' id='word_1_341' title='bbox 277 3292 320 3316; x_wconf 82' lang='lat' dir='ltr'><strong>ex</strong></span> <span class='ocrx_word' id='word_1_342' title='bbox 339 3279 443 3316; x_wconf 78' lang='lat' dir='ltr'><strong>lauro</strong></span> <span class='ocrx_word' id='word_1_343' title='bbox 467 3277 503 3312; x_wconf 72' lang='grc' dir='ltr'><strong>δε</strong></span> <span class='ocrx_word' id='word_1_344' title='bbox 528 3278 653 3320; x_wconf 86' lang='lat' dir='ltr'><strong>myrto</strong></span> <span class='ocrx_word' id='word_1_345' title='bbox 677 3275 856 3306; x_wconf 84' lang='lat' dir='ltr'><strong>coronam</strong></span> <span class='ocrx_word' id='word_1_346' title='bbox 878 3261 911 3300; x_wconf 87' lang='lat' dir='ltr'><strong>se</strong></span> <span class='ocrx_word' id='word_1_347' title='bbox 936 3258 1073 3310; x_wconf 83' lang='lat' dir='ltr'><strong>geffiffe</strong></span> <span class='ocrx_word' id='word_1_348' title='bbox 1094 3257 1157 3296; x_wconf 87' lang='lat' dir='ltr'><strong>ait.</strong></span> 
     </span>
    </p>
   </div>
   <div class='ocr_carea' id='block_1_25' title="bbox 110 3323 650 3377">
    <p class='ocr_par' dir='ltr' id='par_1_25' title="bbox 110 3323 650 3377">
     <span class='ocr_line' id='line_1_55' title="bbox 110 3323 650 3377; baseline -0.035 -1"><span class='ocrx_word' id='word_1_349' title='bbox 110 3335 172 3377; x_wconf 83' lang='lat' dir='ltr'><strong>lib.</strong></span> <span class='ocrx_word' id='word_1_350' title='bbox 191 3346 236 3372; x_wconf 84' lang='lat' dir='ltr'><strong>u.</strong></span> <span class='ocrx_word' id='word_1_351' title='bbox 264 3331 324 3369; x_wconf 90' lang='lat' dir='ltr'><strong>De</strong></span> <span class='ocrx_word' id='word_1_352' title='bbox 343 3330 467 3367; x_wconf 85' lang='lat' dir='ltr'><strong>Ponto</strong></span> <span class='ocrx_word' id='word_1_353' title='bbox 488 3323 592 3371; x_wconf 81' lang='lat' dir='ltr'><strong>Eleg.</strong></span> <span class='ocrx_word' id='word_1_354' title='bbox 613 3332 650 3358; x_wconf 89' lang='lat' dir='ltr'><strong>v.</strong></span> 
     </span>
    </p>
   </div>
   <div class='ocr_carea' id='block_1_26' title="bbox 1228 1021 2117 1122">
    <p class='ocr_par' dir='ltr' id='par_1_26' title="bbox 1228 1021 2117 1122">
     <span class='ocr_line' id='line_1_56' title="bbox 1228 1021 2053 1070; baseline 0.004 -13"><span class='ocrx_word' id='word_1_355' title='bbox 1228 1021 1295 1070; x_wconf 77' lang='lat' dir='ltr'><strong>Ipse</strong></span> <span class='ocrx_word' id='word_1_356' title='bbox 1323 1021 1530 1068; x_wconf 83' lang='lat' dir='ltr'><strong>triumphali</strong></span> <span class='ocrx_word' id='word_1_357' title='bbox 1551 1021 1732 1058; x_wconf 63' lang='lat' dir='ltr'><strong>devinam</strong></span> <span class='ocrx_word' id='word_1_358' title='bbox 1751 1031 1902 1070; x_wconf 85' lang='lat' dir='ltr'><strong>tempora</strong></span> <span class='ocrx_word' id='word_1_359' title='bbox 1926 1022 2023 1060; x_wconf 85' lang='lat' dir='ltr'><strong>lauro</strong></span> <span class='ocrx_word' id='word_1_360' title='bbox 2042 1052 2053 1068; x_wconf 94' lang='lat'><strong>,</strong></span> 
     </span>
     <span class='ocr_line' id='line_1_57' title="bbox 1285 1072 2117 1122; baseline 0.006 -15"><span class='ocrx_word' id='word_1_361' title='bbox 1285 1076 1383 1107; x_wconf 88' lang='lat' dir='ltr'><strong>Dum</strong></span> <span class='ocrx_word' id='word_1_362' title='bbox 1407 1072 1589 1108; x_wconf 81' lang='lat' dir='ltr'><strong>cumulant</strong></span> <span class='ocrx_word' id='word_1_363' title='bbox 1609 1086 1689 1108; x_wconf 84' lang='lat' dir='ltr'><strong>aras</strong></span> <span class='ocrx_word' id='word_1_364' title='bbox 1704 1101 1714 1116; x_wconf 92' lang='lat'><strong><em>‚</em></strong></span> <span class='ocrx_word' id='word_1_365' title='bbox 1743 1073 1791 1109; x_wconf 87' lang='lat' dir='ltr'><strong>ad</strong></span> <span class='ocrx_word' id='word_1_366' title='bbox 1814 1086 1878 1110; x_wconf 84' lang='lat' dir='ltr'><strong>tua</strong></span> <span class='ocrx_word' id='word_1_367' title='bbox 1895 1076 2000 1122; x_wconf 86' lang='lat' dir='ltr'><strong>sacra</strong></span> <span class='ocrx_word' id='word_1_368' title='bbox 2022 1075 2117 1113; x_wconf 80' lang='lat' dir='ltr'><strong>veni.</strong></span> 
     </span>
    </p>
   </div>
   <div class='ocr_carea' id='block_1_27' title="bbox 1179 1132 2043 1183">
    <p class='ocr_par' dir='ltr' id='par_1_27' title="bbox 1179 1132 2043 1183">
     <span class='ocr_line' id='line_1_58' title="bbox 1179 1132 2043 1183; baseline 0.002 -13"><span class='ocrx_word' id='word_1_369' title='bbox 1179 1132 1255 1171; x_wconf 83' lang='lat' dir='ltr'><strong>Hic</strong></span> <span class='ocrx_word' id='word_1_370' title='bbox 1278 1135 1411 1173; x_wconf 87' lang='lat' dir='ltr'><strong>Noster</strong></span> <span class='ocrx_word' id='word_1_371' title='bbox 1431 1136 1491 1173; x_wconf 89' lang='lat' dir='ltr'><strong>lib.</strong></span> <span class='ocrx_word' id='word_1_372' title='bbox 1516 1149 1570 1173; x_wconf 92' lang='lat' dir='ltr'><strong>1v.</strong></span> <span class='ocrx_word' id='word_1_373' title='bbox 1603 1137 1689 1173; x_wconf 77' lang='lat' dir='ltr'>Fast.</span> <span class='ocrx_word' id='word_1_374' title='bbox 1712 1136 1772 1173; x_wconf 90' lang='lat' dir='ltr'><strong>sub</strong></span> <span class='ocrx_word' id='word_1_375' title='bbox 1796 1137 2043 1183; x_wconf 86' lang='lat' dir='ltr'><strong>principium:</strong></span> 
     </span>
    </p>
   </div>
   <div class='ocr_carea' id='block_1_28' title="bbox 1232 1201 2075 1301">
    <p class='ocr_par' dir='ltr' id='par_1_28' title="bbox 1232 1201 2075 1301">
     <span class='ocr_line' id='line_1_59' title="bbox 1232 1201 2075 1288; baseline 0.001 -51"><span class='ocrx_word' id='word_1_376' title='bbox 1232 1206 1336 1288; x_wconf 53' lang='lat' dir='ltr'><strong>Moga</strong></span> <span class='ocrx_word' id='word_1_377' title='bbox 1357 1202 1526 1258; x_wconf 65' lang='lat' dir='ltr'><strong>Cyrherea</strong></span> <span class='ocrx_word' id='word_1_378' title='bbox 1552 1201 1676 1238; x_wconf 85' lang='lat' dir='ltr'><strong>leviter</strong></span> <span class='ocrx_word' id='word_1_379' title='bbox 1695 1215 1770 1240; x_wconf 90' lang='lat' dir='ltr'><strong>mea</strong></span> <span class='ocrx_word' id='word_1_380' title='bbox 1789 1211 1942 1252; x_wconf 81' lang='lat' dir='ltr'><strong>tempora</strong></span> <span class='ocrx_word' id='word_1_381' title='bbox 1961 1211 2075 1250; x_wconf 68' lang='lat' dir='ltr'><strong>myrto</strong></span> 
     </span>
     <span class='ocr_line' id='line_1_60' title="bbox 1318 1262 1452 1301; baseline 0.015 -14"><span class='ocrx_word' id='word_1_382' title='bbox 1318 1262 1452 1301; x_wconf 78' lang='lat' dir='ltr'><strong>ontigzt.</strong></span> 
     </span>
    </p>
   </div>
   <div class='ocr_carea' id='block_1_29' title="bbox 1183 1314 1688 1364">
    <p class='ocr_par' dir='ltr' id='par_1_29' title="bbox 1183 1314 1688 1364">
     <span class='ocr_line' id='line_1_61' title="bbox 1183 1314 1688 1364; baseline -0.006 -9"><span class='ocrx_word' id='word_1_383' title='bbox 1183 1317 1224 1355; x_wconf 74' lang='grc' dir='ltr'><strong>δε</strong></span> <span class='ocrx_word' id='word_1_384' title='bbox 1245 1315 1305 1354; x_wconf 89' lang='lat' dir='ltr'><strong>lib.</strong></span> <span class='ocrx_word' id='word_1_385' title='bbox 1327 1327 1353 1353; x_wconf 87' lang='lat'><strong>1.</strong></span> <span class='ocrx_word' id='word_1_386' title='bbox 1376 1316 1509 1353; x_wconf 86' lang='lat' dir='ltr'><strong>Amor.</strong></span> <span class='ocrx_word' id='word_1_387' title='bbox 1535 1314 1637 1364; x_wconf 87' lang='lat' dir='ltr'><strong>Eleg.</strong></span> <span class='ocrx_word' id='word_1_388' title='bbox 1661 1328 1688 1352; x_wconf 84' lang='lat'><strong>1.</strong></span> 
     </span>
    </p>
   </div>
   <div class='ocr_carea' id='block_1_30' title="bbox 1237 1377 2036 1479">
    <p class='ocr_par' dir='ltr' id='par_1_30' title="bbox 1237 1377 2036 1479">
     <span class='ocr_line' id='line_1_62' title="bbox 1237 1377 2032 1427; baseline -0.001 -11"><span class='ocrx_word' id='word_1_389' title='bbox 1237 1378 1379 1427; x_wconf 84' lang='lat' dir='ltr'><strong>Cingere</strong></span> <span class='ocrx_word' id='word_1_390' title='bbox 1397 1378 1534 1416; x_wconf 81' lang='lat' dir='ltr'><strong>littorea</strong></span> <span class='ocrx_word' id='word_1_391' title='bbox 1549 1377 1727 1426; x_wconf 81' lang='lat' dir='ltr'><strong>flaventia</strong></span> <span class='ocrx_word' id='word_1_392' title='bbox 1748 1387 1897 1425; x_wconf 83' lang='lat' dir='ltr'><strong>tempora</strong></span> <span class='ocrx_word' id='word_1_393' title='bbox 1920 1388 2032 1426; x_wconf 68' lang='lat' dir='ltr'><strong>myrto</strong></span> 
     </span>
     <span class='ocr_line' id='line_1_63' title="bbox 1289 1429 2036 1479; baseline 0.003 -13"><span class='ocrx_word' id='word_1_394' title='bbox 1289 1435 1394 1478; x_wconf 88' lang='lat' dir='ltr'><strong>Musa</strong></span> <span class='ocrx_word' id='word_1_395' title='bbox 1409 1439 1468 1479; x_wconf 88' lang='lat' dir='ltr'><strong>per</strong></span> <span class='ocrx_word' id='word_1_396' title='bbox 1488 1430 1638 1467; x_wconf 87' lang='lat' dir='ltr'><strong>undenos</strong></span> <span class='ocrx_word' id='word_1_397' title='bbox 1656 1429 1888 1467; x_wconf 83' lang='lat' dir='ltr'><strong>emodulanda</strong></span> <span class='ocrx_word' id='word_1_398' title='bbox 1910 1431 2036 1468; x_wconf 81' lang='lat' dir='ltr'><strong>modos.</strong></span> 
     </span>
    </p>
   </div>
   <div class='ocr_carea' id='block_1_31' title="bbox 1188 1489 1469 1541">
    <p class='ocr_par' dir='ltr' id='par_1_31' title="bbox 1188 1489 1469 1541">
     <span class='ocr_line' id='line_1_64' title="bbox 1188 1489 1469 1541; baseline 0.007 -13"><span class='ocrx_word' id='word_1_399' title='bbox 1188 1489 1235 1530; x_wconf 86' lang='lat' dir='ltr'><strong>Et</strong></span> <span class='ocrx_word' id='word_1_400' title='bbox 1257 1491 1384 1541; x_wconf 85' lang='lat' dir='ltr'><strong>Elegia</strong></span> <span class='ocrx_word' id='word_1_401' title='bbox 1405 1493 1469 1531; x_wconf 88' lang='lat' dir='ltr'><strong>ult.</strong></span> 
     </span>
    </p>
   </div>
   <div class='ocr_carea' id='block_1_32' title="bbox 1189 1556 2190 1644">
    <p class='ocr_par' dir='ltr' id='par_1_32' title="bbox 1189 1556 2190 1644">
     <span class='ocr_line' id='line_1_65' title="bbox 1189 1556 2190 1643; baseline 0.004 -52"><span class='ocrx_word' id='word_1_402' title='bbox 1189 1605 1222 1643; x_wconf 81' lang='lat' dir='ltr'>C</span> <span class='ocrx_word' id='word_1_403' title='bbox 1240 1556 1496 1607; x_wconf 78' lang='lat' dir='ltr'><strong>Sustineamque</strong></span> <span class='ocrx_word' id='word_1_404' title='bbox 1517 1569 1611 1593; x_wconf 89' lang='lat' dir='ltr'><strong>coma</strong></span> <span class='ocrx_word' id='word_1_405' title='bbox 1634 1566 1842 1595; x_wconf 79' lang='lat' dir='ltr'><strong>metuentem</strong></span> <span class='ocrx_word' id='word_1_406' title='bbox 1863 1556 1998 1606; x_wconf 84' lang='lat' dir='ltr'><strong>frigora</strong></span> <span class='ocrx_word' id='word_1_407' title='bbox 2018 1559 2190 1605; x_wconf 61' lang='lat' dir='ltr'><strong>myrtum}</strong></span> 
     </span>
     <span class='ocr_line' id='line_1_66' title="bbox 1227 1619 1361 1644; baseline 0.007 -1"><span class='ocrx_word' id='word_1_408' title='bbox 1227 1619 1361 1644; x_wconf 65' lang='grc' dir='ltr'>ιοΡΑΝ.</span> 
     </span>
    </p>
   </div>
   <div class='ocr_carea' id='block_1_33' title="bbox 1191 1673 2242 1827">
    <p class='ocr_par' dir='ltr' id='par_1_33' title="bbox 1191 1673 2242 1827">
     <span class='ocr_line' id='line_1_67' title="bbox 1240 1673 2239 1739; baseline -0.001 -24"><span class='ocrx_word' id='word_1_409' title='bbox 1240 1689 1284 1739; x_wconf 48' lang='grc' dir='ltr'><strong>4.χ</strong></span> <span class='ocrx_word' id='word_1_410' title='bbox 1305 1674 1521 1726; x_wconf 78' lang='lat' dir='ltr'><strong>Temporibus</strong></span> <span class='ocrx_word' id='word_1_411' title='bbox 1540 1674 1662 1724; x_wconf 86' lang='lat' dir='ltr'><strong>meis.]</strong></span> <span class='ocrx_word' id='word_1_412' title='bbox 1692 1675 1786 1713; x_wconf 88' lang='lat' dir='ltr'><strong>Meo</strong></span> <span class='ocrx_word' id='word_1_413' title='bbox 1808 1675 1939 1723; x_wconf 87' lang='lat' dir='ltr'><strong>capiti,</strong></span> <span class='ocrx_word' id='word_1_414' title='bbox 1967 1673 1987 1711; x_wconf 70' lang='grc' dir='ltr'>ὲ</span> <span class='ocrx_word' id='word_1_415' title='bbox 2007 1683 2239 1723; x_wconf 85' lang='lat' dir='ltr'><strong>partetotum</strong></span> 
     </span>
     <span class='ocr_line' id='line_1_68' title="bbox 1191 1725 2242 1783; baseline 0 -18"><span class='ocrx_word' id='word_1_416' title='bbox 1191 1741 1293 1765; x_wconf 62' lang='lat' dir='ltr'><strong>uati-a</strong></span> <span class='ocrx_word' id='word_1_417' title='bbox 1313 1727 1542 1783; x_wconf 69' lang='grc' dir='ltr'><strong><em>συνεκδοχήν.</em></strong></span> <span class='ocrx_word' id='word_1_418' title='bbox 1572 1726 1687 1763; x_wconf 81' lang='lat' dir='ltr'><strong>Falsus</strong></span> <span class='ocrx_word' id='word_1_419' title='bbox 1716 1725 1764 1763; x_wconf 86' lang='lat' dir='ltr'><strong>est</strong></span> <span class='ocrx_word' id='word_1_420' title='bbox 1790 1725 1853 1764; x_wconf 72' lang='lat' dir='ltr'><strong>hic</strong></span> <span class='ocrx_word' id='word_1_421' title='bbox 1885 1727 2053 1770; x_wconf 79' lang='lat' dir='ltr'><strong>Merula,</strong></span> <span class='ocrx_word' id='word_1_422' title='bbox 2081 1728 2143 1775; x_wconf 88' lang='lat' dir='ltr'><strong>qui</strong></span> <span class='ocrx_word' id='word_1_423' title='bbox 2167 1726 2242 1765; x_wconf 83' lang='lat' dir='ltr'><strong>alio</strong></span> 
     </span>
     <span class='ocr_line' id='line_1_69' title="bbox 1191 1778 1696 1827; baseline -0.01 -9"><span class='ocrx_word' id='word_1_424' title='bbox 1191 1779 1310 1818; x_wconf 86' lang='lat' dir='ltr'><strong>modo</strong></span> <span class='ocrx_word' id='word_1_425' title='bbox 1333 1788 1498 1827; x_wconf 80' lang='lat' dir='ltr'><strong>exponit.</strong></span> <span class='ocrx_word' id='word_1_426' title='bbox 1526 1778 1696 1814; x_wconf 46' lang='grc' dir='ltr'><strong>(ἶπον-ΑΝ.</strong></span> 
     </span>
    </p>
   </div>
   <div class='ocr_carea' id='block_1_34' title="bbox 1190 1838 2250 2296">
    <p class='ocr_par' dir='ltr' id='par_1_34' title="bbox 1190 1838 2250 2296">
     <span class='ocr_line' id='line_1_70' title="bbox 1208 1838 2245 1901; baseline 0 -21"><span class='ocrx_word' id='word_1_427' title='bbox 1208 1895 1212 1900; x_wconf 38' lang='grc'><em>.</em></span> <span class='ocrx_word' id='word_1_428' title='bbox 1244 1857 1278 1901; x_wconf 41' lang='grc' dir='ltr'><strong>ς..</strong></span> <span class='ocrx_word' id='word_1_429' title='bbox 1307 1843 1414 1880; x_wconf 78' lang='lat' dir='ltr'><strong>sentis</strong></span> <span class='ocrx_word' id='word_1_430' title='bbox 1439 1852 1558 1879; x_wconf 87' lang='lat' dir='ltr'><strong>tamen</strong></span> <span class='ocrx_word' id='word_1_431' title='bbox 1580 1842 1723 1889; x_wconf 87' lang='lat' dir='ltr'><strong>optime,</strong></span> <span class='ocrx_word' id='word_1_432' title='bbox 1750 1839 1858 1889; x_wconf 84' lang='lat' dir='ltr'><strong>dici.]</strong></span> <span class='ocrx_word' id='word_1_433' title='bbox 1907 1839 2009 1876; x_wconf 81' lang='lat' dir='ltr'><strong>Male</strong></span> <span class='ocrx_word' id='word_1_434' title='bbox 2036 1838 2174 1878; x_wconf 88' lang='lat' dir='ltr'><strong>habent</strong></span> <span class='ocrx_word' id='word_1_435' title='bbox 2195 1841 2245 1880; x_wconf 83' lang='lat' dir='ltr'><strong>ita</strong></span> 
     </span>
     <span class='ocr_line' id='line_1_71' title="bbox 1190 1890 2243 1951; baseline -0.002 -19"><span class='ocrx_word' id='word_1_436' title='bbox 1190 1894 1270 1951; x_wconf 76' lang='lat' dir='ltr'><strong>libri</strong></span> <span class='ocrx_word' id='word_1_437' title='bbox 1299 1894 1450 1942; x_wconf 82' lang='lat' dir='ltr'><strong>vulgari.</strong></span> <span class='ocrx_word' id='word_1_438' title='bbox 1478 1904 1570 1931; x_wconf 89' lang='lat' dir='ltr'><strong>unus</strong></span> <span class='ocrx_word' id='word_1_439' title='bbox 1599 1892 1719 1929; x_wconf 84' lang='lat' dir='ltr'><strong>Vatic.</strong></span> <span class='ocrx_word' id='word_1_440' title='bbox 1743 1890 1835 1938; x_wconf 84' lang='lat' dir='ltr'><strong>[enti</strong></span> <span class='ocrx_word' id='word_1_441' title='bbox 1865 1900 1985 1927; x_wconf 84' lang='lat' dir='ltr'><strong>tamen</strong></span> <span class='ocrx_word' id='word_1_442' title='bbox 2014 1891 2143 1928; x_wconf 83' lang='lat' dir='ltr'><strong>omnia.</strong></span> <span class='ocrx_word' id='word_1_443' title='bbox 2173 1901 2243 1930; x_wconf 87' lang='lat' dir='ltr'><strong>tres</strong></span> 
     </span>
     <span class='ocr_line' id='line_1_72' title="bbox 1193 1941 2247 1991; baseline -0.012 -8"><span class='ocrx_word' id='word_1_444' title='bbox 1193 1945 1252 1983; x_wconf 81' lang='lat' dir='ltr'><strong>alii</strong></span> <span class='ocrx_word' id='word_1_445' title='bbox 1274 1957 1318 1982; x_wconf 89' lang='lat' dir='ltr'><strong>ex</strong></span> <span class='ocrx_word' id='word_1_446' title='bbox 1339 1945 1469 1983; x_wconf 69' lang='lat' dir='ltr'><strong>eadem</strong></span> <span class='ocrx_word' id='word_1_447' title='bbox 1492 1944 1712 1981; x_wconf 83' lang='lat' dir='ltr'><strong>bibliotheca</strong></span> <span class='ocrx_word' id='word_1_448' title='bbox 1727 1971 1736 1985; x_wconf 87' lang='lat'><em>‚</em></span> <span class='ocrx_word' id='word_1_449' title='bbox 1758 1941 1852 1991; x_wconf 74' lang='lat' dir='ltr'><strong>senti</strong></span> <span class='ocrx_word' id='word_1_450' title='bbox 1873 1952 1993 1977; x_wconf 87' lang='lat' dir='ltr'><strong>tamen</strong></span> <span class='ocrx_word' id='word_1_451' title='bbox 2011 1941 2146 1990; x_wconf 87' lang='lat' dir='ltr'><strong>optime.</strong></span> <span class='ocrx_word' id='word_1_452' title='bbox 2174 1943 2247 1980; x_wconf 87' lang='lat' dir='ltr'><strong>At-</strong></span> 
     </span>
     <span class='ocr_line' id='line_1_73' title="bbox 1197 1990 2250 2048; baseline -0.002 -15"><span class='ocrx_word' id='word_1_453' title='bbox 1197 2008 1293 2048; x_wconf 80' lang='lat' dir='ltr'><strong>quae</strong></span> <span class='ocrx_word' id='word_1_454' title='bbox 1311 1997 1402 2033; x_wconf 83' lang='lat' dir='ltr'><strong>haec</strong></span> <span class='ocrx_word' id='word_1_455' title='bbox 1420 1995 1532 2033; x_wconf 64' lang='lat' dir='ltr'><strong>leetio</strong></span> <span class='ocrx_word' id='word_1_456' title='bbox 1552 1995 1665 2042; x_wconf 82' lang='lat' dir='ltr'><strong>magis</strong></span> <span class='ocrx_word' id='word_1_457' title='bbox 1685 1994 1803 2043; x_wconf 86' lang='lat' dir='ltr'><strong>placet</strong></span> <span class='ocrx_word' id='word_1_458' title='bbox 1825 1990 1992 2030; x_wconf 67' lang='lat' dir='ltr'><strong>eruditiss.</strong></span> <span class='ocrx_word' id='word_1_459' title='bbox 2015 1993 2118 2034; x_wconf 87' lang='lat' dir='ltr'><strong>viro,</strong></span> <span class='ocrx_word' id='word_1_460' title='bbox 2149 1995 2250 2042; x_wconf 91' lang='lat' dir='ltr'><strong>opti-</strong></span> 
     </span>
     <span class='ocr_line' id='line_1_74' title="bbox 1199 2042 2247 2103; baseline -0.002 -18"><span class='ocrx_word' id='word_1_461' title='bbox 1199 2058 1342 2103; x_wconf 78' lang='lat' dir='ltr'><strong>moque</strong></span> <span class='ocrx_word' id='word_1_462' title='bbox 1365 2050 1497 2094; x_wconf 77' lang='lat' dir='ltr'><strong>poetae</strong></span> <span class='ocrx_word' id='word_1_463' title='bbox 1513 2074 1523 2090; x_wconf 92' lang='lat'><em>,</em></span> <span class='ocrx_word' id='word_1_464' title='bbox 1550 2045 1662 2082; x_wconf 87' lang='lat' dir='ltr'><strong>Paulo</strong></span> <span class='ocrx_word' id='word_1_465' title='bbox 1697 2042 1841 2082; x_wconf 72' lang='lat' dir='ltr'><strong>Melisso</strong></span> <span class='ocrx_word' id='word_1_466' title='bbox 1862 2071 1873 2087; x_wconf 90' lang='lat'>‚</span> <span class='ocrx_word' id='word_1_467' title='bbox 1913 2043 1970 2080; x_wconf 91' lang='lat' dir='ltr'><strong>cui</strong></span> <span class='ocrx_word' id='word_1_468' title='bbox 2001 2054 2071 2091; x_wconf 84' lang='lat' dir='ltr'><strong>ego</strong></span> <span class='ocrx_word' id='word_1_469' title='bbox 2092 2043 2247 2083; x_wconf 87' lang='lat' dir='ltr'><strong>libenter</strong></span> 
     </span>
     <span class='ocr_line' id='line_1_75' title="bbox 1198 2094 2247 2154; baseline -0.001 -20"><span class='ocrx_word' id='word_1_470' title='bbox 1198 2095 1393 2154; x_wconf 42' lang='lat' dir='ltr'><strong>assentior,</strong></span> <span class='ocrx_word' id='word_1_471' title='bbox 1422 2108 1545 2145; x_wconf 88' lang='lat' dir='ltr'><strong>eoque</strong></span> <span class='ocrx_word' id='word_1_472' title='bbox 1575 2098 1690 2143; x_wconf 74' lang='lat' dir='ltr'><strong>magis</strong></span> <span class='ocrx_word' id='word_1_473' title='bbox 1713 2095 1815 2145; x_wconf 90' lang='lat' dir='ltr'><strong>quod</strong></span> <span class='ocrx_word' id='word_1_474' title='bbox 1837 2096 1873 2131; x_wconf 91' lang='lat' dir='ltr'><strong>in</strong></span> <span class='ocrx_word' id='word_1_475' title='bbox 1891 2094 1964 2131; x_wconf 83' lang='lat' dir='ltr'><strong>alio</strong></span> <span class='ocrx_word' id='word_1_476' title='bbox 1987 2095 2158 2132; x_wconf 86' lang='lat' dir='ltr'><strong>omnium</strong></span> <span class='ocrx_word' id='word_1_477' title='bbox 2182 2107 2247 2133; x_wconf 87' lang='lat' dir='ltr'><strong>an-</strong></span> 
     </span>
     <span class='ocr_line' id='line_1_76' title="bbox 1197 2143 2250 2198; baseline -0.003 -12"><span class='ocrx_word' id='word_1_478' title='bbox 1197 2148 1399 2198; x_wconf 83' lang='lat' dir='ltr'><strong>tiquissimo</strong></span> <span class='ocrx_word' id='word_1_479' title='bbox 1422 2148 1543 2185; x_wconf 83' lang='lat' dir='ltr'><strong>Vatic.</strong></span> <span class='ocrx_word' id='word_1_480' title='bbox 1575 2147 1727 2195; x_wconf 82' lang='lat' dir='ltr'><strong>legitur,</strong></span> <span class='ocrx_word' id='word_1_481' title='bbox 1759 2153 1826 2182; x_wconf 82' lang='lat' dir='ltr'><strong>Hoc</strong></span> <span class='ocrx_word' id='word_1_482' title='bbox 1844 2144 1908 2181; x_wconf 80' lang='lat' dir='ltr'><strong>tibi</strong></span> <span class='ocrx_word' id='word_1_483' title='bbox 1939 2143 2134 2191; x_wconf 79' lang='lat' dir='ltr'><strong>dissimula,</strong></span> <span class='ocrx_word' id='word_1_484' title='bbox 2156 2146 2250 2193; x_wconf 75' lang='lat' dir='ltr'><strong>senti</strong></span> 
     </span>
     <span class='ocr_line' id='line_1_77' title="bbox 1198 2196 2249 2247; baseline -0.001 -11"><span class='ocrx_word' id='word_1_485' title='bbox 1198 2209 1317 2236; x_wconf 77' lang='lat' dir='ltr'><strong>tamen</strong></span> <span class='ocrx_word' id='word_1_486' title='bbox 1335 2200 1483 2247; x_wconf 84' lang='lat' dir='ltr'><strong>optime,</strong></span> <span class='ocrx_word' id='word_1_487' title='bbox 1512 2198 1603 2239; x_wconf 84' lang='lat' dir='ltr'><strong>dici,</strong></span> <span class='ocrx_word' id='word_1_488' title='bbox 1633 2209 1708 2234; x_wconf 90' lang='lat' dir='ltr'><strong>non</strong></span> <span class='ocrx_word' id='word_1_489' title='bbox 1733 2197 1815 2233; x_wconf 86' lang='lat' dir='ltr'><strong>haec</strong></span> <span class='ocrx_word' id='word_1_490' title='bbox 1839 2223 1849 2241; x_wconf 91' lang='lat'>,</span> <span class='ocrx_word' id='word_1_491' title='bbox 1887 2203 1926 2233; x_wconf 90' lang='lat' dir='ltr'><strong>ut</strong></span> <span class='ocrx_word' id='word_1_492' title='bbox 1954 2196 2002 2233; x_wconf 82' lang='lat' dir='ltr'><strong>est</strong></span> <span class='ocrx_word' id='word_1_493' title='bbox 2032 2198 2068 2233; x_wconf 93' lang='lat' dir='ltr'><strong>in</strong></span> <span class='ocrx_word' id='word_1_494' title='bbox 2092 2197 2166 2234; x_wconf 89' lang='lat' dir='ltr'><strong>aliis</strong></span> <span class='ocrx_word' id='word_1_495' title='bbox 2187 2197 2249 2235; x_wconf 82' lang='lat' dir='ltr'><strong>lib.</strong></span> 
     </span>
     <span class='ocr_line' id='line_1_78' title="bbox 1199 2248 1837 2296; baseline -0.005 -8"><span class='ocrx_word' id='word_1_496' title='bbox 1199 2249 1368 2288; x_wconf 74' lang='lat' dir='ltr'><strong>CIOFAN.</strong></span> <span class='ocrx_word' id='word_1_497' title='bbox 1397 2249 1494 2288; x_wconf 91' lang='lat' dir='ltr'><strong>Puto</strong></span> <span class='ocrx_word' id='word_1_498' title='bbox 1517 2248 1810 2296; x_wconf 85' lang='lat' dir='ltr'><strong>distinguendum</strong></span> <span class='ocrx_word' id='word_1_499' title='bbox 1827 2275 1837 2291; x_wconf 92' lang='lat'>‚</span> 
     </span>
    </p>
   </div>
   <div class='ocr_carea' id='block_1_35' title="bbox 1249 2306 2161 2412">
    <p class='ocr_par' dir='ltr' id='par_1_35' title="bbox 1249 2306 2161 2412">
     <span class='ocr_line' id='line_1_79' title="bbox 1249 2306 2161 2359; baseline -0.005 -11"><span class='ocrx_word' id='word_1_500' title='bbox 1249 2318 1343 2348; x_wconf 84' lang='lat' dir='ltr'><strong>Haec</strong></span> <span class='ocrx_word' id='word_1_501' title='bbox 1361 2310 1425 2347; x_wconf 86' lang='lat' dir='ltr'><strong>tibi</strong></span> <span class='ocrx_word' id='word_1_502' title='bbox 1445 2307 1650 2359; x_wconf 64' lang='lat' dir='ltr'><strong>(dissimula)</strong></span> <span class='ocrx_word' id='word_1_503' title='bbox 1675 2307 1781 2354; x_wconf 82' lang='lat' dir='ltr'><strong>sentis</strong></span> <span class='ocrx_word' id='word_1_504' title='bbox 1801 2317 1920 2343; x_wconf 86' lang='lat' dir='ltr'><strong>tamen</strong></span> <span class='ocrx_word' id='word_1_505' title='bbox 1937 2307 2053 2343; x_wconf 83' lang='lat' dir='ltr'><strong>omnia</strong></span> <span class='ocrx_word' id='word_1_506' title='bbox 2071 2306 2161 2352; x_wconf 81' lang='lat' dir='ltr'><strong>dici,</strong></span> 
     </span>
     <span class='ocr_line' id='line_1_80' title="bbox 1303 2360 2056 2412; baseline -0.007 -13"><span class='ocrx_word' id='word_1_507' title='bbox 1303 2369 1346 2399; x_wconf 88' lang='lat' dir='ltr'><strong>In</strong></span> <span class='ocrx_word' id='word_1_508' title='bbox 1367 2362 1472 2410; x_wconf 69' lang='lat' dir='ltr'><strong>digito</strong></span> <span class='ocrx_word' id='word_1_509' title='bbox 1494 2363 1553 2412; x_wconf 80' lang='lat' dir='ltr'><strong>qui</strong></span> <span class='ocrx_word' id='word_1_510' title='bbox 1576 2373 1628 2395; x_wconf 89' lang='lat' dir='ltr'><strong>me</strong></span> <span class='ocrx_word' id='word_1_511' title='bbox 1642 2360 1780 2409; x_wconf 84' lang='lat' dir='ltr'><strong>fersque</strong></span> <span class='ocrx_word' id='word_1_512' title='bbox 1799 2360 1967 2405; x_wconf 79' lang='lat' dir='ltr'><strong>refersque</strong></span> <span class='ocrx_word' id='word_1_513' title='bbox 1987 2368 2056 2394; x_wconf 81' lang='lat' dir='ltr'><strong>tuo.</strong></span> 
     </span>
    </p>
   </div>
   <div class='ocr_carea' id='block_1_36' title="bbox 1200 2419 2251 2642">
    <p class='ocr_par' dir='ltr' id='par_1_36' title="bbox 1200 2419 2251 2578">
     <span class='ocr_line' id='line_1_81' title="bbox 1200 2419 2250 2473; baseline -0.007 -8"><span class='ocrx_word' id='word_1_514' title='bbox 1200 2427 1251 2466; x_wconf 93' lang='lat' dir='ltr'><strong>D.</strong></span> <span class='ocrx_word' id='word_1_515' title='bbox 1274 2429 1415 2466; x_wconf 60' lang='lat' dir='ltr'><strong>Hiems.</strong></span> <span class='ocrx_word' id='word_1_516' title='bbox 1452 2427 1583 2473; x_wconf 66' lang='lat' dir='ltr'><strong>Scripsi</strong></span> <span class='ocrx_word' id='word_1_517' title='bbox 1614 2425 1779 2472; x_wconf 81' lang='lat' dir='ltr'><strong>plerique</strong></span> <span class='ocrx_word' id='word_1_518' title='bbox 1811 2433 1894 2459; x_wconf 87' lang='lat' dir='ltr'><strong>cum</strong></span> <span class='ocrx_word' id='word_1_519' title='bbox 1923 2422 2046 2467; x_wconf 86' lang='lat' dir='ltr'><strong>primis</strong></span> <span class='ocrx_word' id='word_1_520' title='bbox 2076 2419 2250 2458; x_wconf 87' lang='lat' dir='ltr'><strong>editioni-</strong></span> 
     </span>
     <span class='ocr_line' id='line_1_82' title="bbox 1200 2470 2251 2528; baseline -0.011 -11"><span class='ocrx_word' id='word_1_521' title='bbox 1200 2478 1264 2516; x_wconf 88' lang='lat' dir='ltr'><strong>bus</strong></span> <span class='ocrx_word' id='word_1_522' title='bbox 1279 2507 1290 2524; x_wconf 88' lang='lat'>,</span> <span class='ocrx_word' id='word_1_523' title='bbox 1312 2479 1405 2528; x_wconf 85' lang='lat' dir='ltr'><strong>semi</strong></span> <span class='ocrx_word' id='word_1_524' title='bbox 1426 2489 1545 2514; x_wconf 87' lang='lat' dir='ltr'><strong>tamen</strong></span> <span class='ocrx_word' id='word_1_525' title='bbox 1567 2475 1688 2524; x_wconf 78' lang='lat' dir='ltr'><strong>optime</strong></span> <span class='ocrx_word' id='word_1_526' title='bbox 1707 2474 1787 2511; x_wconf 82' lang='lat' dir='ltr'><strong>dici.</strong></span> <span class='ocrx_word' id='word_1_527' title='bbox 1815 2476 1852 2509; x_wconf 73' lang='grc' dir='ltr'><strong>ὅ(</strong></span> <span class='ocrx_word' id='word_1_528' title='bbox 1873 2471 1934 2507; x_wconf 84' lang='lat' dir='ltr'><strong>boc</strong></span> <span class='ocrx_word' id='word_1_529' title='bbox 1956 2483 2022 2518; x_wconf 87' lang='lat' dir='ltr'><strong>pro</strong></span> <span class='ocrx_word' id='word_1_530' title='bbox 2041 2470 2131 2507; x_wconf 86' lang='lat' dir='ltr'><strong>haec.</strong></span> <span class='ocrx_word' id='word_1_531' title='bbox 2172 2471 2251 2517; x_wconf 51' lang='lat' dir='ltr'><strong>Leq</strong></span> 
     </span>
     <span class='ocr_line' id='line_1_83' title="bbox 1200 2541 1270 2578; baseline -0.014 0"><span class='ocrx_word' id='word_1_532' title='bbox 1200 2541 1270 2578; x_wconf 65' lang='lat' dir='ltr'><strong>ge,</strong></span> 
     </span>
    </p>

    <p class='ocr_par' dir='ltr' id='par_1_37' title="bbox 1253 2587 2184 2642">
     <span class='ocr_line' id='line_1_84' title="bbox 1253 2587 2184 2642; baseline -0.01 -10"><span class='ocrx_word' id='word_1_533' title='bbox 1253 2602 1322 2632; x_wconf 88' lang='lat' dir='ltr'><strong>Hoc</strong></span> <span class='ocrx_word' id='word_1_534' title='bbox 1340 2594 1404 2632; x_wconf 83' lang='lat' dir='ltr'><strong>tibi</strong></span> <span class='ocrx_word' id='word_1_535' title='bbox 1423 2591 1634 2642; x_wconf 75' lang='lat' dir='ltr'><strong>dissimulas,</strong></span> <span class='ocrx_word' id='word_1_536' title='bbox 1656 2589 1764 2638; x_wconf 85' lang='lat' dir='ltr'><strong>sentis</strong></span> <span class='ocrx_word' id='word_1_537' title='bbox 1789 2598 1907 2624; x_wconf 85' lang='lat' dir='ltr'><strong>tamen</strong></span> <span class='ocrx_word' id='word_1_538' title='bbox 1929 2587 2071 2635; x_wconf 85' lang='lat' dir='ltr'><strong>optime,</strong></span> <span class='ocrx_word' id='word_1_539' title='bbox 2104 2587 2184 2624; x_wconf 83' lang='lat' dir='ltr'><strong>dici.</strong></span> 
     </span>
    </p>
   </div>
   <div class='ocr_carea' id='block_1_37' title="bbox 1200 2650 2252 2757">
    <p class='ocr_par' dir='ltr' id='par_1_38' title="bbox 1200 2650 2252 2757">
     <span class='ocr_line' id='line_1_85' title="bbox 1201 2650 2252 2748; baseline -0.01 -48"><span class='ocrx_word' id='word_1_540' title='bbox 1201 2660 1325 2748; x_wconf 49' lang='lat' dir='ltr'><strong>opssime</strong></span> <span class='ocrx_word' id='word_1_541' title='bbox 1354 2668 1394 2697; x_wconf 90' lang='lat' dir='ltr'><strong>ut</strong></span> <span class='ocrx_word' id='word_1_542' title='bbox 1421 2660 1576 2696; x_wconf 85' lang='lat' dir='ltr'><strong>Metam.</strong></span> <span class='ocrx_word' id='word_1_543' title='bbox 1600 2666 1679 2692; x_wconf 78' lang='lat' dir='ltr'><strong>xiv.</strong></span> <span class='ocrx_word' id='word_1_544' title='bbox 1708 2652 1756 2691; x_wconf 92' lang='lat' dir='ltr'><strong>vs.</strong></span> <span class='ocrx_word' id='word_1_545' title='bbox 1774 2652 1857 2693; x_wconf 88' lang='lat'>761.</span> <span class='ocrx_word' id='word_1_546' title='bbox 1886 2662 1931 2687; x_wconf 89' lang='lat' dir='ltr'><strong>ex</strong></span> <span class='ocrx_word' id='word_1_547' title='bbox 1962 2651 2120 2701; x_wconf 86' lang='lat' dir='ltr'><strong>antiquis</strong></span> <span class='ocrx_word' id='word_1_548' title='bbox 2144 2650 2252 2690; x_wconf 85' lang='lat' dir='ltr'><strong>codi-</strong></span> 
     </span>
     <span class='ocr_line' id='line_1_86' title="bbox 1200 2723 1323 2757; baseline -0.033 -5"><span class='ocrx_word' id='word_1_549' title='bbox 1200 2724 1232 2752; x_wconf 82' lang='lat' dir='ltr'><strong>ci</strong></span> <span class='ocrx_word' id='word_1_550' title='bbox 1262 2723 1323 2757; x_wconf 79' lang='lat' dir='ltr'><strong>us,</strong></span> 
     </span>
    </p>
   </div>
   <div class='ocr_carea' id='block_1_38' title="bbox 1252 2787 1352 2795">
    <p class='ocr_par' dir='ltr' id='par_1_39' title="bbox 1252 2787 1352 2795">
     <span class='ocr_line' id='line_1_87' title="bbox 1252 2787 1352 2795; baseline 0 0"><span class='ocrx_word' id='word_1_551' title='bbox 1252 2787 1352 2795; x_wconf 95' lang='lat' dir='ltr'><strong> </strong></span> 
     </span>
    </p>
   </div>
   <div class='ocr_carea' id='block_1_39' title="bbox 1303 2763 2021 2873">
    <p class='ocr_par' dir='ltr' id='par_1_40' title="bbox 1303 2763 2021 2873">
     <span class='ocr_line' id='line_1_88' title="bbox 1382 2763 2021 2823; baseline -0.016 -13"><span class='ocrx_word' id='word_1_552' title='bbox 1382 2786 1528 2823; x_wconf 86' lang='lat' dir='ltr'><strong>quorum</strong></span> <span class='ocrx_word' id='word_1_553' title='bbox 1549 2781 1678 2808; x_wconf 89' lang='lat' dir='ltr'><strong>memor</strong></span> <span class='ocrx_word' id='word_1_554' title='bbox 1695 2795 1706 2813; x_wconf 92' lang='lat'>,</span> <span class='ocrx_word' id='word_1_555' title='bbox 1733 2764 1884 2815; x_wconf 83' lang='lat' dir='ltr'><strong>optima,</strong></span> <span class='ocrx_word' id='word_1_556' title='bbox 1911 2763 2021 2802; x_wconf 81' lang='lat' dir='ltr'><strong>lentos</strong></span> 
     </span>
     <span class='ocr_line' id='line_1_89' title="bbox 1303 2822 1663 2873; baseline -0.008 -11"><span class='ocrx_word' id='word_1_557' title='bbox 1303 2831 1393 2862; x_wconf 85' lang='lat' dir='ltr'><strong>Pone</strong></span> <span class='ocrx_word' id='word_1_558' title='bbox 1411 2837 1524 2873; x_wconf 87' lang='lat' dir='ltr'><strong>precor</strong></span> <span class='ocrx_word' id='word_1_559' title='bbox 1537 2822 1663 2869; x_wconf 80' lang='lat' dir='ltr'><strong>fastus.</strong></span> 
     </span>
    </p>
   </div>
   <div class='ocr_carea' id='block_1_40' title="bbox 1204 2886 1572 2938">
    <p class='ocr_par' dir='ltr' id='par_1_41' title="bbox 1204 2886 1572 2938">
     <span class='ocr_line' id='line_1_90' title="bbox 1204 2886 1572 2938; baseline -0.016 -11"><span class='ocrx_word' id='word_1_560' title='bbox 1204 2890 1308 2938; x_wconf 90' lang='lat' dir='ltr'><strong>Virg.</strong></span> <span class='ocrx_word' id='word_1_561' title='bbox 1329 2886 1480 2925; x_wconf 83' lang='lat' dir='ltr'><strong>AEneid.</strong></span> <span class='ocrx_word' id='word_1_562' title='bbox 1501 2897 1572 2922; x_wconf 83' lang='lat' dir='ltr'><strong>xu.</strong></span> 
     </span>
    </p>
   </div>
   <div class='ocr_carea' id='block_1_41' title="bbox 1255 2938 2255 3104">
    <p class='ocr_par' dir='ltr' id='par_1_42' title="bbox 1255 2938 2255 3104">
     <span class='ocr_line' id='line_1_91' title="bbox 1255 2938 2255 3003; baseline -0.015 -12"><span class='ocrx_word' id='word_1_563' title='bbox 1255 2957 1378 3003; x_wconf 67' lang='lat' dir='ltr'><strong>Qam</strong></span> <span class='ocrx_word' id='word_1_564' title='bbox 1406 2962 1463 2999; x_wconf 86' lang='lat' dir='ltr'><strong>pro</strong></span> <span class='ocrx_word' id='word_1_565' title='bbox 1495 2963 1549 2987; x_wconf 86' lang='lat' dir='ltr'><strong>me</strong></span> <span class='ocrx_word' id='word_1_566' title='bbox 1578 2959 1697 2985; x_wconf 80' lang='lat' dir='ltr'><strong>curam</strong></span> <span class='ocrx_word' id='word_1_567' title='bbox 1713 2944 1823 2995; x_wconf 85' lang='lat' dir='ltr'><strong>geris,</strong></span> <span class='ocrx_word' id='word_1_568' title='bbox 1850 2942 1941 2980; x_wconf 81' lang='lat' dir='ltr'><strong>hanc</strong></span> <span class='ocrx_word' id='word_1_569' title='bbox 1962 2949 2101 2991; x_wconf 86' lang='lat' dir='ltr'><strong>precor,</strong></span> <span class='ocrx_word' id='word_1_570' title='bbox 2130 2938 2255 2990; x_wconf 70' lang='lat' dir='ltr'><strong>optim‘</strong></span> 
     </span>
     <span class='ocr_line' id='line_1_92' title="bbox 1377 3013 1518 3051; baseline -0.007 -11"><span class='ocrx_word' id='word_1_571' title='bbox 1377 3013 1436 3051; x_wconf 88' lang='lat' dir='ltr'><strong>pro</strong></span> <span class='ocrx_word' id='word_1_572' title='bbox 1464 3015 1518 3039; x_wconf 80' lang='lat' dir='ltr'><strong>me</strong></span> 
     </span>
     <span class='ocr_line' id='line_1_93' title="bbox 1260 3060 1430 3104; baseline -0.006 -13"><span class='ocrx_word' id='word_1_573' title='bbox 1260 3060 1430 3104; x_wconf 85' lang='lat' dir='ltr'><strong>Deponas.</strong></span> 
     </span>
    </p>
   </div>
   <div class='ocr_carea' id='block_1_42' title="bbox 1212 3109 1912 3166">
    <p class='ocr_par' dir='ltr' id='par_1_43' title="bbox 1212 3109 1912 3166">
     <span class='ocr_line' id='line_1_94' title="bbox 1212 3109 1912 3166; baseline -0.019 -7"><span class='ocrx_word' id='word_1_574' title='bbox 1212 3121 1384 3159; x_wconf 84' lang='lat' dir='ltr'><strong>Lucanus</strong></span> <span class='ocrx_word' id='word_1_575' title='bbox 1406 3116 1633 3166; x_wconf 83' lang='lat' dir='ltr'><strong>Panegyrico</strong></span> <span class='ocrx_word' id='word_1_576' title='bbox 1656 3112 1701 3151; x_wconf 85' lang='lat' dir='ltr'><strong>ad</strong></span> <span class='ocrx_word' id='word_1_577' title='bbox 1720 3109 1912 3150; x_wconf 83' lang='lat' dir='ltr'><strong>Pisonem:</strong></span> 
     </span>
    </p>
   </div>
   <div class='ocr_carea' id='block_1_43' title="bbox 1266 3182 1774 3285">
    <p class='ocr_par' dir='ltr' id='par_1_44' title="bbox 1266 3182 1774 3285">
     <span class='ocr_line' id='line_1_95' title="bbox 1382 3182 1774 3233; baseline -0.02 -10"><span class='ocrx_word' id='word_1_578' title='bbox 1382 3186 1493 3233; x_wconf 86' lang='lat' dir='ltr'><strong>juvat</strong></span> <span class='ocrx_word' id='word_1_579' title='bbox 1519 3182 1642 3233; x_wconf 81' lang='lat' dir='ltr'><strong>optime</strong></span> <span class='ocrx_word' id='word_1_580' title='bbox 1661 3190 1774 3217; x_wconf 86' lang='lat' dir='ltr'><strong>tecum</strong></span> 
     </span>
     <span class='ocr_line' id='line_1_96' title="bbox 1266 3242 1403 3285; baseline -0.007 -11"><span class='ocrx_word' id='word_1_581' title='bbox 1266 3242 1403 3285; x_wconf 83' lang='lat' dir='ltr'><strong>Degere.</strong></span> 
     </span>
    </p>
   </div>
   <div class='ocr_carea' id='block_1_44' title="bbox 1211 3283 2133 3353">
    <p class='ocr_par' dir='ltr' id='par_1_45' title="bbox 1211 3283 2133 3353">
     <span class='ocr_line' id='line_1_97' title="bbox 1211 3283 2133 3353; baseline -0.023 -11"><span class='ocrx_word' id='word_1_582' title='bbox 1211 3303 1288 3353; x_wconf 88' lang='lat' dir='ltr'><strong>pari</strong></span> <span class='ocrx_word' id='word_1_583' title='bbox 1319 3301 1469 3340; x_wconf 75' lang='lat' dir='ltr'><strong>Graecis</strong></span> <span class='ocrx_word' id='word_1_584' title='bbox 1495 3296 1762 3349; x_wconf 70' lang='lat' dir='ltr'><strong>significatione</strong></span> <span class='ocrx_word' id='word_1_585' title='bbox 1793 3290 1963 3340; x_wconf 69' lang='grc' dir='ltr'><strong>κράτιςος</strong></span> <span class='ocrx_word' id='word_1_586' title='bbox 1986 3287 2025 3325; x_wconf 86' lang='lat' dir='ltr'><strong>in</strong></span> <span class='ocrx_word' id='word_1_587' title='bbox 2057 3283 2133 3323; x_wconf 86' lang='lat' dir='ltr'><strong>usu.</strong></span> 
     </span>
    </p>
   </div>
   <div class='ocr_carea' id='block_1_45' title="bbox 1260 3197 1362 3207">
    <p class='ocr_par' dir='ltr' id='par_1_46' title="bbox 1260 3197 1362 3207">
     <span class='ocr_line' id='line_1_98' title="bbox 1260 3197 1362 3207; baseline 0 468"><span class='ocrx_word' id='word_1_588' title='bbox 1260 3197 1362 3207; x_wconf 95' lang='lat' dir='ltr'><strong> </strong></span> 
     </span>
    </p>
   </div>
   <div class='ocr_carea' id='block_1_46' title="bbox 2152 3278 2268 3379">
    <p class='ocr_par' dir='ltr' id='par_1_47' title="bbox 2152 3278 2268 3379">
     <span class='ocr_line' id='line_1_99' title="bbox 2187 3278 2262 3316; baseline 0 0"><span class='ocrx_word' id='word_1_589' title='bbox 2187 3278 2262 3316; x_wconf 65' lang='lat' dir='ltr'><strong>Adi</strong></span> 
     </span>
     <span class='ocr_line' id='line_1_100' title="bbox 2152 3331 2268 3379; baseline -0.009 -10"><span class='ocrx_word' id='word_1_590' title='bbox 2152 3331 2268 3379; x_wconf 81' lang='lat' dir='ltr'><strong>Joan·</strong></span> 
     </span>
    </p>
   </div>
  </div>
 </body>
</html>
