2495 3675
482 152 1128 227 TRISTIUM
1198 161 1388 222 [ΛΒ.

1464 163 1536 223 V.
1613 169 1782 231 ELEG.
1820 176 1892 235 V.
2149 183 2182 233 6
2184 198 2241 247 71

350 248 626 335 Adspice,
663 278 724 320 ut
749 281 873 320 aura
903 278 1082 319 tamen
1121 261 1297 315 fumos
1323 260 1354 315 ὲ
1380 271 1500 315 ture
1529 274 1753 320 coortos
1819 330 1824 334 .

220 350 290 408 30

437 334 494 391 ln
521 351 695 409 partes
731 337 881 392 Italas
908 337 963 390 &
992 338 1107 390 loca
1131 336 1320 389 dextra
1344 333 1494 390 ferat.

363 400 552 464 Sensus
577 410 708 465 inest
731 411 894 481 igitur
920 408 1151 471 nebulis,
1188 425 1316 480 quas
1341 406 1508 478 exigit
1545 407 1712 479 ignis:

435 482 729 544 Consilium
759 483 969 552 fugiunt
995 495 1172 534 cetera
1199 497 1336 551 pene
1362 496 1562 534 meum.

360 552 626 619 ConsiliO,
664 571 953 609 commune
977 553 1182 607 sacrum
1220 570 1343 606 cum
1367 553 1455 605 fiat
1480 552 1534 606 in
1560 553 1648 606 arfl

427 626 727 689 Fratribus,
752 627 954 678 alterna
981 626 1072 698 qui
1097 626 1308 697 periere
1334 642 1520 687 manu,

209 715 277 766 35
350 696 460 771 Ipsa
488 700 577 753 fibi
603 699 832 760 discorS‚
870 712 1139 770 tamquam
1166 696 1450 750 mandetur
1475 697 1539 750 ab
1561 698 1686 762 illis,

430 772 700 825 Scinditur
729 771 782 824 in
807 785 980 841 partes
1010 785 1121 823 atra
1147 767 1316 822 favilla
1342 768 1486 822 duas,

358 843 491 899 Hoc
519 843 817 911 (memini)
857 842 1132 913 quondam
1156 841 1270 895 fieri
1299 859 1406 895 non
1432 840 1575 912 poss'e
1599 843 1876 915 loquebar:

431 915 503 968 Et
531 933 616 969 me
642 915 912 969 Battiades
931 914 1114 984 judice
1136 913 1289 967 falsus
1318 927 1444 967 erat.

357 987 552 1041 Omnia
575 1004 718 1042 nuno
745 988 937 1042 credo:
979 1005 1103 1041 cum
1128 1002 1185 1040 tu
1215 1004 1321 1039 non
1350 986 1530 1041 stultus
1557 988 1619 1042 ab
1648 989 1817 1045 Aristo

213 1078 283 1130 40

427 1059 611 1130 Terga
635 1078 801 1133 vapor
826 1060 1072 1122 dederis,
1112 1059 1510 1131 Ausoniamque
1542 1076 1700 1131 petas,

354 1133 512 1189 Haec
535 1134 695 1205 igitur
722 1136 813 1188 lux
837 1134 936 1187 est:
977 1150 1111 1205 quae
1139 1132 1175 1186 fi
1198 1150 1307 1186 non
1333 1147 1448 1185 orta
1476 1133 1676 1198 fuiflet,

423 1206 580 1260 Nulla
607 1206 706 1261 fuit
735 1206 926 1259 misero
953 1206 1077 1258 festa
1104 1204 1333 1258 videnda
1357 1206 1502 1259 mihi.

355 1277 553 1332 Edidit·
572 1278 700 1332 haec
731 1296 906 1332 mores
933 1279 1028 1332 illis
1061 1276 1317 1331 Hero'i'sin
1343 1295 1571 1349 aequm,

425 1351 563 1421 Quis
591 1363 703 1405 erat
731 1349 934 1406 Eetion
961 1350 1260 1423 Icariusque
1283 1363 1448 1422 pater.

119 1607 183 1658 38.
206 1607 430 1660 Battiades]
477 1610 725 1650 Callimachus
754 1611 884 1650 Poeta.
910 1613 1106 1651 Martum.

65 1660 144 1707 Qui
169 1659 241 1696 hoc
270 1660 447 1709 scripserat
467 1661 600 1700 scilicet
620 1690 630 1706 ,
669 1663 715 1702 de
735 1663 842 1700 fumo
862 1664 899 1701 in
916 1664 1004 1702 duas
1026 1674 1104 1712 par-

65 1717 119 1746 tes
141 1719 274 1753 eunte,
301 1711 336 1747 in
362 1711 460 1750 sacris
473 1713 682 1750 Eteoclis&
703 1714 899 1762 Polynicis.
929 1716 1106 1752 Mrem.

64 1760 253 1797 Rachiades
281 1760 449 1801 Bernens.
495 1764 703 1802 Bacchiades
734 1766 876 1802 Moreti
913 1767 952 1804 &
999 1768 1108 1815 prim.

16 1827 22 1832 ’
64 1809 164 1849 Edit.

115 1887 176 1926 39.
209 1883 301 1914 Cum
323 1887 362 1915 tu
384 1891 451 1916 non
463 1878 594 1926 stultus
612 1880 657 1918 ab
670 1882 779 1919 Arft‘o
799 1887 905 1931 Terga
928 1893 1035 1930 vapor
1048 1882 1106 1920 de-

65 1926 187 1977 dens]
219 1928 334 1966 Nihili
354 1930 402 1967 est
425 1931 515 1967 haec
535 1932 659 1970 leetio.
699 1932 895 1971 Voffianus
909 1962 918 1977 ,
949 1948 1016 1970 non
1036 1934 1107 1970 cul·

64 1986 133 2015 tus.
168 1978 311 2023 Scribe,
340 1981 519 2028 consultus.
540 1983 696 2020 verbum
725 1984 762 2021 in
791 1984 970 2021 sacrificiis
1001 1984 1108 2021 usita-

64 2034 159 2066 tum.
187 2033 475 2075 καπνομοὶντεικν
503 2033 657 2079 respicit.
682 2034 769 2070 hinc
789 2034 969 2083 consulere
997 2040 1107 2078 Deos,

65 2088 149 2114 exta
169 2107 180 2123 ‚
216 2090 314 2117 vates
337 2083 460 2129 passim
484 2081 521 2119 in
553 2084 782 2130 scriptoribus
813 2086 983 2134 antiquis.
1012 2085 1108 2123 Am·

66 2128 231 2176 phiaraus
250 2133 343 2178 apud
366 2132 521 2169 Statium
543 2134 759 2171 Thebaidos
783 2146 847 2172 111.

295 2194 439 2239 consulti
459 2195 555 2240 testor
567 2198 760 2246 penetralia
782 2198 910 2235 mundi

117 2245 167 2278 Et
188 2242 372 2280 volucrum
396 2244 537 2293 affatus.

67 2303 209 2342 Hnms.
255 2305 337 2354 Ego
369 2315 531 2344 veterem
565 2308 766 2348 lee'tionem
795 2310 935 2349 reduxi.
973 2312 1109 2350 indicat

66 2356 166 2393 enim
189 2355 305 2404 ipsum
340 2358 483 2394 fumum
517 2359 604 2396 scire
637 2363 674 2398 ὃς
704 2361 832 2398 sentire
856 2362 1108 2400 infelicitatem

64 2404 234 2444 locorum
267 2406 329 2443 sub
361 2407 508 2451 ArCt03
547 2422 658 2458 quare
688 2412 746 2449 ille
781 2425 857 2449 nou
880 2413 1001 2451 stultus
1023 2413 1109 2451 inde

68 2456 193 2505 fugit,
233 2457 269 2494 ὃς
292 2457 432 2495 ltaliam
462 2459 581 2497 versus
609 2462 738 2498 tendit.
765 2466 801 2499 ὅ(
840 2464 887 2500 ita
918 2463 976 2501 Cl.
994 2464 1111 2502 Bentl.

69 2506 115 2544 ad
131 2507 266 2544 Horat.
290 2519 335 2544 11.
362 2508 478 2545 Serm.
496 2521 560 2546 111.
587 2511 665 2558 158.
689 2512 818 2550 censet.
850 2513 981 2552 Euam,

127 2579 185 2619 39.
214 2569 274 2606 Ab
295 2570 396 2626 alte]
425 2572 484 2628 Ab
505 2577 602 2611 aere·
628 2576 759 2624 legitur
786 2579 918 2622 etiam,
947 2579 991 2616 ab
1006 2581 1112 2619 arm.

69 2619 236 2658 Mamm.
264 2620 323 2657 Ab
341 2621 415 2667 istro
438 2623 578 2662 Richel.
600 2635 693 2674 terga
713 2627 804 2664 calor
827 2630 980 2667 Moreti.

123 2694 183 2728 4¹-
209 2690 299 2720 Haec
315 2684 459 2734 igitur.]
497 2692 590 2724 Haec
618 2702 689 2737 ergo
715 2688 833 2739 scripti
868 2693 904 2729 &
931 2691 1018 2732 editi
1047 2693 1109 2731 ali-

75 2742 181 2783 quon

126 2809 183 2847 43.
214 2797 335 2835 Edidit
361 2797 443 2835 haec
463 2813 570 2835 mores
587 2798 656 2836 illis
673 2801 837 2838 Heroibus
856 2801 1007 2853 aequos]
1035 2805 1116 2843 Aut

73 2846 236 2897 syncope
255 2850 410 2886 dicenda
431 2850 478 2887 est
499 2851 589 2888 haec
612 2878 620 2892 ‚
661 2860 698 2888 ut
726 2850 766 2888 fit
789 2852 925 2891 dietum
952 2856 1115 2892 Heroibus

72 2909 143 2948 ,pro
163 2899 374 2936 heroidibus:
405 2911 463 2938 aut
494 2902 656 2948 enallage
683 2913 823 2949 generis
845 2931 853 2946 ,
883 2906 919 2941 ὅ(
950 2906 1116 2944 masculi-

77 2960 166 2987 num
189 2962 254 2998 pro
276 2952 483 2988 foeminino
515 2951 671 3000 positum
703 2955 932 2999 accipiamus.
959 2968 1052 3005 quae
1074 2955 1115 2994 fi-

79 3010 164 3048 gura
189 3002 399 3038 Atticorum
431 3002 499 3043 est,
530 3005 563 3038 ἃ
593 3002 763 3040 Homero
797 3007 988 3054 aliquoties
1020 3006 1116 3045 usur—

80 3059 170 3098 pata.
210 3052 305 3089 Nam
329 3052 412 3088 alias
447 3059 546 3088 Heros
571 3080 580 3096 ,
611 3053 810 3090 masculino
845 3067 981 3104 genere
1009 3059 1116 3106 poni-

79 3107 147 3138 tur.
177 3101 251 3139 Nisi
273 3103 455 3150 quiscum
488 3115 581 3139 voce
613 3110 723 3140 Mores
747 3105 1027 3145 construendum
1052 3122 1117 3156 pu-

80 3157 156 3194 tet,
185 3160 222 3188 ut
242 3151 304 3195 fit,
333 3152 455 3190 Edidit
483 3155 574 3191 haec
603 3166 723 3192 mores
746 3167 882 3204 aequos
914 3158 978 3195 illis
1010 3159 1105 3195 heroi

83 3199 143 3236 bus
164 3201 309 3238 moribus
329 3230 339 3246 ‚
367 3203 548 3252 adjective
577 3204 709 3243 scilicet
730 3234 739 3249 ,
778 3219 842 3254 pro
865 3209 928 3245 illis
956 3208 1114 3256 heroicis,

84 3248 157 3286 sive
180 3251 370 3290 heroidum
395 3257 568 3292 moribus,
618 3260 710 3294 Nam
737 3269 813 3306 quo
833 3258 904 3296 alio
928 3261 1034 3308 paeto
1056 3262 1115 3298 hic

82 3298 185 3340 locus
203 3301 383 3348 defendi,
416 3315 478 3345 aut
496 3306 604 3345 etiam
631 3309 771 3357 exponi
793 3309 899 3360 poffit
921 3336 933 3356 ‚
960 3322 1037 3349 non
1061 3312 1115 3351 vi·-

2071 1480 2209 1539 Nata

1162 1611 1249 1650 deo.
1276 1613 1452 1651 Μιςηῐ..
1480 1612 1637 1663 Scaliger
1660 1613 1697 1652 in
1727 1617 1892 1665 margine
1922 1615 2024 1661 libri,
2052 1631 2128 1668 quo
2156 1620 2208 1659 uli

1162 1662 1308 1706 sumus,
1337 1663 1574 1709 emendarat,
1594 1663 1760 1704 heroibus.
1787 1667 1928 1710 ἥρω’έσιν.
1955 1668 2028 1705 hoc
2050 1671 2121 1714 est,
2149 1670 2209 1708 he-

1163 1714 1325 1752 roidibus.
1351 1715 1454 1764 quod
1472 1716 1510 1752 &
1528 1716 1632 1752 nobis
1648 1717 1778 1764 placet.
1805 1717 1851 1755 Et
1867 1719 1943 1767 jain
1965 1728 2049 1756 ante
2073 1721 2209 1769 Micyl-

1161 1763 1225 1806 10,
1254 1766 1291 1802 ni
1315 1765 1429 1803 fallor.
1459 1766 1506 1802 D.
1526 1767 1669 1803 Heius.
1717 1768 1775 1804 De
1807 1770 1979 1806 foeminis
2001 1773 2073 1818 agit
2115 1783 2209 1818 quo·

1165 1814 1283 1852 modo
1309 1827 1396 1863 ergo
1426 1815 1576 1853 heroides
1607 1817 1644 1853 in
1673 1817 1802 1855 heroas
1832 1828 1991 1856 mutatae
2015 1820 2030 1857 ἓ
2070 1831 2209 1860 veteres

1165 1865 1298 1910 multi,
1326 1865 1519 1903 heroidibus
1542 1895 1552 1911 ‚
1589 1867 1649 1904 vel
1668 1867 1871 1913 herodibus,
1901 1870 1958 1907 vel
1984 1898 1994 1914 ,
2029 1872 2209 1910 erroribus.

1164 1915 1431 1962 Bononiensis,
1459 1916 1635 1954 hebro'z'dis.
1673 1919 1795 1956 Scribe
1817 1949 1827 1963 ,
1856 1918 1997 1969 hero'zstn
2017 1934 2102 1960 curn
2126 1923 2210 1961 Sca-

1162 1967 1291 2016 ligero.
1319 1967 1488 2016 (ἡρωΐσιν.
1518 1969 1581 2018 qui
1605 1967 1652 2005 sic
1683 1970 1720 2007 in
1743 1982 1806 2007 ora
1838 1971 1972 2008 codicis
1999 1972 2049 2010 sui
2082 1985 2209 2011 emen-

1163 2017 1311 2065 daratz)
1347 2019 1385 2056 &
1416 2030 1500 2056 cum
1535 2019 1722 2057 Salmafio.
1758 2031 1836 2058 tuin
1868 2022 1955 2059 vide
1987 2034 2081 2071 quae
2115 2032 2207 2062 noto

1163 2067 1275 2116 Epist.
1296 2079 1386 2107 xm.
1402 2068 1458 2112 ybs.
1483 2077 1565 2118 137.
1593 2069 1725 2108 Statius
1744 2071 1916 2121 Sylv.lib.
1935 2084 2016 2113 111.
2044 2074 2089 2112 ad
2103 2074 2211 2123 Uxo:

1163 2129 1267 2156 rem:

1217 2185 1294 2216 Heu
1314 2177 1373 2216 ubi
1391 2188 1476 2216 nota
1491 2178 1579 2226 fides
1601 2190 1718 2230 totque
1735 2173 1912 2231 explorata
1927 2193 1984 2232 per
2003 2186 2108 2234 ususj

1215 2231 1300 2278 Qa
1311 2239 1439 2267 veteres
1460 2231 1601 2275 Latias,
1632 2233 1825 2283 Grajasque
1845 2235 1999 2273 heroidas
2020 2247 2175 2287 aequas?

1164 2292 1226 2331 ubi
1249 2292 1419 2331 vitiosum
1433 2305 1475 2332 ac
1494 2296 1674 2343 ingratum
1690 2296 1816 2334 sonant
1827 2307 1985 2346 quatuor
1997 2311 2106 2336 voces
2118 2302 2210 2336 con-3

1162 2345 1265 2382 tinue
1283 2344 1323 2381 in
1339 2356 1378 2381 as
1400 2344 1604 2384 desinentes
1628 2375 1639 2391 ,
1678 2356 1716 2385 ut
1748 2349 1878 2386 Statius
1903 2348 2081 2398 reliquisse
2099 2349 2205 2397 poffit

1164 2394 1282 2433 v'rderi
1295 2422 1307 2439 ,

1221 2463 1306 2509 Qu
1325 2462 1452 2499 veteris
1472 2463 1591 2507 Latii,
1619 2464 1803 2514 Graiisque
1822 2463 1971 2512 Heroifin
1999 2477 2109 2515 aequa
2127 2479 2172 2503 es.

1166 2524 1236 2562 Sed
1248 2524 1415 2562 nondum
1437 2526 1576 2564 sanatus
1596 2527 1645 2564 est
1667 2527 1767 2563 locus
1807 2528 2000 2574 Quaenam
2017 2529 2115 2565 enim
2130 2528 2210 2567 Euss

1166 2576 1320 2624 rytionis
1331 2575 1388 2613 illa
1408 2575 1507 2613 filia?
1538 2578 1693 2626 Scaliger
1713 2580 1920 2626 Antigenen
1941 2578 2206 2616 Peleiuxorem

1165 2626 1401 2674 intelligebat.
1430 2628 1499 2664 Sed
1524 2628 1693 2676 quorsum
1718 2637 1790 2665 tarn
1819 2628 2009 2666 obscurum
2034 2626 2206 2667 nomen?

1167 2677 1296 2724 Scripti
1320 2687 1459 2714 veteres
1480 2706 1490 2720 ‚
1532 2678 1745 2726 Eutychion,
1776 2678 1925 2714 Euchion
1949 2706 1958 2723 ‚
1996 2680 2031 2717 ὅ(
2054 2679 2206 2724 similia,

1168 2728 1307 2764 Erition
1328 2729 1690 2775 Rottendorphianus
1716 2757 1725 2772 ‚
1753 2730 1888 2776 primus
1908 2729 2078 2767 Politiani
2095 2758 2104 2773 ,
2134 2734 2208 2766 Eu·

1171 2779 1308 2823 casian,
1336 2779 1424 2816 alter
1442 2781 1605 2827 ejusdem
1629 2807 1639 2823 ,
1677 2781 1806 2815 Eetion.
1842 2780 1983 2827 optime
2010 2782 2046 2818 ὅ(
2071 2780 2208 2818 veriffi·

1170 2840 1244 2866 me.
1283 2829 1568 2867 Andromachen
1595 2830 1755 2877 intellige
1775 2858 1785 2873 ‚
1834 2831 2038 2868 notissimae
2068 2830 2210 2880 pudici<

1169 2881 1241 2917 tiae
1263 2880 1481 2918 foeminam.
1510 2881 1605 2928 apud
1633 2882 1842 2918 Homerum
1860 2909 1869 2924 ,
1901 2881 1985 2918 iliad
2021 2881 2055 2929 ξ.

1220 2943 1451 2993 Ἀνδρομάχη
1472 2946 1626 2993 Θυγάτηρ
1647 2949 1890 2994 μεγαλήτορος
1914 2945 2104 2991 Ἠετίωνος.

1169 3007 1320 3044 Eetionis
1339 3020 1480 3045 nomen
1508 3020 1660 3058 quoque
1692 3012 1787 3046 varie
1819 3011 2036 3048 mend-sum
2061 3019 2207 3059 apparet

1169 3058 1205 3094 in
1227 3057 1362 3106 scriptis
1391 3060 1657 3106 exemplaribus
1681 3059 1767 3097 Fan.
1790 3061 1848 3097 lib.
1881 3074 1918 3097 iv
1979 3067 2021 3097 Et
2054 3063 2208 3106 imam,

1173 3118 1301 3145 veteres
1321 3110 1470 3147 Eetionis
1491 3122 1571 3158 opes.
1602 3112 1638 3147 ὅ(
1661 3112 1751 3147 Met.
1766 3122 1832 3148 xxx.
1863 3113 1919 3149 ubi
1936 3112 2208 3149 EetivmasThe-

1173 3157 1232 3247 [gis
1253 3161 1416 3208 appellat.
1447 3161 1530 3199 vide
1550 3160 1667 3199 Notas
1687 3161 1772 3198 Fari.
1792 3174 1842 3199 iv.
1864 3162 1917 3205 ills.
1939 3163 2023 3200 286.
2052 3162 2162 3210 'l'ristf
2178 3173 2204 3198 1.

1220 3222 1273 3258 egl
1298 3223 1332 3248 v.

1222 3266 1296 3299 Nec
1307 3261 1478 3311 probitate
1494 3273 1558 3301 tua
1576 3263 1667 3312 prior
1683 3262 1724 3310 est
1745 3274 1806 3300 aut
1834 3264 1977 3300 meroris
1996 3276 2102 3308 uxor⁹

1274 3320 1355 3354 Aut
1375 3326 1479 3350 comes
1500 3315 1650 3368 extinfie
1666 3315 1859 3354 Laodamia
1877 3327 1965 3365 aare.

1342 3365 1493 3416 Qqqq
1521 3375 1546 3404 2
2158 3359 2223 3411 lib?
