2495 3675
469 143 1135 204 FASTOR

1208 141 1263 201 U
1335 141 1408 198 M
1517 144 1712 201 L113.
1796 145 1891 204 VI.

2102 161 2205 218 415

338 250 485 307 Dum
514 251 631 307 Dea
657 250 882 306 furtivos
909 248 1099 305 timide
1125 246 1412 320 profitetur
1439 262 1679 309 amores;

413 324 827 396 Coelestemque
854 322 1057 378 homini
1086 318 1429 376 concubuisse
1453 319 1657 393 pudet;

195 416 292 468 575
334 397 501 467 (Arsit
527 398 670 453 enim
700 399 891 468 magna
916 409 1164 467 correpta
1190 394 1447 464 cupidine
1473 392 1670 464 RegiS‚

407 471 695 542 Caecaque
721 471 773 524 in
801 470 906 523 hoc
931 486 1041 523 uno
1067 486 1176 522 non
1204 467 1304 522 fuit
1330 468 1413 522 illa
1438 467 1589 532 viro)

338 543 514 601 Nocte
542 545 766 600 domum
793 545 952 613 parva
980 541 1128 595 solita
1153 540 1227 596 est
1252 541 1447 596 intrare
1472 539 1726 595 fenestra:

410 615 573 671 Unde
597 614 920 670 Fenestellae
945 615 1162 669 nomina
1190 628 1345 685 porta
1377 627 1543 668 tenet.

336 689 494 744 Nunc
523 688 719 760 pudet,
761 687 816 741 &
841 689 1016 742 vultus
1043 688 1302 742 velamine
1330 688 1466 742 celat
1491 700 1720 743 amatos:

188 762 291 835 580

42 985 90 1014 ne
111 1000 122 1020 ‚
166 973 310 1012 Tullius.
355 973 571 1013 Erfortanus
593 1001 605 1020 ‚
644 972 775 1011 Diliusj
820 971 934 1012 Forte
968 971 1095 1018 Julius

39 1024 253 1075 legendum.
298 1033 338 1063 ut
366 1027 409 1063 L.
436 1025 572 1073 Julium
609 1024 802 1062 Caesarem
831 1024 995 1070 innuat,
1029 1025 1093 1074 qui

39 1077 89 1115 A.
109 1078 157 1115 V.
181 1076 226 1114 C.
255 1088 426 1114 ncixrir.
455 1088 540 1115 cum
564 1075 707 1114 Rutilio
731 1075 856 1114 consul
877 1075 960 1114 fuit.
994 1075 1095 1114 hunc

38 1128 138 1164 enim
161 1127 289 1165 Florus
307 1126 369 1165 lib.
385 1140 454 1168 111.
476 1139 556 1175 cap.
579 1127 636 1165 18.
663 1126 759 1164 bello
771 1125 932 1165 Marsico
942 1127 979 1164 in
991 1138 1096 1175 prae-

40 1176 92 1216 lio
116 1178 347 1216 vulneratum
387 1179 423 1216 &
455 1177 532 1227 post
556 1184 748 1216 mortuum
774 1177 904 1216 scribit.
960 1179 1092 1224 Quan-

39 1239 150 1279 quam
172 1229 310 1278 lapsum
343 1228 446 1267 fuisse
474 1228 624 1267 Florum
646 1227 811 1277 plerique
834 1228 1092 1274 contendunt,

39 1280 104 1329 qui
127 1292 193 1328 pro
215 1280 358 1318 Rutilio
393 1279 584 1318 Caesarem
613 1279 804 1327 supponat.
831 1278 1004 1327 Amplius
1028 1290 1093 1316 co-

37 1330 244 1380 gitandum.
275 1331 421 1368 Herus.
447 1331 519 1369 Sed
533 1343 618 1368 cum
639 1330 924 1380 sequentianno
943 1329 1094 1367 L.Por-

43 1382 119 1419 cius
140 1381 234 1420 Cato
260 1383 386 1421 consul
408 1382 506 1419 bello
538 1380 697 1420 Marsico
719 1381 920 1424 interierit,
946 1392 992 1418 an
1013 1391 1092 1418 non

41 1431 312 1471 rescribendum
327 1460 338 1477 ,
367 1433 533 1470 Porcius?
572 1432 645 1470 vid.
666 1431 766 1470 Livii
789 1432 887 1479 Epit.
910 1442 1022 1470 Lxxv.
1052 1430 1093 1470 δε

37 1481 136 1522 Vell.
155 1484 294 1522 Patere.
317 1496 361 1522 11.
387 1485 442 1522 16.
472 1483 619 1522 videant
639 1482 784 1521 eruditi.
811 1482 944 1521 BuuM.

92 1549 179 1600 568.
207 1549 347 1597 Hostiles
369 1548 476 1600 ope5.]
506 1549 564 1587 Sic
582 1548 644 1586 lib.
667 1559 714 1585 Π.
737 1546 848 1585 Trist.

396 1630 455 1654 nec
473 1615 605 1662 hostiles
625 1615 682 1664 effe
694 1615 833 1665 secutus
851 1623 934 1666 opes.

41 1685 147 1735 Quid
179 1693 302 1724 autem
343 1686 411 1725 fint
439 1694 510 1735 opes
544 1682 619 1721 dixi
646 1683 684 1721 in
713 1681 859 1722 scholiis
889 1684 927 1722 in
955 1681 1018 1721 lib.
1046 1681 1094 1722 de

39 1736 178 1776 Ponto.
207 1738 378 1776 Ciorm.

94 1802 179 1850 569.
207 1806 285 1838 Lux
306 1801 423 1838 eadem
453 1800 564 1849 (quae
575 1796 806 1843 Matralium)
836 1803 1094 1842 Fortuna‚tua

41 1852 123 1901 est.]
154 1852 243 1890 Non
266 1852 361 1890 illius
381 1860 638 1900 cognomento
661 1849 779 1897 Sejas,
806 1857 847 1886 ut
870 1849 1018 1886 blaterat
1030 1848 1095 1886 Fa-

39 1903 183 1948 neniis
216 1915 292 1941 non
323 1903 457 1947 Fortis,
486 1903 523 1939 in
555 1913 631 1952 quo
661 1900 876 1937 allucinatur
904 1899 1096 1937 Bersman-

43 1964 112 1992 nus
141 1954 252 2002 (nam
290 1954 398 2004 hujus
432 1952 559 1991 festum
599 1953 636 1989 &
669 1952 813 1988 mentio
833 1950 873 1989 fit
903 1949 923 1987 a
956 1950 1095 1989 Nostro

42 2005 167 2054 paullo
189 2006 266 2055 post
291 2017 381 2044 v111.
400 2004 580 2042 Kalendas
601 2002 734 2050 Julias)
763 2001 823 2039 secl
843 2001 974 2039 Virilis.
993 2002 1097 2051 cujus

43 2055 172 2093 auctor
199 2058 310 2094 etiam
346 2056 491 2105 Servius
519 2054 678 2092 Tullius.
723 2051 924 2101 Dionysius
951 2045 1013 2090 lib.
1040 2064 1092 2089 ιν.

45 2118 123 2155 cap.
144 2117 203 2152 27.
231 2112 357 2147 'rafim
377 2102 675 2161 alyneyssoe'la‘lv&
694 2103 731 2142 ἐν
753 2104 848 2156 εἷρένῃ
867 2121 902 2143 τε
921 2108 954 2157 x}
973 2107 1018 2155 uss)
1036 2120 1094 2142 m-

47 2165 172 2215 λέμες,
203 2169 235 2216 ,9
253 2161 328 2206 ms}
345 2161 410 2212 dbia
434 2157 801 2207 navozmeettmoifidu&
821 2156 933 2209 Τύχης
946 2190 957 2208 ,
987 2157 1008 2212 ᾗ
1025 2176 1094 2198 ποι-

47 2217 88 2272 pol
104 2217 217 2259 πάντα.
236 2221 287 2256 τὸν
307 2219 372 2266 βίον
391 2217 486 2264 ’έῖοξεν
516 2217 643 2268 οἷγοιθξῆ
663 2217 857 2267 ›saxeno-&oet
871 2243 880 2259 ‚
913 2216 964 2252 τὶν
984 2212 1040 2265 ‘18st
1058 2212 1095 2253 ὅν

48 2275 161 2326 nimpi?
178 2277 218 2328 τῇ
238 2271 404 2343 κωλεῶόῃ
425 2270 580 2324 βοαφῖᾳ,
611 2273 661 2309 τὸν
682 2271 721 2318 dl]
741 2269 839 2322 ἕτερον
856 2272 905 2308 ἐπὶ
921 2274 996 2311 ταῖς
1013 2270 1095 2311 liscio-t

49 2329 77 2373 {3
95 2329 276 2382 Tcsst'pc&‚
305 2327 347 2368 lw
372 2328 511 2383 οἷνδςείοιν
531 2327 793 2377 ωὔσηγὸρώσεν
806 2356 815 2373 ‚
845 2327 884 2367 ὦς
904 2329 936 2377 ’53
956 2327 1001 2362 νῦν
1022 2325 1097 2364 ’ὑπὸ

48 2385 214 2436 Ῥωμαίων
232 2389 403 2425 καλεῖται.
435 2388 477 2422 ln
496 2385 565 2421 hac
586 2390 661 2420 erat
683 2380 912 2418 simulacrum
932 2380 1098 2428 ligneum

47 2436 145 2479 istius
165 2441 340 2489 Principis
355 2467 364 2484 ,
393 2438 452 2477 sed
474 2440 597 2476 velato
616 2435 705 2484 toga
725 2436 863 2485 capite:
892 2435 965 2472 hoc
985 2447 1098 2485 quam

48 2489 100 2528 ob
117 2487 274 2527 caussam
304 2490 428 2526 multis
448 2487 594 2526 disserit.
620 2488 746 2526 Nm.
786 2486 875 2523 Non
898 2494 988 2533 puto
1010 2486 1101 2524 For·

49 2547 163 2578 tunae
183 2539 293 2577 virilis
315 2539 446 2577 aedem
470 2540 531 2577 hic
550 2538 727 2586 intelligi,
755 2547 850 2585 quae
868 2544 944 2573 erat
968 2537 1006 2574 in
1026 2538 1102 2585 ripa

50 2589 222 2634 Tiberis,
251 2598 291 2627 ut
325 2589 499 2638 Dionysii
529 2589 639 2626 verba
667 2587 842 2625 indicant.
869 2585 943 2624 vid.
969 2582 1029 2624 lib.
1052 2598 1103 2625 iv.

48 2652 110 2687 27.
130 2642 167 2679 ὅ(
191 2641 266 2679 hoc
278 2640 465 2690 requirunt
486 2640 594 2677 verba
616 2637 770 2683 Ovidii,
793 2639 976 2688 austerque
996 2638 1104 2675 locus-

51 2705 116 2741 que
134 2720 144 2737 ,
173 2691 308 2730 scilicet
338 2691 461 2736 idem,
489 2691 552 2739 qui
586 2689 683 2727 aedis
706 2690 896 2731 Matutae;
934 2688 992 2726 illa
1014 2700 1105 2726 vero

27 2752 38 2766 ¹
54 2752 129 2781 erat
147 2744 187 2781 in
207 2744 291 2781 foro
311 2742 456 2780 Boario.
486 2739 726 2790 intelligenda
755 2751 844 2789 ergo
864 2738 972 2777 aedes
989 2744 1104 2777 Bonae

53 2793 412 2839 Fortunae,’Aya6›3;
436 2794 563 2837 τύχκς·
584 2803 679 2842 quae
698 2792 735 2829 in
748 2790 883 2829 eodem
902 2799 976 2828 erat
996 2792 1102 2837 foro,

53 2844 139 2883 teste
161 2844 368 2894 Dionysio:
399 2845 436 2882 8<
459 2845 574 2881 miror
595 2846 643 2880 ita
664 2839 868 2880 caecutiisse
887 2842 1104 2888 Neapolim,

55 2896 119 2945 qui
138 2895 349 2932 blaterantes
381 2895 578 2944 interpretes
602 2891 846 2942 reprehendit.
876 2891 993 2941 plures
1015 2903 1104 2928 vero

57 2946 161 2984 aedes
180 2946 325 2984 diversis
355 2945 417 2983 sub
446 2945 660 2983 nominibus
692 2944 875 2981 Fortunae
905 2941 1106 2979 condidisse

59 2996 225 3035 Servium
260 2997 370 3034 docet
398 2996 576 3034 Plutarch.
616 2995 766 3044 Quaest.
794 2994 908 3031 Rom.
941 3005 999 3039 74.
1043 2993 1107 3030 liic

403 761 622 834 Oraque
651 759 768 816 sunt
797 762 965 817 multa
989 761 1134 834 regia
1158 759 1295 816 reela
1325 763 1468 832 toga.

2106 834 2198 889 An

1144 985 1260 1024 quem
1283 979 1456 1012 Fortunae
1467 973 1602 1011 Tulliae
1620 973 1741 1022 posuit
1753 971 1941 1010 insularius
1962 970 2110 1010 aedium
2128 976 2198 1009 Tu-

1144 1024 1237 1074 gurii
1251 1025 1335 1070 ‚vel
1356 1026 1526 1074 Tugurim‘
1539 1054 1548 1070 ‚
1562 1025 1702 1063 Liberti
1726 1022 1814 1061 Tib.
1836 1024 2014 1072 Augusti,
2044 1032 2082 1061 ut
2096 1023 2197 1060 malo

1147 1076 1327 1124 explicare
1354 1075 1468 1125 quarn
1503 1088 1589 1114 cum
1618 1073 1793 1115 Reinefio
1819 1101 1830 1119 ,
1866 1079 2039 1112 Fortunae
2060 1073 2195 1111 Tulliae

1146 1126 1280 1178 insulae
1300 1127 1454 1164 aedium.
1481 1126 1613 1166 Burin.

1202 1200 1288 1237 570.
1315 1191 1405 1238 {Qis
1428 1191 1514 1229 latet
1535 1191 1616 1228 aede
1638 1189 1775 1240 regist]
1806 1190 1889 1228 Nec
1910 1189 2070 1237 reprobo
2096 1199 2201 1229 vete-

1147 1251 1226 1295 rem
1247 1240 1452 1280 editionem
1467 1270 1477 1286 ,
1496 1243 1573 1293 quis
1592 1242 1676 1280 latet
1694 1241 1751 1289 iste
1762 1241 1869 1289 togis?
1898 1241 2074 1278 Neapot..
2103 1240 2204 1289 <Qud

1147 1290 1206 1336 aste
1231 1300 1390 1340 quatuor
1417 1293 1511 1331 libri.
1549 1293 1668 1331 codex
1700 1293 1807 1330 Laeti
1840 1292 1877 1329 ὃ(
1914 1292 2022 1339 prim.
2053 1291 2203 1330 Bonon.

1149 1343 1226 1391 quis
1245 1342 1331 1379 latet
1354 1343 1446 1381 aede.
1476 1343 1581 1394 quod
1613 1345 1651 1382 &
1683 1342 1860 1392 Neapolis
1881 1342 1930 1380 est
1948 1342 2103 1380 secutus.
2132 1342 2206 1381 Pli-

1149 1393 1231 1430 nius
1261 1393 1444 1433 Historiae
1467 1394 1652 1433 Naturalis
1678 1393 1770 1432 libro
1793 1405 1884 1431 viu.
1914 1404 1992 1442 cap.
2010 1392 2068 1440 48.
2099 1399 2205 1442 Togae

1150 1443 1264 1481 Servii
1284 1444 1391 1482 Tullii
1403 1445 1511 1494 regiae
1530 1445 1726 1483 undulatae
1737 1445 1911 1483 meminit
1925 1456 2056 1493 ,quam
2082 1445 2120 1482 in
2141 1455 2203 1482 ae-

1150 1494 1196 1532 de
1217 1495 1402 1534 Fortunae
1431 1497 1609 1535 servatam
1632 1494 1734 1534 fuiffe
1758 1524 1769 1541 ,
1806 1496 1983 1533 Varronis
2007 1494 2206 1534 auetorita-

1150 1554 1227 1584 teni
1247 1546 1387 1586 secutus
1403 1576 1413 1593 ‚
1441 1548 1577 1597 prodit.
1634 1549 1758 1586 Locus
1777 1547 1955 1585 Varronis
1970 1573 1980 1590 ,
2008 1558 2122 1596 quem
2134 1546 2207 1585 Pli-

1149 1597 1231 1636 nius
1262 1597 1406 1638 videtur
1439 1599 1626 1649 designare
1650 1627 1659 1643 ‚
1698 1611 1742 1637 ex
1774 1598 1866 1636 libro
1899 1596 2021 1646 primo
2053 1598 2099 1635 de
2129 1598 2205 1636 vita

1149 1647 1225 1686 PR.
1248 1649 1345 1698 apud
1368 1650 1537 1688 Nonium
1569 1649 1788 1688 Marcellum
1813 1648 1924 1687 exstat
1946 1676 1957 1693 ‚
1990 1647 2048 1685 sed
2073 1659 2202 1697 parum

1148 1698 1315 1748 integer:
1344 1705 1390 1739 Et
1411 1701 1435 1738 ὰ
1457 1700 1666 1751 quibusdam
1684 1700 1813 1737 dicitur
1834 1701 1890 1748 effe
1912 1698 2061 1747 Virginis
2081 1705 2207 1736 Fortu·

1150 1761 1215 1787 nae
1230 1778 1241 1794 ‚
1269 1750 1314 1788 ab
1334 1765 1368 1789 eo
1389 1752 1480 1802 quod
1505 1751 1641 1789 duabus
1659 1751 1842 1789 undulatis
1869 1749 1952 1799 togis
1971 1749 2014 1797 est
2035 1757 2204 1798 opertum,

1146 1801 1288 1850 proinde
1309 1813 1349 1840 ut
1362 1812 1439 1840 tum
1459 1816 1545 1851 reges
1567 1803 1668 1852 nostri
1688 1801 1881 1839 undulatas
1903 1811 1946 1840 (9⁴
1961 1809 2205 1849 Praetextatus

1151 1863 1244 1902 togas
1261 1852 1440 1903 fhlitistnt
1459 1853 1593 1893 habere.
1621 1853 1731 1892 verba
1761 1853 1842 1897 illa,
1871 1851 1915 1888 ab
1936 1864 1970 1888 eo
1997 1851 2089 1900 quod
2116 1851 2208 1888 dua·

1151 1902 1214 1941 hus
1233 1905 1417 1943 undulatis
1443 1906 1527 1955 togis
1547 1905 1592 1953 est
1618 1915 1769 1955 opertum
1795 1932 1805 1949 ‚
1844 1902 1889 1940 ad
1921 1901 2063 1951 fignum
2089 1902 2207 1942 Servii

1150 1953 1294 2002 Tullii,
1322 1957 1426 2006 quod
1447 1958 1484 1994 in
1504 1957 1594 1996 aede
1618 1956 1781 2005 Virginis
1799 1954 1986 1992 Fortunae
2006 1953 2208 2000 exstiterit,

1150 2005 1325 2058 videntur
1346 2006 1417 2046 effe
1446 2007 1648 2047 referenda.
1675 2008 1824 2045 HEINS.
1870 2010 1974 2054 Super
1996 2004 2127 2053 ingestis
2154 2017 2210 2055 pr.

1149 2056 1300 2097 Bonon.
1320 2058 1571 2109 superinveflis
1585 2072 1638 2109 pr.
1659 2057 1801 2097 Medic.

1202 2136 1290 2175 571.
1317 2125 1456 2164 servius
1477 2125 1542 2172 est,
1571 2136 1616 2166 <y
1631 2123 1758 2172 constat
1770 2136 1848 2160 eum
1862 2150 1873 2167 ‚
1894 2122 1957 2171 fied
1973 2122 2075 2172 causa
2094 2121 2210 2160 laeen-

1152 2175 1190 2213 eti
1211 2175 1436 2225 Discrepat.]
1504 2176 1557 2215 Ita
1576 2177 1672 2215 male
1691 2175 1824 2224 legitur
1851 2175 1888 2212 &
1911 2173 2141 2222 distinguitur
2169 2175 2208 2211 in

1151 2227 1247 2266 libris
1274 2227 1439 2276 vulgatis.
1494 2227 1561 2266 Tu
1594 2227 1774 2275 distingue
1801 2237 1844 2263 ac
1875 2224 1957 2273 lege
1979 2223 2000 2261 ὲ
2028 2225 2086 2262 sex
2112 2224 2210 2263 libris

1152 2278 1306 2326 scriptis:
1337 2278 1478 2317 Servius
1499 2278 1543 2327 est
1570 2279 1647 2328 (hoc
1669 2277 1794 2325 constat
1815 2277 1923 2324 enim)
1937 2275 2024 2325 fid,
2053 2276 2092 2314 &
2112 2286 2207 2325 quae

1154 2330 1366 2379 sequuntur.
1394 2329 1565 2369 exortu.

1208 2402 1250 2440 57
1260 2403 1293 2442 3.
1322 2396 1410 2428 Tum
1433 2397 1509 2430 Dea
1523 2390 1716 2441 furtivos]
1748 2392 1818 2430 Sex
1839 2390 1921 2430 libri
1938 2389 2079 2438 scripti,
2107 2394 2207 2426 Dum

1156 2449 1245 2482 Dea.
1268 2443 1440 2481 CioraN.

1212 2519 1294 2555 575.
1322 2505 1423 2556 Arsit
1447 2508 1540 2545 enim
1564 2518 1694 2554 magna
1722 2513 1872 2553 correpta
1899 2500 2054 2551 cupidine
2071 2497 2208 2549 Regis]

1161 2558 1246 2596 Lib.
1277 2556 1358 2594 Urs.
1386 2556 1487 2606 Arfit
1517 2557 1608 2594 enim
1639 2568 1784 2604 magno,
1822 2555 1963 2602 generis
1996 2550 2210 2595 masculini,

1159 2609 1290 2658 placet.
1327 2607 1416 2646 Duo
1438 2610 1506 2647 alia
1522 2608 1605 2646 loca
1625 2607 1662 2644 in
1681 2606 1740 2643 lib.
1762 2605 1956 2642 Variarum
1977 2601 2210 2639 Leehonum

1159 2661 1306 2698 notavit
1334 2660 1372 2697 ὃ(
1405 2658 1665 2698 animadvertit
1699 2657 1880 2694 Muretus.
1925 2653 2095 2690 Crorau.
2151 2652 2211 2689 Sic

1161 2711 1274 2759 vulgo
1297 2709 1494 2748 creditum.
1527 2708 1740 2748 Plutarchus
1772 2707 1808 2744 in
1830 2705 1952 2743 libello
1981 2702 2054 2745 a&
2080 2705 2109 2741 αἳ
2137 2704 2212 2742 Ῥω-

1160 2768 1265 2815 μαίων
1284 2762 1409 2815 Τύχης·
1440 2763 1530 2805 ’Ὣς-ε
1551 2767 1582 2816 og*
1602 2765 1746 2800 σιωεῒνοιι
1767 2760 1862 2799 δοκεῖν
1885 2759 1976 2809 αὐτῷ
1998 2757 2064 2795 τίν.)
2083 2756 2212 2806 τύχάυ,

1160 2818 1234 2871 2ng
1253 2828 1351 2863 rar&-
1379 2819 1527 2872 Socii&
1556 2815 1821 2857 κατοιςοιῖικσ-αν
1852 2818 1893 2857 εἰς
1916 2817 1954 2853 τὶ
1976 2811 2165 2865 θαυμάτων,
2195 2813 2210 2850 ’ὂ

1161 2878 1207 2911 νῖν
1236 2875 1420 2914 ‹iuves-{mar
1438 2873 1549 2913 πῦλᾶυ
1569 2876 1724 2911 κοιλέσ-ιν.
1759 2872 1936 2909 ΝΕΑΡΟῙ..
1975 2875 2111 2917 AIagna
2134 2869 2214 2917 plu·

1159 2929 1254 2965 rimi.
1274 2929 1394 2976 magni
1412 2939 1583 2977 quatuor.
1612 2926 1754 2963 libidine
1777 2924 1928 2962 Thuan.

1215 2995 1299 3041 578.
1328 2994 1422 3030 Unde
1442 2991 1671 3044 fenestralia]
1713 2991 1831 3029 Iidem
1855 2991 1993 3029 libri&
2011 2990 2093 3029 Urs.
2114 2991 2214 3038 fine·

58 3048 310 3098 verointelligi
332 3051 444 3084 Bonae
465 3053 637 3084 Fortunae
648 3054 746 3094 patet
766 3053 949 3094 praeterea
970 3044 1104 3092 exipso
1153 3045 1293 3091 stellae,
1321 3044 1432 3081 reete.
1461 3046 1630 3082 Crorari.
1661 3044 1808 3081 Moneo
1831 3044 1868 3080 in
1890 3043 1963 3080 alio
1995 3042 2092 3090 legi,
2122 3042 2216 3077 [bide

59 3096 243 3148 Dionysio
267 3128 276 3143 ‚
317 3099 382 3147 qui
408 3098 542 3137 deinde
572 3097 632 3134 lib.
661 3108 716 3134 IV.
749 3107 828 3144 cap.
855 3108 915 3143 40.
958 3095 1104 3132 Statu-ae

58 3147 199 3197 ligneae
226 3151 410 3188 inauratae
439 3149 553 3187 Servii
583 3147 776 3192 meminit,
805 3158 900 3194 quae
919 3146 984 3183 hic
1013 3146 1101 3182 dici-

61 3206 117 3236 tur
142 3197 241 3237 fuiffe
270 3199 356 3249 toga
388 3201 521 3238 velat-51.
553 3199 599 3237 de
620 3210 691 3248 qua
716 3199 753 3235 &
782 3197 915 3235 Plinius
937 3197 996 3234 lib.
1013 3208 1104 3233 vixi.

63 3260 140 3296 cap.
168 3248 225 3295 43.
251 3262 296 3288 an
327 3254 366 3288 ἃ
395 3251 440 3290 ad
465 3252 560 3289 hanc
590 3251 793 3289 Fortunam
824 3249 948 3286 referri
977 3248 1105 3284 debeat

58 3298 184 3349 lapidis
204 3301 299 3350 apud
317 3302 465 3341 Reiues.
482 3302 562 3342 clas.
579 3315 606 3342 1.
627 3301 691 3341 ins.
714 3300 794 3352 138.
822 3299 946 3339 titulus
969 3299 1106 3343 nescim

1161 3094 1372 3142 Fenestellae.
1415 3096 1476 3134 De
1503 3096 1572 3133 hac
1595 3095 1677 3143 lege
1704 3105 1799 3143 quae
1831 3093 1948 3131 scribit
1980 3093 2078 3130 idem
2105 3091 2215 3129 fusius

1161 3147 1198 3182 ἐν
1219 3145 1350 3188 Αἰτίοις
1371 3174 1381 3190 ,
1411 3146 1449 3184 &
1473 3146 1656 3196 judicium
1688 3144 1973 3193 praestantissimi
2005 3144 2071 3180 viri
2106 3144 2214 3179 Onu·

1161 3197 1253 3245 phrii
1276 3198 1443 3235 panvinii
1465 3199 1502 3235 in
1535 3197 1638 3235 Urbe
1661 3194 1798 3234 Rom-ii.
1825 3196 2001 3233 Neapor..
2044 3192 2213 3238 fenestra-

1163 3259 1217 3284 tae
1239 3246 1342 3285 Vols.
1365 3249 1402 3286 &
1425 3257 1495 3287 tres
1515 3248 1586 3288 alii.
1616 3247 1700 3293 alii,
1721 3246 1918 3295 fenestrae,
1940 3242 2124 3293 sena-stralo
2139 3269 2148 3286 ‚
2163 3247 2216 3285 se-

1164 3299 1340 3348 mslralis,
1374 3308 1446 3338 vc.

2034 3341 2116 3390 584.
2146 3344 2218 3376 Do-
