2495 3675
251 147 353 219 ‚346

743 135 803 192 P.
878 129 1298 192 OVIDII
1370 125 1904 185 NASONIS

546 234 653 293 Sed
681 245 862 292 tamen
887 237 1019 292 haec
1047 233 1146 289 tria
1172 232 1291 288 sunt
1314 227 1407 285 sub
1435 226 1633 282 eodem
1664 239 1911 301 tempore
1936 228 2065 286 festa

621 308 765 365 Inter
789 310 841 365 se
863 311 1011 373 nullo
1038 307 1345 362 continuata
1373 302 1478 356 die.

698 384 909 438 Uorum
935 382 969 436 si
999 380 1190 435 mediis
1213 379 1464 434 Boeoton
1491 374 1698 430 Oriona
1727 391 1987 447 quaeres;

769 455 943 510 Falsus
970 454 1087 508 eriS.
1129 451 1258 523 signi
1282 448 1451 506 cauffa
1476 446 1717 503 canenda
1743 446 1888 502 mihi.

412 552 513 603 495
548 533 826 605 juppiter,
852 528 949 591 δε,
988 528 1096 580 lato
1125 526 1215 597 qui
1244 536 1430 595 regnat
1455 522 1510 576 in
1537 538 1801 595 aequore,
1840 521 2035 583 fratem

633 603 936 673 Carpebant
968 600 1164 660 socias,
1201 595 1648 668 Mercuriusque,
1683 595 1807 648 vias,

561 678 805 746 Tempus
834 685 974 736 erat,
1012 690 1124 745 quo
1152 671 1297 724 versa
1322 668 1454 739 jugo
1482 668 1789 722 referuntur
1816 678 2018 729 aratra3

633 749 706 803 Et
736 763 964 819 pronum
996 745 1199 799 saturae
1227 744 1305 798 lac
1332 742 1463 795 bibit
1490 757 1655 811 agnus
1685 741 1815 794 oviS.

560 821 726 877 Forte
755 820 916 874 senex
942 817 1182 891 Hyrieus
1200 859 1211 876 .
1253 814 1455 887 angusti
1483 815 1661 868 cultor
1688 813 1870 884 agelli,

419 914 525 970 500

327 1122 413 1160 490.
440 1107 561 1157 Mense
583 1106 718 1145 malum
740 1103 878 1155 Majo.]
925 1103 1007 1142 Urs.
1031 1103 1117 1143 Stat.
1135 1101 1266 1141 Maffei
1290 1102 1329 1140 δε

280 1171 352 1202 tres
376 1162 497 1199 Vatic.
522 1159 640 1207 Mense
658 1156 771 1194 malas
793 1156 1044 1205 Majo.piacet.
1075 1155 1188 1192 C10F.
1212 1153 1330 1190 Malas

279 1215 319 1253 in
352 1211 577 1251 melioribus.
612 1210 759 1246 Heius.
802 1207 891 1245 Vid.
910 1207 1090 1244 Plutarch.
1112 1205 1261 1254 Quaest.
1285 1205 1329 1242 R.

282 1265 344 1302 86.
372 1261 581 1301 Alexander
601 1259 785 1298 Taffonus
800 1286 810 1302 ,
839 1260 874 1296 in
895 1257 1139 1295 Miscellaneis
1162 1284 1171 1299 ‚
1204 1256 1331 1303 lingua

280 1315 406 1353 Italica
420 1343 429 1359 ,
441 1313 501 1351 sub
513 1311 644 1350 Titulo
657 1311 694 1348 di
714 1308 860 1352 Penlieri
878 1306 1143 1357 diversi,editis
1154 1306 1216 1344 lib.
1235 1316 1331 1344 vrit.

281 1377 360 1414 cap.
380 1378 412 1402 z.
446 1363 561 1401 multa
582 1362 628 1400 de
657 1362 725 1400 hac
751 1360 1002 1409 superstitione
1026 1387 1036 1404 ,
1074 1369 1187 1408 quam
1211 1356 1332 1395 adhuc

278 1415 376 1466 apud
398 1412 637 1452 Ferrarienses
655 1412 833 1451 observari
850 1411 989 1455 scribit,
1014 1410 1098 1457 agit.
1124 1408 1258 1446 Euam.

330 1478 416 1515 491.
443 1464 511 1502 Sub
531 1464 645 1502 eodem
665 1461 849 1512 tempora]
881 1462 1032 1499 Nomine
1060 1460 1200 1498 Mazar.
1220 1460 1259 1497 ὅ(
1279 1457 1334 1496 se-

281 1525 385 1567 ptem
408 1516 480 1554 alii.
517 1516 556 1553 &
583 1516 631 1552 ita
661 1514 775 1552 edidit
804 1513 995 1562 Neapolis.
1018 1511 1066 1550 fic
1086 1524 1113 1550 1.
1132 1511 1229 1550 Met.
1249 1521 1335 1558 410.

274 1567 343 1618 sub
362 1567 476 1605 eodem
498 1565 634 1603 nomine
656 1563 795 1613 mansit.
1243 1613 1250 1618 ⁶

333 1631 419 1667 492.
451 1625 545 1655 Inter
556 1619 595 1665 fi
617 1616 717 1654 nulla
739 1613 944 1652 continuata
970 1613 1062 1663 die]
1093 1615 1192 1651 Nam
1214 1613 1250 1650 hi
1273 1612 1334 1650 sex

284 1669 470 1709 continuis
498 1668 636 1706 diebus.
692 1666 855 1710 Primus,
886 1665 1012 1702 tertius
1035 1693 1045 1710 ,
1072 1665 1222 1714 quintus
1249 1663 1338 1701 sacri

285 1720 371 1760 sunt
395 1718 662 1757 Lemuralibus.
688 1718 776 1755 hinc
794 1717 913 1766 capies
933 1724 1038 1756 vetus
1050 1715 1336 1760 Kalendarium,

287 1771 326 1809 in
354 1783 433 1822 quo
454 1769 503 1808 fic
522 1770 581 1808 illa
603 1776 802 1808 notantur:

414 1871 466 1910 A.
494 1869 643 1909 LEM.
671 1869 710 1908 N

415 1935 504 1975 BC.

416 1995 461 2033 C.
491 1994 637 2033 LEM.
664 1993 721 2031 N.

418 2058 470 2096 D.
498 2056 578 2095 NP.
604 2055 735 2097 LVD.
767 2054 942 2095 MART.
969 2055 1028 2096 IN
1056 2055 1196 2096 CIRC.

420 2118 453 2157 E
484 2117 632 2156 LEM.
660 2119 708 2158 N.

292 2220 474 2260 Nomou
503 2221 605 2257 Diem
625 2232 715 2259 vero
735 2221 796 2259 hic
818 2232 884 2269 pro
897 2220 1009 2258 noete
1032 2219 1148 2265 sumi,
1169 2218 1254 2269 quia
1275 2230 1347 2257 no-

295 2271 353 2309 ‹ste
373 2272 548 2310 Lemuria
559 2272 693 2310 fiebant
710 2300 720 2316 ,
740 2273 885 2310 notavit
898 2271 1077 2310 Fanensis.
1093 2271 1166 2309 vid.
1178 2272 1279 2309 Serv.
1301 2269 1347 2308 ad

294 2323 403 2372 Virg.
424 2336 452 2361 1.
478 2322 567 2360 AEn.
597 2334 682 2371 732.
711 2323 841 2360 Euam.

347 2385 435 2422 493.
463 2376 622 2423 Quorum
637 2372 673 2422 fi
686 2374 848 2423 mediis.]
887 2371 1102 2411 Incidebant
1129 2371 1251 2410 media
1272 2372 1348 2410 Le-

299 2425 453 2463 muralia
478 2427 515 2463 in
537 2438 572 2463 v.
606 2425 690 2463 idus
721 2426 839 2474 Majas
857 2452 868 2470 ,
896 2435 983 2473 ergo
1012 2425 1050 2462 in
1076 2423 1176 2461 idem
1204 2432 1351 2471 tempus

299 2475 446 2514 occasus
466 2477 641 2522 Orionis,
669 2487 746 2513 non
767 2487 821 2513 vx.
849 2483 888 2514 ut
908 2475 1025 2513 scribit
1043 2476 1242 2523 Gregorius
1253 2473 1353 2511 Bers-

299 2539 480 2565 mannus:
510 2528 611 2577 cujus
631 2539 731 2565 error
751 2535 875 2575 aperte
889 2527 993 2564 venit
1015 2537 1060 2563 ex
1072 2537 1148 2563 non
1162 2524 1353 2563 i11telle6t0

298 2578 537 2616 pentametro
557 2590 674 2627 nuper
693 2577 878 2616 illustrato.
908 2577 1080 2614 Aliorum
1106 2577 1227 2613 futiles
1242 2577 1356 2613 inter-

299 2630 523 2676 pretationes
546 2642 624 2667 non
642 2629 790 2667 scribam
806 2657 817 2674 ,
843 2639 891 2666 ne
913 2629 1074 2665 chartam
1096 2627 1357 2675 srustrainqui-

301 2691 402 2717 nem.
431 2683 606 2718 NEAPOL.

351 2742 434 2779 493.
462 2737 605 2768 Boeoton
627 2728 798 2778 oriona]
862 2729 921 2766 Ex
942 2726 1067 2776 patria.
1104 2725 1292 2764 Nicander
1318 2728 1356 2763 in

305 2777 509 2819 Therme-23.
544 2784 669 2820 NEAP.
715 2786 880 2817 Baeotum
904 2791 1035 2816 omnes
1070 2778 1145 2815 fere
1169 2777 1299 2825 scripti.
1328 2775 1361 2825 fi

308 2830 416 2866 medio
443 2832 588 2878 Junian.
625 2835 665 2872 δε
697 2832 852 2870 Moreti.
883 2829 1019 2880 quaeris
1053 2829 1165 2867 eniam
1199 2828 1360 2877 plurimi.

308 2893 453 2930 qliassra5
475 2893 556 2919 [Tes-

361 2943 442 2977 494.
472 2933 564 2980 Signi
586 2935 687 2980 ιαμβι
700 2932 862 2981 fimanda
880 2930 971 2970 mihi
991 2930 1075 2981 effi]
1107 2931 1210 2981 Lege
1227 2942 1270 2969 ex
1289 2942 1360 2968 no-

310 2992 397 3019 veni
422 2982 515 3019 libris
537 2984 691 3031 scriptis,
720 2985 887 3021 canenda.
916 2983 1029 3020 Crof.

364 3033 448 3078 496.
480 3034 740 3083 Mercuriusque
768 3035 895 3082 vias.]
948 3034 1043 3070 Tres
1073 3034 1182 3071 etiarn
1216 3033 1360 3070 Varino

311 3083 412 3125 sunt;
443 3082 500 3119 sed
524 3083 584 3119 hic
611 3096 677 3131 pro
705 3084 893 3120 Mercurio
916 3086 1019 3131 ponit
1041 3085 1266 3120 Ἀπόλλωνα
1294 3083 1360 3120 Pa-

311 3134 499 3181 laephatus
515 3161 523 3175 ‚
554 3134 721 3176 Servius,
754 3134 914 3170 Homeri
936 3134 1169 3178 Scholiailes‚
1199 3145 1238 3172 ut
1251 3134 1361 3172 Naso.

313 3185 384 3222 Sed
419 3185 464 3220 de
502 3185 569 3221 hac
601 3184 718 3221 fabula
755 3185 875 3220 variae
908 3183 1108 3221 sententiae
1145 3186 1359 3232 priscorum.

313 3235 414 3273 Vide
434 3235 667 3273 Parthenium
691 3237 728 3273 in
751 3235 954 3272 Aniatoriis
976 3234 1227 3273 affeerionibus
1242 3265 1250 3280 ,
1272 3236 1359 3273 Bru-

315 3287 459 3326 sonium
475 3314 485 3333 ,
515 3286 714 3334 Nicandri,
745 3286 1005 3337 Lycophronis
1028 3313 1039 3331 ,
1067 3285 1172 3325 Arati
1195 3287 1361 3326 Scholia-

638 893 763 950 Hos
787 892 962 957 videt,
1002 892 1256 964 exiguam
1280 888 1442 944 stabat
1470 900 1528 942 ut
1556 899 1682 942 ante
1706 885 1892 940 casam.

2331 960 2430 1014 At-

1385 1099 1474 1144 stas,
1504 1099 1730 1149 Hyginum,
1759 1098 1798 1137 &
1827 1097 1924 1147 apud
1954 1095 2131 1137 eumdem
2156 1093 2287 1135 Istrum
2316 1095 2355 1135 δε
2379 1096 2435 1136 Aa

1385 1151 1613 1190 ristonicum.
1638 1150 1763 1188 NEAP.
1791 1150 1916 1187 Solitas
1944 1150 2024 1188 vias
2046 1150 2183 1187 Strozz.

1437 1213 1526 1251 497.
1554 1208 1699 1250 Tempus
1720 1212 1820 1246 erat,
1847 1216 1913 1253 quo
1932 1200 2032 1250 eya]
2065 1199 2284 1247 Περὶφρασις
2300 1197 2437 1249 νεῖρεό

1385 1265 1458 1292 rae.
1487 1253 1577 1290 Non
1599 1252 1771 1291 diffimilis
1790 1253 1849 1290 illa
1871 1253 2092 1302 Virgiliana:

1441 1320 1488 1353 Et
1499 1316 1580 1364 jam
1596 1315 1738 1362 summa
1753 1314 1869 1363 procul
1897 1314 2072 1352 villarum
2093 1311 2251 1351 culmina
2261 1313 2438 1361 fumant,

1442 1368 1662 1417 Majoresque
1684 1365 1816 1402 cadunt
1837 1365 1921 1402 altis
1939 1365 1978 1403 do
1995 1364 2169 1403 montibus
2186 1362 2342 1402 umbrae.

1392 1431 1562 1469 CroFAN.
1589 1428 1792 1475 Referentur
1814 1425 1960 1464 Arond.
1980 1426 2133 1466 Putean.

1441 1490 1528 1539 498.
1554 1495 1601 1527 Et
1619 1491 1784 1543 pronun]
1814 1493 1916 1531 Maz.
1936 1493 1976 1531 &
1996 1492 2295 1544 Zulich.pr0num
2307 1509 2320 1540 ;
2344 1492 2442 1544 opti-j

1391 1554 1467 1580 me.
1489 1554 1581 1580 unus
1604 1543 1771 1589 Moreti,
1794 1552 1987 1593 promtum.
2024 1544 2172 1584 Hmus.

1443 1620 1531 1656 499.
1558 1615 1657 1647 Forte
1666 1612 1775 1660 senex
1794 1610 1956 1662 Oriens.]
2013 1611 2071 1649 Ex
2099 1611 2231 1650 iisdem
2251 1612 2314 1651 lib.
2336 1612 2447 1663 lege,

1392 1664 1540 1708 Hyreus.
1565 1661 1736 1699 Cloe-AN.
1774 1664 1953 1710 Hyrtheus
1973 1663 2113 1700 Mazar.
2134 1663 2276 1700 Hirteus
2303 1662 2446 1703 Zulich.

1392 1722 1489 1748 unus
1511 1712 1668 1757 Moreti,
1682 1719 1844 1761 Hyereus.
1858 1725 1951 1751 unus
1969 1713 2138 1758 Puteani,
2156 1719 2297 1752 Heroas.
2317 1714 2376 1752 alii
2388 1715 2450 1753 ali-

1393 1768 1460 1799 ter.
1488 1761 1668 1810 Scaliger,
1697 1763 1838 1807 Jereus.
1859 1764 2025 1813 optimus
2043 1763 2163 1802 Urfini
2183 1764 2274 1802 liber
2292 1773 2367 1803 tarn
2389 1765 2450 1805 hic

1394 1822 1507 1861 quam
1530 1812 1646 1857 infra,
1677 1814 1836 1862 Hyrieus.
1873 1827 1960 1852 vere
1982 1816 2155 1852 omnino.
2181 1826 2230 1853 ne
2251 1814 2386 1854 dubita.
2403 1815 2449 1855 fic

1399 1864 1440 1901 &
1462 1863 1509 1901 ib.
1527 1875 1582 1902 vr.
1617 1863 1724 1913 proles
1747 1864 1874 1913 Hyriea
1903 1865 2146 1904 scribendum.
2179 1864 2313 1912 Ὑριεὺς
2336 1867 2451 1906 Grae·

1399 1913 1450 1951 cis
1472 1914 1545 1959 est,
1572 1926 1685 1965 quern
1718 1915 1873 1954 Orionis
1904 1925 2044 1966 patrem
2080 1917 2223 1956 faciunt
2242 1917 2452 1958 Parthenius

1400 1964 1558 2004 Eroticis
1593 1978 1671 2015 cap.
1698 1979 1758 2005 xx.
1794 1966 2011 2006 Antoninus
2040 1968 2216 2007 Liberalis
2246 1970 2454 2008 Metamor-

1399 2017 1506 2065 phofi
1528 2030 1615 2055 xxv.
1642 2017 1882 2067 Palaephatus
1913 2020 1992 2065 περὶ
2013 2019 2145 2058 Μυθῶν.
2187 2019 2334 2058 Scholia
2363 2020 2456 2058 anti-

1401 2079 1475 2116 qua
1495 2069 1531 2106 in
1553 2069 1717 2108 Homeri
1746 2069 1881 2108 lliados
1899 2069 1960 2108 lib.
1982 2073 2017 2108 B.
2038 2071 2077 2108 ὅς
2096 2073 2137 2108 Σ.
2164 2071 2203 2108 &
2226 2070 2456 2110 Nicandrum

1403 2117 1522 2158 Ther.
1554 2132 1612 2169 15.
1644 2120 1706 2159 ubi
1732 2129 1860 2159 tamen
1890 2132 2078 2170 perperam
2109 2121 2224 2166 ὡριεῦς
2249 2132 2317 2169 pro
2344 2120 2455 2166 ὑριεῦς

1400 2181 1502 2208 nunc
1521 2170 1665 2220 legitur.
1714 2172 1846 2209 Narrat
1868 2184 2021 2221 quoque
2049 2171 2206 2209 fabulam
2236 2183 2283 2209 ex
2315 2170 2456 2209 Aristo·

1403 2221 1539 2258 macho
1562 2222 1774 2260 Scholiastes
1804 2223 2016 2260 Germanici
2049 2223 2086 2259 δε
2119 2222 2290 2271 Hyginus
2312 2222 2454 2261 duobus

1401 2271 1493 2309 locis
1515 2273 1667 2320 poe'tico
1689 2272 1968 2311 Astronomico.
1998 2272 2058 2310 sed
2079 2273 2224 2321 utrique
2245 2285 2312 2322 pro
2331 2273 2456 2323 Hyriea

1406 2322 1456 2360 est
1478 2321 1680 2371 Erythreus.
1708 2324 1832 2361 nescio
1861 2335 1905 2361 an
1930 2322 2118 2361 mendose.
2158 2325 2272 2361 Hunc
2290 2323 2456 2373 Neptuni

1407 2374 1447 2411 &
1471 2373 1687 2423 Halcyones
1719 2373 1836 2412 filium
1865 2375 1952 2413 facit
1983 2374 2145 2412 Homeri
2179 2375 2393 2413 Scholiastes
2419 2374 2458 2414 &

1406 2424 1668 2473 Palaephatus,
1698 2433 1736 2463 ut
1759 2427 1797 2464 &
1825 2426 1996 2474 Hyginus
2020 2425 2172 2474 poetico
2193 2426 2457 2464 Astronomico

1407 2475 1528 2513 fabula
1547 2476 1676 2514 Tauri.
1703 2476 1764 2514 ubi
1784 2484 1909 2514 tamen
1930 2483 2046 2525 Hyrca
2067 2488 2133 2524 pro
2156 2478 2288 2526 Hyriea
2300 2475 2455 2515 solemni

1408 2538 1531 2564 errore
1551 2527 1724 2565 scribitur.
1754 2527 1795 2564 In
1817 2527 2058 2576 Mythologia
2076 2527 2220 2575 Hygini
2231 2527 2318 2566 Fab.
2336 2538 2460 2567 civit.

1409 2577 1503 2615 inter
1538 2578 1705 2626 Neptuni
1726 2577 1820 2616 filios
1850 2577 1933 2615 Rias
1960 2590 2002 2614 ex
2022 2576 2178 2627 Alcyone
2200 2578 2364 2616 Atlantis
2381 2577 2459 2622 filia

1410 2637 1653 2666 memoratur.
1682 2629 1793 2667 etiam
1818 2636 1988 2677 corrupte
2009 2640 2076 2677 pro
2099 2627 2260 2675 Hyrieus.
2299 2627 2461 2667 Scholia-

1411 2678 1478 2715 stes
1499 2678 1600 2715 Statii
1632 2679 1755 2717 Theb.
1785 2692 1838 2717 xx.
1858 2680 1918 2718 ubi
1939 2680 2012 2727 agit
2041 2678 2086 2716 de
2119 2678 2274 2715 Driante
2306 2678 2459 2718 Orionis

1413 2727 1489 2764 filio
1510 2755 1522 2772 ,
1551 2735 1658 2766 Avus
1689 2730 1781 2766 enim
1804 2731 1913 2767 Drias
1936 2727 2090 2776 Neptuni
2110 2726 2206 2774 filius
2230 2728 2321 2776 fuit.
2354 2730 2458 2779 lege.

1414 2778 1573 2826 Hyrieus.
1620 2781 1731 2828 Apud
1762 2781 1956 2830 Hyginum
1979 2789 2131 2827 quoque
2160 2778 2245 2818 Fab.
2273 2791 2396 2819 cxc1v.
2419 2780 2457 2819 in

1412 2829 1481 2866 hac
1501 2831 1709 2868 narratione
1731 2832 1826 2869 male
1843 2830 2000 2868 omnino
2019 2828 2174 2876 legitur,
2195 2829 2361 2880 Jupiter,
2387 2837 2457 2869 Ne-

1409 2889 1560 2927 ptunus,
1592 2882 1786 2919 Mercurius
1815 2881 1854 2918 in
1884 2877 2070 2916 Thraciam
2100 2879 2148 2915 ad
2171 2881 2332 2930 Byrseum
2353 2893 2456 2932 regem

1412 2930 1448 2966 in
1462 2931 1645 2980 hospitium
1665 2941 1850 2968 venerunt.
1879 2941 1964 2967 cum
1978 2931 2235 2978 reponendum
2257 2931 2299 2970 fit
2314 2933 2458 2982 ,adHy-

1411 2981 1521 3017 rieum
1540 2995 1659 3029 regem.
1688 2981 1818 3018 Cetera
1835 2980 1941 3028 hujus
1963 2980 2104 3018 fabulae
2125 2982 2243 3021 foedis
2253 2984 2452 3022 etiamnum

1411 3032 1532 3069 modis
1558 3032 1630 3068 illic
1660 3039 1830 3080 corrupta
1855 3031 1946 3070 sunt.
1974 3031 2185 3071 Scholiailes
2214 3033 2316 3072 Statii
2339 3033 2456 3072 Theb.

1415 3094 1479 3119 111.
1507 3093 1565 3121 27.
1596 3087 1775 3130 Neptunus
1796 3095 1874 3119 cum
1895 3081 1944 3118 acl
1964 3083 2187 3132 Oenopionem
2213 3098 2322 3134 regem
2344 3084 2382 3122 in
2399 3083 2456 3121 ho-

1404 3132 1551 3182 spitium
1573 3133 1724 3181 vem'ffet.
1754 3133 1839 3177 ubi,
1868 3145 1952 3170 cum
1974 3134 2131 3173 vetustus
2151 3135 2270 3174 codex
2290 3136 2334 3174 ad
2346 3135 2456 3173 oriem

1414 3197 1519 3231 regem
1541 3184 1736 3228 exhibeat,
1764 3184 1814 3220 ad
1834 3184 2002 3232 Hyrieum
2021 3199 2128 3234 regem
2149 3199 2224 3225 non
2245 3186 2372 3225 dubito
2390 3181 2458 3223 effe

1412 3234 1680 3282 reponendum.
1697 3236 1856 3273 Notetur
1867 3243 1990 3273 autem
2004 3238 2039 3274 in
2052 3239 2266 3283 transcursu,
2278 3238 2458 3286 Hyrieum

1413 3284 1628 3336 quibusdam
1646 3297 1772 3336 regem
1784 3286 1856 3326 dici
1868 3313 1880 3333 ,
1905 3297 2019 3337 quem
2035 3288 2195 3329 Ovidius
2213 3285 2461 3374 angustiagffsslli

2382 3346 2402 3375 C
2440 3352 2458 3380 ⁸.
