2495 3675
208 200 313 275 480
669 195 759 252 ΑΡ.
836 189 1254 251 oV1D11

1329 189 1867 252 NASONIS

507 287 662 361 Quae
690 291 902 364 quoties
935 285 1158 359 speciaS,
1200 283 1378 338 subeat
1408 283 1504 337 tibi
1531 284 1714 340 dicere
1738 287 1940 354 forsan,

362 382 426 419 10
575 361 755 433 Quam
781 363 969 435 procul
996 362 1024 413 31
1052 359 1204 412 nobis
1230 355 1369 409 Naso
1397 355 1584 412 sodalis
1609 358 1776 412 abest!

503 433 672 489 Grata
701 450 789 489 tua
820 434 893 488 est
925 434 1115 504 pietas:
1155 428 1243 483 sed
1272 430 1505 483 carmina
1534 431 1702 502 major
1727 433 1906 504 imago

577 508 710 562 Sunt
740 525 887 564 mea;
929 521 1065 576 quae
1090 501 1290 555 mando
1315 504 1725 577 qualiacumque
1751 506 1909 576 legas.

506 581 757 635 Carmina
782 592 1005 633 mutatas
1034 575 1314 628 bominum
1345 575 1577 631 dicentia
1604 577 1829 632 formas:

587 654 775 707 infelix
805 651 1010 704 domini
1040 647 1188 719 quod
1217 648 1339 718 fuga
1365 652 1506 722 rupit
1533 667 1683 722 opus.

365 748 425 798 15
504 726 661 782 Haec
688 742 791 796 ego
816 721 1122 782 discedenS,
1165 719 1293 774 ficut
1326 721 1460 776 bene
1489 724 1656 777 multa
1682 742 1960 789 meorum,

586 798 697 868 lpsa
723 799 840 851 mea
865 795 1014 867 posui
1040 793 1270 848 moestus
1296 794 1351 848 in
1380 796 1502 865 igne
1531 814 1706 850 manu,

508 871 693 942 thue
718 868 969 924 cremasse
997 868 1146 921 suum
1173 867 1342 920 fertur
1367 868 1460 921 sub
1491 868 1663 941 stipite
1689 881 1874 926 natum

575 943 819 998 Thestias
837 981 851 1005 ,
891 947 943 995 ὃ(
971 942 1162 996 melior
1188 952 1356 993 matre
1385 939 1533 994 fuiffe
1559 942 1737 1004 soror;

505 1018 591 1073 Sic
622 1034 725 1088 ego
750 1033 860 1070 non
884 1015 1133 1075 meritOS,
1170 1029 1384 1066 mecum
1409 1016 1642 1084 peritura
1668 1016 1899 1082 libellos,

357 1111 427 1145 20
578 1089 808 1160 imposui
836 1087 1030 1159 rapidis
1055 1087 1251 1139 viscera
1276 1084 1448 1139 nostra
1474 1090 1632 1158 rogis,

508 1163 613 1219 Vel
644 1161 794 1235 quod
819 1178 962 1215 eram
989 1157 1196 1220 Μυίας,
1234 1171 1293 1211 ut
1321 1159 1541 1213 crimina
1566 1161 1765 1224 nostra,
1804 1163 2049 1235 perosus:

575 1235 681 1290 Vel
705 1234 849 1306 quod
878 1233 1051 1287 adhuc
1076 1230 1315 1285 crescens
1342 1229 1395 1283 &
1426 1232 1561 1286 rude
1588 1251 1802 1290 carmen
1829 1250 1957 1290 erat.

508 1311 663 1382 Quae
691 1307 944 1380 quoniam
970 1322 1078 1359 non
1111 1304 1229 1357 sunt
1254 1303 1464 1373 penitus
1489 1304 1712 1371 sublata,
1749 1308 1839 1363 sed
1863 1308 2097 1374 exstant3

588 1382 833 1436 Pluribus
858 1378 1114 1447 exemplis
1140 1376 1330 1448 scripta
1356 1375 1505 1431 fuiffe
1534 1397 1672 1433 reor.

363 1476 431 1528 25
508 1457 670 1511 Nunc
699 1469 892 1525 precor
919 1465 976 1505 ut
1003 1451 1210 1513 vivant,
1250 1448 1304 1502 δε
1332 1466 1439 1502 non
1464 1452 1651 1521 ignava
1680 1453 1954 1526 legentum

584 1527 710 1584 Otia
733 1523 1029 1592 deleRent,
1066 1523 1496 1596 admoneantque
1522 1525 1641 1582 mei.

219 1748 371 1795 Joannis
392 1747 528 1786 Pricaei
560 1746 787 1785 docf'tiffimos
816 1743 1107 1782 commentarios
1127 1742 1171 1780 ad
1194 1742 1270 1780 Lu-

220 1811 285 1836 cae
305 1811 381 1847 cap.
406 1812 432 1836 1.
452 1799 504 1841 ,ΦΕ
527 1809 560 1847 3.
589 1799 734 1835 Heius.
764 1795 944 1833 Meuriius
964 1795 1123 1832 Exercit.
1145 1793 1272 1831 Critic.

217 1859 308 1898 part.
331 1863 375 1887 11.
395 1850 455 1887 lib.
479 1862 523 1887 11.
557 1861 635 1897 cap.
653 1861 689 1898 9.
718 1849 804 1886 citat
825 1847 899 1884 hoc
929 1844 1047 1883 modo
1063 1873 1073 1891 ‚
1101 1852 1141 1882 ut
1173 1845 1211 1881 ὅς
1232 1845 1270 1882 ιιι

221 1901 345 1939 multis
364 1900 498 1948 scriptis
521 1910 595 1938 erat
609 1928 620 1945 ‚

274 1970 367 2001 Haec
392 1963 456 2000 tibi
476 1961 672 2009 diffimula,
692 1961 788 2010 finti
813 1970 955 2005 tamen,
982 1959 1104 2008 optime
1131 1959 1208 1998 dici.

221 2029 285 2067 ubi
302 2028 448 2066 illustrat
468 2039 614 2065 morem
643 2026 744 2064 illum
776 2023 937 2074 gestandi
955 2023 1156 2061 absentium
1179 2020 1272 2061 ami-

225 2092 356 2118 corum
371 2079 549 2128 imagines
575 2080 611 2116 in
634 2077 788 2115 annulis.

271 2142 307 2179 6.
335 2146 478 2186 fersque
497 2135 693 2186 refersque]
736 2142 899 2185 Ferasque
918 2135 1148 2175 scribendum
1167 2136 1271 2175 vide-

222 2200 293 2230 tur.
322 2191 368 2228 sic
389 2189 501 2227 Trist.
519 2201 581 2225 111.
600 2188 701 2236 Eleg.
723 2199 813 2224 vm.
841 2198 907 2235 pro
929 2189 1068 2236 fertque
1091 2189 1272 2238 feretque,

222 2243 342 2292 scripti
370 2242 444 2278 fere
477 2250 608 2276 omnes
632 2265 642 2281 ‚
675 2238 814 2284 fertque
839 2264 848 2279 ,
881 2240 1058 2287 refertque.
1085 2239 1194 2276 Pont.
1218 2251 1272 2277 ιν.

222 2294 327 2341 Eleg.
355 2304 384 2329 ι.
414 2289 609 2327 Auxilium
628 2289 726 2325 vitae
740 2290 880 2337 fertque
902 2289 1070 2338 refertque
1090 2303 1197 2326 meae.
1212 2290 1274 2328 ubi

224 2345 357 2383 censeo
379 2339 637 2390 reponendum
651 2365 663 2383 ,
682 2340 838 2388 feretque
852 2366 862 2382 ‚
891 2339 992 2386 quod
1015 2340 1203 2388 sequentia
1224 2341 1274 2379 ibi

223 2397 428 2445 requirunt.
456 2393 601 2430 Hems.

278 2451 311 2488 8.
341 2455 442 2500 §Luae
457 2452 588 2501 potes]
645 2451 738 2489 Tres
759 2449 888 2488 itidem
910 2450 1050 2499 scripti,
1074 2464 1144 2501 qna
1174 2460 1276 2501 potes.

225 2502 368 2540 Hfflus.
396 2503 506 2540 Clara
527 2511 686 2552 quatuor
708 2502 839 2549 scripti.

249 2582 313 2657 lt).
344 2570 507 2620 Forsan]
538 2570 668 2607 Saltem
695 2569 849 2606 Putean.
878 2566 1047 2605 Bernens.
1078 2569 1114 2605 &
1135 2568 1276 2618 septem

228 2632 245 2656 a
265 2633 299 2657 n.

285 2683 339 2708 to.
371 2673 460 2720 Naso
477 2671 604 2720 finialis
624 2670 749 2719 abest]
794 2669 833 2706 ln
854 2669 1026 2706 Francof.
1049 2676 1148 2712 erat,
1176 2670 1276 2714 abes,

228 2720 434 2769 eleganter,
464 2732 502 2760 ut
526 2723 635 2759 verba
654 2722 745 2758 haec
767 2719 834 2757 sint
852 2720 897 2756 ad
919 2719 1028 2766 ipsam
1050 2720 1275 2766 imaginem,

227 2783 339 2819 quain
363 2774 615 2820 contemplans
635 2773 773 2809 amicus
786 2771 835 2808 ita
852 2770 1050 2818 alloquitur
1064 2797 1074 2813 ‚
1096 2774 1146 2805 Tu
1167 2771 1273 2818 Nafh‚

229 2835 337 2872 quam
351 2824 467 2869 procul
485 2824 570 2859 abes.
599 2823 730 2860 Burm-

230 2895 340 2974 ΕῙιι.
368 2889 563 2921 Gramma
584 2885 625 2932 est
650 2883 796 2934 pietas.]
850 2882 933 2921 Lib.
959 2893 1043 2921 ιιι.
1072 2881 1277 2930 ΒελΡοιιιο

280 2945 337 2982 eg.
359 2947 411 2972 ιι.

284 3006 398 3037 Grata
421 3011 483 3037 tua
507 3001 548 3048 est
571 3001 675 3050 igitur
692 3001 813 3049 pietas.

232 3052 402 3090 CIOFAN.

288 3127 342 3151 12.
372 3120 461 3150 Sunt
481 3112 599 3161 mem]
664 3117 760 3149 Dent
791 3124 865 3148 mea
908 3111 1024 3149 Servii
1047 3112 1177 3151 codex.
1206 3124 1277 3162 ego

232 3166 382 3210 malim,
409 3164 479 3214 fine
502 3178 590 3202 mea.

287 3234 342 3270 13.
370 3223 560 3258 Hominum
583 3222 733 3259 dicentia
752 3219 928 3270 fhrmas.]
985 3222 1187 3260 Narrantia
1210 3232 1279 3262 tres

227 3273 359 3322 scripti,
390 3273 535 3311 Harus.

276 3337 332 3374 ¹4·
358 3326 485 3373 Infelix
504 3323 646 3364 domini·
656 3325 748 3374 quod
762 3325 850 3375 fuga
874 3323 970 3372 rupit
990 3323 1111 3374 opus.]
1143 3325 1281 3364 Utrum

2254 1604 2372 1661 Nec

1325 1741 1452 1780 infelix
1472 1753 1585 1790 opus,
1610 1742 1792 1782 aninfelix
1806 1741 1919 1792 fuga?
1947 1741 2077 1782 reditus
2096 1744 2170 1782 hoc
2189 1743 2375 1794 posterius.

1326 1801 1365 1830 ut
1386 1792 1427 1830 sit
1449 1794 1646 1832 verborum
1675 1795 1811 1833 sensus:
1840 1795 1957 1843 Quod
1985 1807 2099 1843 opus,
2128 1797 2202 1834 hoc
2223 1796 2270 1834 est
2291 1798 2377 1841 Me-

1323 1844 1602 1892 tamorphosm,
1631 1846 1758 1883 infelix
1783 1847 1868 1894 fuga
1897 1844 2113 1893 (exfilium)
2145 1847 2289 1885 domini
2317 1858 2377 1890 ru-¹

1326 1895 1394 1943 pit.
1420 1896 1523 1944 Quid
1543 1904 1666 1934 autem
1688 1897 1724 1935 id
1747 1896 1808 1942 fit,
1837 1898 1891 1934 his
1911 1898 2025 1945 aperit
2046 1897 2222 1937 versibus:

1379 1968 1472 1999 Haec
1492 1977 1545 2012 ego
1574 1964 1765 2013 discedens,
1779 1963 1871 2014 ficut
1892 1964 1980 2002 bona
2006 1965 2121 2003 multa
2145 1978 2299 2004 meorum
2313 1994 2325 2012 ,

1433 2015 1499 2062 Ipse
1515 2028 1591 2052 mea
1606 2017 1700 2063 posui
1720 2017 1865 2063 maestus
1886 2017 1923 2053 in
1943 2017 2019 2066 igne
2041 2031 2162 2055 manu.

1328 2074 1426 2113 Vide
1443 2087 1538 2124 quae
1561 2077 1689 2115 notavi
1720 2078 1820 2126 Eleg.
1841 2090 1869 2114 1.
1897 2078 2003 2126 hujus
2025 2078 2117 2116 libri.
2146 2079 2278 2118 Rursus
2295 2080 2381 2118 Ele-¹

1327 2128 1385 2174 gia
1408 2139 1496 2164 xm.
1527 2127 1588 2165 lib.
1607 2140 1642 2166 v.
1670 2127 1731 2173 se,
1768 2127 1949 2178 quidquid
1980 2138 2245 2178 componeret,
2272 2141 2380 2168 com-

1329 2175 1468 2215 bussiss'e
1489 2179 1556 2215 ait:

1383 2240 1569 2278 Scribimus
1582 2269 1592 2285 ‚
1622 2252 1666 2281 er·
1681 2241 1818 2291 scriptos
1834 2242 2051 2289 absumimus
2072 2243 2148 2292 igne
2169 2243 2317 2285 libellos:

1332 2293 1564 2382 CIOFffgitus
1581 2294 1624 2340 est
1636 2292 1747 2340 studii
1758 2302 1877 2342 parva
1890 2293 2026 2340 favilla
2047 2295 2129 2336 mei.

1387 2420 1444 2455 ις.
1473 2407 1566 2444 Sicut
1589 2406 1675 2444 bona
1704 2409 1821 2446 multa
1852 2409 2045 2459 meorum.]
2103 2410 2181 2448 Diu
2210 2410 2257 2448 est
2277 2409 2381 2459 quod

1331 2458 1408 2496 vidi
1438 2458 1666 2496 scribendum
1689 2487 1699 2504 ,
1735 2461 1815 2497 hene
1848 2460 1975 2498 multa.
2003 2461 2106 2510 quod
2135 2462 2241 2510 prim.
2262 2462 2384 2500 Vatic.

1333 2509 1539 2558 Hamburg.
1561 2510 1690 2548 &tres
1716 2512 1775 2549 alii
1803 2511 2038 2550 confirmant.
2090 2512 2132 2549 In
2160 2511 2380 2552 Catatecstis:

1389 2573 1492 2621 Triga
1512 2572 1601 2609 mihi
1615 2582 1736 2622 paitcos
1757 2574 1849 2611 inter
1870 2573 1995 2611 dilesla
2009 2575 2143 2623 sodales
2156 2605 2167 2620 ,

1436 2624 1539 2672 Triga
1551 2624 1713 2671 finialitii
1731 2635 1811 2674 pars
1841 2625 1921 2663 bene
1944 2639 2072 2674 magna
2094 2628 2171 2664 mei.

1333 2693 1445 2734 atque
1465 2685 1514 2721 ita
1537 2685 1660 2731 paffim
1682 2694 1836 2724 veteres.
1872 2685 1953 2723 bene
1980 2687 2079 2723 enim
2102 2699 2168 2730 pro
2189 2687 2296 2725 valde
2318 2700 2386 2736 po-

1332 2736 1440 2772 nitur.
1468 2743 1507 2771 ut
1528 2735 1615 2771 bona
1633 2745 1714 2781 pars
1730 2748 1798 2785 pro
1819 2748 1951 2786 magna
1974 2737 2303 2785 pars-Trebonian.
2328 2739 2387 2776 In-

1333 2785 1521 2822 stimula).
1545 2797 1599 2822 iv.
1628 2787 1708 2824 Tit.
1731 2800 1781 2825 vr.
1805 2789 1839 2829 §.
1874 2801 1934 2827 12.
1963 2789 2110 2825 arliones
2144 2788 2224 2827 bene
2255 2790 2388 2828 multas

1334 2837 1437 2892 dixit.
1462 2836 1595 2874 Cicero
1624 2837 1790 2876 Arateis:

1385 2924 1457 2932 -——
1482 2923 1554 2932 --
1580 2902 1661 2939 bene
1680 2902 1871 2950 tempestate
1882 2903 2018 2951 serena.

1334 2964 1419 3002 vide
1442 2965 1586 3003 Salmas.
1606 2965 1650 3002 ad
1672 2965 1786 3002 Solin.
1807 2975 1886 3011 pag.
1909 2963 1968 3012 36.
2006 2963 2138 3003 Similis
2170 2976 2270 3003 error
2290 2965 2386 3015 apud

1332 3016 1568 3063 Propertium
1590 3013 1804 3054 commiffus
1824 3015 1958 3053 lium.
1979 3014 2036 3051 El.
2054 3028 2154 3054 xxti.
2183 3016 2243 3054 ubi
2262 3017 2390 3067 legen·

1334 3066 1422 3105 dum
1439 3094 1449 3110 ,

1386 3122 1450 3154 An
1469 3116 1533 3154 tibi
1552 3115 1657 3164 nescio
1676 3129 1763 3165 quae
1785 3116 1862 3165 visa
1880 3115 1923 3157 esl
1936 3113 2140 3162 formosior?
2165 3130 2214 3153 an
2237 3128 2278 3155 tu

1441 3174 1522 3203 Non
1541 3167 1622 3203 bene
1644 3167 1683 3202 de
1705 3167 1799 3203 nobis
1820 3167 1970 3203 crimina
1986 3165 2074 3212 fitfta
2090 3166 2179 3214 jacis
2192 3177 2208 3205 ,ἓ

1338 3219 1483 3257 Huius.
1510 3223 1598 3254 Bene
1617 3217 1734 3254 multa
1756 3218 1869 3254 etiarn
1896 3216 2086 3253 Fontanus
2109 3217 2266 3266 legebat.

1394 3282 1450 3317 19.
1476 3268 1528 3306 Sic
1551 3282 1606 3316 ego
1627 3282 1695 3305 non
1714 3266 1891 3317 meritos.]
1936 3266 1990 3304 Sic
2011 3280 2081 3306 non
2099 3269 2264 3308 mentitos
2282 3270 2389 3319 prim.

1340 3322 1513 3360 Vatican.

2242 3383 2302 3419 ις.
2328 3374 2390 3408 Le-
