2495 3675
214 183 311 250 872

717 174 778 230 P.
854 137 1887 231 ov1D11NAsonts

501 278 692 348 Surgat
718 275 784 331 ad
809 277 944 331 hanc
971 290 1161 328 vocem
1192 270 1345 341 plena
1375 269 1487 340 pius
1513 269 1650 340 ignis
1676 267 1738 322 ab
1766 270 1887 333 ara3

579 351 798 422 Detque
828 352 1029 404 bonum
1058 358 1189 397 voto
1214 342 1420 396 lucidus
1447 360 1607 396 omen
1635 359 1784 411 apex.

354 439 422 496 55
495 424 733 487 Interea,
773 426 875 493 quii
900 432 1046 490 parte
1074 417 1232 477 licet,
1271 434 1338 470 ne
1367 416 1555 469 cuncia
1583 431 1899 487 queramur,

580 497 693 550 Hic
720 509 935 566 quoque
964 503 1017 544 te
1043 489 1230 543 festum
1252 488 1492 542 Consule
1521 501 1736 557 tempus
1762 504 1939 559 agam-

500 570 684 625 Altera
714 565 970 627 laetitiae,
1009 581 1107 617 nec
1134 562 1332 616 cedens
1362 560 1531 615 cauli-'a
1554 560 1747 632 priori,

576 637 853 695 Success'or
882 637 1012 690 tanti
1045 636 1208 690 frater
1234 634 1482 696 lionori3‚
1521 635 1638 688 erit.

500 715 638 768 Nam
669 710 764 764 tibi
790 709 1000 764 finitum
1026 709 1265 769 summo,
1299 706 1600 772 Graecine,
1634 706 1934 765 Decembri

354 793 421 841 50

569 784 857 854 Imperium
875 823 889 845 ,
921 782 1039 852 Jani
1068 781 1279 852 suscipit
1305 781 1391 834 ille
1418 779 1523 834 die.

500 857 767 930 Quaeque
794 855 868 910 est
894 856 948 909 in
976 854 1124 908 vobis
1148 854 1344 924 pieta3‚
1381 855 1580 909 alterna
1605 853 1789 909 feretis

572 929 813 990 Gaudia,
853 941 910 981 tu
940 928 1113 981 fratris
1143 926 1389 989 fascibu8‚
1436 926 1523 980 ille
1563 927 1683 980 tuis.

492 1003 581 1058 Sic
611 1018 668 1055 tu
696 1003 773 1055 bis
800 1001 962 1054 fueris
988 999 1221 1061 Consul,
1261 999 1340 1061 bis
1366 997 1568 1052 Consul
1593 999 1649 1051 &
1675 999 1761 1053 ille
1777 1020 1803 1062 3,

572 1075 741 1145 Inque
768 1073 937 1127 domo
963 1073 1136 1127 bimus
1164 1071 1524 1143 conspicietur
1547 1071 1741 1126 honor.

357 1155 422 1221 65
501 1149 612 1222 Qui
644 1164 969 1218 quamquam
1001 1146 1076 1199 est
1100 1146 1290 1217 ingens
1310 1183 1324 1205 ,
1369 1143 1424 1197 &
1459 1143 1662 1197 nullum
1693 1142 1892 1199 Martia
1916 1145 2127 1202 summo¹

575 1221 757 1278 Altius
781 1219 1070 1295 imperium
1095 1216 1531 1287 ConsuiebRoma
1555 1216 1743 1281 videt;‚

268 1491 338 1541 '491
366 1487 591 1538 Decernere.]
621 1491 665 1526 Te
684 1487 821 1526 reddere
841 1487 880 1527 P.
899 1488 999 1527 Dan:

265 1569 326 1606 51.
355 1556 533 1606 Pomm]
566 1556 706 1605 Majora
727 1556 864 1605 Regius
888 1555 925 1593 &
947 1562 1108 1605 quatuor
1127 1553 1202 1592 alii.

268 1637 327 1673 5⁴2.
359 1624 523 1674 Principis
545 1622 632 1672 ira]
664 1622 832 1660 Numinis
845 1621 999 1661 Combii
1015 1621 1105 1662 liber
1123 1620 1264 1668 &Mo-g

218 1677 299 1715 teti.
328 1677 473 1714 Herus.
501 1675 659 1721 Caesaris
681 1684 853 1723 quatuor.

270 1745 342 1784 53..
361 1735 484 1784 eiua]
515 1737 618 1774 Prius
638 1738 710 1774 Ms.
731 1737 869 1776 Bersm.

263 1796 323 1842 56.
353 1800 495 1845 Tempus
517 1795 653 1845 agam]
684 1802 812 1833 Laetus
833 1810 937 1846 agam
958 1797 1048 1836 duo.

267 1870 330 1906 57.
359 1860 488 1898 Altera
512 1861 654 1897 laetitia
673 1860 755 1910 est.]
797 1862 967 1899 Laetitiae
995 1861 1040 1908 est
1066 1862 1263 1900 multi‘ve-

213 1915 318 1947 teres.
348 1909 503 1948 laetitiae
524 1911 622 1949 reete
644 1920 714 1949 tres
732 1911 804 1949 alii.
835 1913 981 1951 Hems.
1018 1917 1091 1950 Nec
1109 1913 1202 1950 cedet
1222 1914 1263 1953 P.

218 1959 321 1998 Dan.
346 1962 481 2010 Regius
503 1963 540 2000 ὃς
562 1963 693 2011 viginti
714 1971 874 2011 quatuor
893 1963 964 2000 alii.

269 2025 329 2072 58.
357 2027 513 2077 Succeffor
535 2028 630 2064 tanti
648 2028 765 2073 frater
777 2026 941 2076 honora]
974 2026 1263 2075 L.Pomponius

212 2074 262 2112 L.
275 2076 307 2114 F.
328 2077 474 2115 Flaccus
488 2077 858 2117 ConsulOrdinarius
879 2091 912 2115 Α.
925 2090 1010 2116 nrt.
1025 2090 1061 2115 c.
1074 2090 1263 2118 Dcccxrx.

212 2125 367 2165 biennio
391 2129 469 2177 post
490 2127 684 2166 excessum
707 2128 756 2166 D.
784 2128 951 2177 Augusti.
978 2129 1065 2166 vide
1085 2141 1180 2178 quae
1198 2141 1264 2167 an-

211 2187 389 2216 notamus
419 2180 511 2216 libro
536 2180 656 2225 primo
686 2178 731 2215 ad
761 2179 907 2217 initium
941 2179 1263 2230 Eleg.v1.1-1ujus

162 2229 164 2231 ’
212 2227 261 2264 L.
279 2229 483 2278 Pomponii
514 2229 633 2268 Flacci
662 2229 699 2267 8<
726 2229 770 2268 C.
795 2230 947 2268 Caecilii
974 2230 1176 2269 Consulatu
1197 2230 1264 2268 ob-

212 2277 289 2316 iifl'e
312 2280 348 2317 in
383 2280 510 2317 exsilio
537 2281 725 2318 Nasonem
749 2281 907 2318 Mariani
935 2282 1152 2319 Chronicon
1176 2280 1265 2320 affe-

215 2338 330 2368 verat.
362 2330 510 2368 Rectius
541 2343 652 2380 quam
687 2330 726 2368 B.
748 2332 1005 2381 Hieronymus
1029 2359 1039 2376 ‚
1068 2333 1170 2381 cujus
1193 2333 1264 2371 cal-

210 2380 337 2419 culum
363 2381 385 2417 s1
407 2381 625 2430 sequamur,
655 2382 946 2421 Ovidiustotum
969 2383 1046 2420 fere
1066 2383 1262 2432 quadrien-

209 2431 316 2470 nium
339 2432 506 2479 Augusto
527 2433 669 2470 Caesari
690 2432 939 2481 supervixerit.
967 2434 1114 2472 Hzms.

264 2505 324 2541 59.
354 2500 450 2530 Nam
462 2493 526 2530 tibi
541 2493 683 2531 finitum
699 2493 837 2540 summo
853 2523 863 2539 ,
882 2495 1066 2538 Graecina,
1081 2494 1267 2532 Decembri

215 2544 402 2592 Imperium
417 2572 427 2589 ,
443 2545 537 2590 Jani
548 2544 691 2593 suscipit
713 2543 770 2580 ille
792 2546 886 2592 die]
916 2545 1092 2583 Consules
1103 2546 1181 2583 Kal.
1200 2546 1259 2592 Ja-

210 2596 353 2683 ἓυεὸἰέη
370 2595 617 2644 magistratum
648 2594 801 2634 inibant.
839 2597 1009 2635 cmm«.
1063 2597 1262 2635 Decembris

216 2768 247 2802 F
265 2718 329 2756 62.
353 2716 550 2767 Fascibus]
599 2718 753 2766 Fastibus
774 2719 849 2758 duo
871 2717 962 2757 libri.
985 2717 1061 2758 vid.
1081 2716 1126 2756 ad
1146 2716 1209 2757 lib.
1227 2730 1258 2755 1.

218 2802 232 2806 ,,
250 2769 310 2807 ast.

264 2821 327 2868 63.
353 2821 404 2858 Sic
422 2831 462 2856 tte
482 2819 530 2856 bis
550 2821 662 2866 fueris
674 2820 840 2870 Consul]
857 2821 900 2858 C.
913 2821 1145 2869 Pomponius
1160 2819 1260 2857 Flac-

217 2880 300 2913 cus,
329 2870 502 2909 Graecini
525 2872 630 2909 frater
653 2901 662 2915 ,
703 2884 785 2909 cum
810 2872 852 2910 C.
875 2872 1006 2909 Caelio
1029 2872 1130 2908 Rufo
1155 2870 1258 2907 Con-

213 2918 264 2959 sul
294 2922 372 2959 suit.
400 2923 625 2961 Graecinum
657 2921 758 2960 fuisse
781 2923 980 2960 Consulem
1004 2950 1015 2967 ‚
1050 2933 1167 2959 nemo
1187 2929 1258 2958 tra-

213 2969 268 3007 dit
291 2981 426 3017 praeter
447 2972 629 3010 Ovidium
645 3001 655 3018 ,
685 2986 770 3010 nam
794 2974 871 3022 ejus
894 2974 990 3011 nulla
1012 2974 1156 3010 mentio
1172 2980 1258 3015 ‚aut

214 3022 264 3060 iu.
277 3022 516 3060 monimentis
548 3025 704 3072 antiquis
725 3052 734 3067 ‚
772 3034 835 3061 aut
862 3027 897 3061 in
931 3025 1006 3062 aliis
1035 3022 1256 3060 auctoribus.

214 3069 372 3118 Itaque,
403 3080 440 3108 ut
471 3074 642 3119 Micyllus
667 3075 881 3118 adnotavit,
908 3084 969 3112 aut
988 3077 1019 3112 ei
1042 3075 1255 3111 humanitus

219 3121 360 3170 aliquid
382 3123 514 3158 accidit
532 3150 542 3165 ,
561 3134 757 3173 antequam
773 3125 1013 3163 Consulatum
1037 3125 1144 3162 iniret
1159 3152 1169 3168 ,
1193 3132 1257 3161 aut

217 3172 377 3210 alterutri
409 3183 538 3208 eorum
554 3199 563 3214 ‚
590 3176 651 3221 qui
682 3176 854 3214 Flaccum
876 3178 913 3213 ὃς
937 3177 1076 3213 Rufum
1097 3174 1263 3212 antecesnv

212 3222 333 3261 serunt
350 3250 358 3264 ,
373 3222 545 3259 Graecini
565 3235 856 3271 cognomentum
879 3228 964 3264 fuit:
993 3234 1056 3264 aut
1076 3225 1176 3274 quod
1201 3237 1258 3262 re-

213 3272 330 3316 linqui
367 3271 507 3310 necesse
536 3272 613 3318 est,
653 3275 767 3312 Poeta
797 3278 833 3313 in
864 3289 986 3314 errore
1018 3277 1175 3314 versatus
1196 3275 1256 3314 est.

217 3323 308 3364 Hoc
329 3323 452 3365 dicere
477 3323 578 3376 quasi
597 3325 724 3379 censor
750 3337 829 3367 non
849 3327 978 3381 ausim.
1021 3328 1106 3380 Nec
1124 3326 1256 3370 Tauro

2221 1342 2369 1401 Mul-

1323 1485 1463 1525 Liboni
1485 1484 1557 1525 tale
1573 1491 1872 1536 cognomentum
1896 1483 1979 1523 fuit.
2005 1484 2115 1535 igitur
2142 1483 2370 1523 Graecinum

1321 1536 1450 1575 obiiffe
1478 1546 1562 1576 ante
1593 1537 1840 1576 Consulatum
1871 1535 2005 1574 initum
2033 1547 2127 1574 vero
2159 1535 2275 1573 simile
2305 1535 2369 1575 est.

1319 1588 1488 1628 FABmc.
1522 1589 1677 1627 Eadem
1696 1590 1772 1627 fere
1803 1586 1999 1635 Micyllus:
2029 1587 2090 1625 sed
2117 1599 2163 1624 ex
2185 1586 2287 1624 versu
2309 1599 2370 1635 59.

1320 1649 1495 1689 apparet,
1519 1641 1747 1679 Graecinum
1764 1637 1959 1677 suffetium
1981 1637 2084 1676 fuiss'e
2098 1636 2298 1675 Consulem
2331 1638 2372 1677 in

1319 1692 1472 1730 ultimos
1502 1692 1606 1730 Anni
1628 1703 1816 1730 ncctxrx.
1838 1687 2002 1734 menses,
2042 1689 2101 1727 cui
2123 1688 2290 1737 sequenti
2307 1699 2375 1727 an-

1318 1754 1370 1781 no
1394 1754 1562 1782 Dect-xx.
1578 1742 1738 1781 successit
1760 1750 1799 1779 ut
1813 1740 2034 1779 Ordinarius
2045 1739 2186 1777 Consul
2200 1739 2371 1778 L.Pom-

1320 1796 1454 1842 ponius
1476 1795 1639 1832 Flaccus.
1658 1792 1744 1832 vide
1765 1793 1856 1830 haec
1876 1792 2020 1840 egregie
2040 1803 2087 1829 ex
2106 1791 2265 1840 antiquis
2284 1803 2370 1828 rno-

1318 1846 1507 1882 numentis
1533 1845 1768 1882 illustrantem
1789 1841 2021 1880 Maffonium
2045 1843 2084 1880 in
2106 1841 2196 1880 Vita
2219 1841 2369 1889 Ovidii,

1320 1894 1368 1932 ad
1396 1895 1447 1933 A.
1467 1895 1517 1932 V.
1537 1895 1582 1933 C.
1602 1905 1789 1933 nccmux.
1817 1893 1949 1932 Euam.

1371 1955 1432 2001 64.
1459 1956 1567 1994 Binus
1586 1955 1804 2004 conspicietur
1819 1953 1957 2004 hanon]
1987 1954 2073 1992 I-mo
2091 1954 2207 1993 bimus
2218 1982 2230 2001 ,
2242 1953 2268 1993 fi
2280 1954 2371 2006 quid

1319 2004 1446 2044 video.
1473 2006 1583 2055 quod⁴
1605 2006 1802 2044 confirmat
1827 2005 2210 2054 Rottendorphianus.
2226 2006 2373 2055 senten-

1324 2056 1419 2093 tiam
1436 2056 1571 2094 bimam
1600 2065 1711 2096 vocat
1739 2057 1874 2094 Cicero
1905 2055 1966 2094 lib.
1989 2068 2053 2094 111.
2075 2057 2187 2105 Epist.
2209 2070 2298 2096 v111.
2325 2057 2373 2098 ad

1323 2107 1520 2156 Appium,
1542 2108 1588 2147 de
1617 2107 1786 2157 regendis
1809 2119 1874 2156 per
1897 2107 2048 2145 eosdem
2080 2108 2285 2156 praefectos
2309 2120 2375 2158 per

1323 2157 1515 2198 biennium
1547 2159 1758 2208 provinciis.
1795 2158 1859 2195 nix
1879 2157 1976 2195 bima
1999 2159 2136 2196 Nostro
2167 2157 2276 2197 Trist.
2304 2161 2367 2200 lib.

1320 2221 1383 2247 111.
1403 2210 1507 2258 Eleg.
1527 2222 1561 2247 x.
1580 2209 1716 2247 bimum
1736 2222 1871 2247 merum
1891 2209 2053 2247 Horatio
2073 2209 2133 2246 lib.
2152 2222 2179 2246 1.
2201 2210 2368 2249 Od.xrx.

1321 2260 1359 2297 &
1380 2258 1476 2297 bima
1487 2262 1608 2307 fronte
1629 2260 1767 2297 vitulus
1789 2259 1947 2307 Virgilio
1966 2260 2028 2297 lib.
2049 2271 2103 2296 xv.
2131 2260 2367 2307 Georg.hinc

1319 2309 1473 2348 bimatus
1492 2323 1560 2360 pro
1589 2311 1741 2348 biennio
1763 2309 1861 2357 apud
1882 2309 2040 2347 Plinium
2070 2309 2201 2346 Natur.
2225 2311 2377 2351 Histor-

1318 2373 1397 2399 non
1418 2362 1543 2400 semel.
1562 2361 1659 2409 apud
1688 2359 1925 2398 Macrobium
1957 2370 2111 2408 quoque
2130 2360 2168 2397 ὃς
2192 2359 2362 2402 Servium

1317 2412 1363 2450 ad
1385 2425 1458 2451 vn.
1481 2413 1632 2451 AEneid.
1654 2412 1693 2450 ὅ(
1714 2410 1989 2459 apud-veterem
2007 2410 2246 2460 interpretem
2262 2412 2365 2452 Mat·

1316 2465 1413 2502 thaei
1435 2476 1514 2513 cap.
1536 2476 1582 2500 11.
1600 2462 1654 2506 ybs.
1680 2475 1741 2501 10..
1769 2462 1882 2498 bimae
1901 2460 2025 2508 hostiae
2055 2463 2166 2500 etiam
2188 2462 2364 2512 frequen-

1316 2523 1379 2552 ter
1399 2515 1495 2564 apud
1526 2515 1715 2563 scriptores
1743 2514 1914 2561 antiquos
1945 2521 2154 2550 occurrunt.
2181 2512 2240 2550 alii
2272 2515 2361 2554 inde

1315 2564 1467 2604 bidentes
1488 2565 1606 2604 distes
1623 2565 1755 2602 volunt
1769 2572 1965 2612 ,tanquam
1986 2562 2169 2606 memes,
2182 2562 2244 2601 seu
2265 2564 2362 2613 bienq

1315 2629 1386 2656 nes.
1413 2617 1459 2656 de
1477 2629 1549 2666 qua
1569 2628 1606 2654 re
1629 2616 1768 2653 Gellius
1784 2614 1876 2652 libro
1896 2625 1978 2651 xvi.
2001 2625 2079 2662 cap.
2092 2617 2127 2652 6.
2153 2613 2302 2653 Heius.

1372 2679 1429 2714 71.
1456 2674 1549 2706 Cum
1578 2666 1736 2716 tamem]
1765 2671 1810 2703 Ut
1833 2675 1953 2703 tamen
1968 2664 2028 2703 sex
2050 2665 2181 2714 scripti.
2208 2665 2370 2707 Ham..

1317 2719 1462 2757 Vacabis
1478 2719 1566 2757 duo.

1369 2780 1434 2818 73.
1462 2775 1530 2816 Et,
1555 2769 1586 2818 fi
1600 2782 1671 2820 qua
1692 2769 1793 2807 dabit
1816 2780 1906 2805 aura
1924 2767 2061 2813 linum,
2087 2767 2217 2813 jaezate
2227 2772 2366 2811 ruden-v

1317 2821 1403 2869 tes.]
1435 2827 1570 2858 Laxate
1589 2821 1748 2858 rudentes
1770 2821 1887 2870 prima
1909 2819 2024 2858 editio
2038 2846 2050 2866 ,
2071 2820 2175 2868 quod
2194 2823 2373 2874 impens&

1317 2872 1460 2911 arridet.
1488 2872 1618 2922 Virgil.
1634 2872 1695 2910 lib.
1718 2884 1781 2910 111.-
1801 2872 1888 2909 266.

1548 2947 1624 2974 tum
1647 2937 1763 2974 littore
1777 2937 1903 2983 sunem

1366 2988 1526 3036 Deripere
1542 3016 1552 3033 ,
1578 2990 1788 3036 excuſjesque
1797 2987 1898 3036 jubet
1919 2986 2043 3026 laxare
2056 2989 2234 3027 rudentes.

1310 3049 1386 3087 hoc
1408 3049 1481 3093 est,
1510 3051 1613 3098 quod
1638 3047 1789 3086 AEneid.
1813 3061 1902 3086 vrit.
1924 3048 2016 3095 708.
2039 3050 2198 3087 dixerat:

1365 3100 1445 3136 Vela
1465 3100 1548 3136 dare
1562 3128 1571 3143 ‚
1598 3111 1640 3139 <9⁴
1661 3099 1759 3136 laxos
1768 3100 1850 3148 jam
1868 3102 2020 3150 jamque.
2033 3098 2222 3137 immittere
2232 3100 2364 3148 funes}

1312 3151 1351 3189 St
1373 3151 1433 3189 lib.
1456 3163 1489 3189 x.
1513 3162 1599 3200 229.

1549 3218 1637 3256 velis
1656 3218 1792 3255 immite
1811 3216 1968 3253 rudentes
1983 3240 1993 3256 ,

1312 3272 1364 3309 ita
1381 3270 1639 3320 explicationem
1661 3267 1817 3306 rudentis
1833 3276 1899 3313 pro
1920 3264 2106 3302 laxatione
2133 3263 2224 3305 dixit
2244 3264 2352 3311 Cice<

1310 3334 1354 3365 10
1373 3322 1435 3376 lib³
1453 3334 1484 3376 ι,
1500 3321 1668 3373 Divinat.
1683 3319 1855 3357 Lucanus
1866 3315 1959 3357 libro
1973 3316 2100 3366 v.426.

2258 3371 2361 3418 §aava
