2495 3675
253 163 356 229 effi
742 155 804 213 n
878 150 1296 214 0V1D11

548 249 847 324 Coepimus
879 250 933 304 δε
957 262 1176 316 tenerae
1203 247 1407 319 primos
1432 242 1618 298 aetatis
1645 242 1910 311 honores;

622 322 782 398 Eque
809 323 932 378 viris
965 322 1241 396 quondam
1268 334 1385 390 pars
1410 315 1576 372 tribus
1605 333 1709 371 una
1744 317 1836 373 fui.

359 415 467 472 ·35

418 780 489 833 40

278 1165 379 1217 posse
401 1167 560 1217 ingenue
584 1165 726 1204 fateor:
755 1175 880 1214 neque
892 1162 962 1202 viri
983 1161 1106 1208 docti,
1133 1163 1196 1214 qui
1217 1163 1254 1201 in
1267 1174 1329 1202 ur-

279 1220 324 1257 be
347 1218 447 1262 sunt,
475 1216 693 1268 quibuscum
723 1215 845 1254 dedita
865 1226 978 1263 opera
1002 1214 1206 1252 collocutus
1223 1214 1325 1257 sum;

277 1281 403 1318 neque
425 1269 482 1306 alii
501 1295 512 1313 ,
550 1269 616 1316 qui
646 1269 682 1305 in
713 1266 955 1304 celeberrimis
985 1264 1110 1302 ltaliae
1130 1264 1329 1314 gymnasiis

279 1320 386 1364 sunt,
411 1319 455 1356 ad
487 1330 581 1367 quos
610 1319 744 1356 litteras
766 1316 873 1355 misi:
911 1326 981 1354 nec
1008 1315 1113 1362 quod
1141 1316 1200 1353 alii
1222 1315 1327 1364 super

278 1369 380 1408 hunc
401 1369 520 1418 ipsum
540 1368 665 1407 locum
691 1367 905 1412 scripserunt
919 1394 929 1410 ,
956 1365 1124 1414 probant.
1151 1365 1245 1404 Illud
1263 1365 1327 1404 hie

278 1431 358 1457 non
381 1420 424 1457 ab
447 1431 485 1457 re
506 1418 744 1457 indicandum
758 1418 845 1456 duxi
860 1445 870 1462 ,
895 1417 1016 1460 hunc,
1043 1428 1158 1465 quern
1189 1428 1327 1464 ponam

278 1469 459 1517 Propertii
483 1469 610 1507 locum
641 1468 662 1506 e
691 1469 752 1506 lib.
772 1481 836 1507 111.
864 1467 909 1507 ad
939 1467 1199 1506 Maecenatem
1220 1494 1232 1513 ‚
1267 1468 1334 1518 qui

281 1519 406 1571 Eques
429 1521 623 1558 Romanus
646 1519 742 1558 fuit:

337 1590 438 1621 Intra
449 1584 638 1630 fortunam
664 1580 726 1632 qui
756 1581 849 1632 cupis
870 1581 927 1631 effi’
950 1590 1063 1619 tuam.

282 1644 444 1684 illustrari
464 1657 510 1683 ex
525 1645 568 1683 C.
586 1645 735 1693 Vellejo
756 1644 948 1683 Paterculo
968 1644 1028 1682 lib.
1049 1655 1093 1682 11.
1120 1643 1222 1693 cujus
1240 1643 1332 1682 haec

283 1696 365 1734 sunt
386 1695 498 1734 verba
518 1696 563 1735 de
586 1696 662 1745 ipso
684 1697 928 1739 Maecenate,
956 1694 1086 1744 §Quippe
1105 1696 1199 1732 vixit
1221 1708 1332 1743 angu-

275 1746 324 1795 sti
346 1746 441 1784 clavi
459 1746 527 1791 fine
548 1756 749 1789 contentum
778 1759 837 1783 nec
860 1746 995 1796 majora
1017 1745 1172 1792 consequi
1191 1759 1259 1782 non
1277 1754 1334 1793 po-

284 1796 358 1834 tuit
381 1824 392 1840 ,
429 1797 491 1846 [ed
517 1811 586 1835 non
617 1796 822 1844 concupivit.
868 1796 1036 1833 Ciol-'AN-
1088 1796 1194 1833 Haec
1222 1795 1334 1834 hodie

285 1849 407 1896 pueris
428 1847 628 1896 planiffima
644 1874 655 1892 ,
680 1847 758 1896 post
778 1857 844 1891 ea,
869 1858 963 1896 quae
983 1845 1169 1884 Rubenius
1196 1847 1246 1883 rei
1271 1858 1335 1884 ve-

285 1897 423 1935 stiariae
451 1898 677 1936 illustrandae
705 1898 883 1941 contulit;
918 1896 1079 1946 ideoque
1102 1896 1138 1933 in
1166 1897 1206 1934 iis
1241 1905 1336 1934 tem-

286 1959 354 1997 pus
375 1961 452 1986 non
474 1949 639 1997 perdam.
669 1949 827 1985 multum
842 1950 951 1985 etiam
964 1948 1017 1985 his
1039 1946 1194 1985 versibus
1215 1947 1338 1985 lucem

287 1999 418 2037 adtulit
437 1998 618 2038 Ferrarius
641 1999 686 2037 de
710 1999 764 2036 Re
788 1998 963 2037 Vestiaria
990 1998 1051 2035 lib.
1072 2012 1097 2036 r.
1124 2009 1177 2046 ¹3·
1205 1998 1242 2034 ἃ
1275 2010 1341 2035 111.

292 2061 351 2088 12.
379 2051 416 2087 &
435 2049 509 2099 seq.
535 2051 620 2088 licet
649 2050 694 2087 de
729 2050 826 2087 Lato
847 2049 952 2086 clavo
975 2049 1146 2086 Rubenio
1166 2060 1242 2085 non
1276 2048 1340 2085 ad-

289 2100 475 2139 sentiatur.
515 2101 598 2138 vide
628 2102 666 2138 &
698 2099 864 2137 Turneb.
893 2099 994 2136 Adv.
1019 2111 1048 2136 r.
1069 2112 1114 2137 11.
1151 2101 1188 2137 &
1212 2098 1340 2145 Scalig.

288 2151 465 2202 Append.
484 2152 529 2190 ad
551 2151 801 2198 Conjectanea
822 2151 857 2187 in
881 2150 1102 2188 Varronem.

351 2228 408 2265 34.
434 2221 553 2266 Deque
580 2215 668 2252 viris
696 2214 872 2263 quondam
897 2222 978 2262 pars
1008 2212 1119 2250 tribus
1151 2225 1222 2249 una
1236 2211 1332 2262 fui.]

294 2266 556 2304 Triumvirum
577 2266 610 2303 se
634 2264 736 2303 fuiffe
756 2265 888 2302 innuit.
930 2264 1104 2301 Ceterum
1129 2265 1216 2301 varii
1237 2265 1339 2301 fuere

293 2317 402 2366 hujus
421 2318 584 2355 nominis
608 2316 840 2364 magistratus.
894 2313 1059 2362 Quidam
1093 2316 1192 2351 enirn
1216 2315 1343 2350 trium·

295 2367 371 2404 viri
390 2367 550 2417 capitales
571 2367 807 2409 dicebantur,
837 2365 882 2402 de
902 2365 1031 2414 quibus
1051 2366 1109 2402 hic
1132 2365 1274 2402 Merula
1298 2377 1343 2402 ex

296 2418 490 2464 Varrone,
518 2420 556 2455 ὃ(
579 2418 714 2455 Sallust.
733 2419 770 2455 in
794 2416 960 2454 Catilina.
987 2416 1044 2453 alii
1067 2415 1256 2452 ⁴'vlorzetales
1278 2427 1344 2452 vo—

295 2470 492 2515 cabantur,
519 2469 585 2518 qui
618 2481 700 2506 aere
722 2496 733 2512 ,
771 2477 923 2516 argento
946 2494 957 2511 ,
994 2478 1083 2503 auro
1119 2466 1240 2503 flando
1258 2494 1267 2509 ,
1296 2478 1337 2502 ae

295 2520 468 2558 feriundo
495 2519 671 2569 praefecffi
697 2527 799 2556 erant
821 2547 831 2562 ,
870 2517 914 2555 ad
942 2529 1034 2564 quos
1063 2517 1196 2554 Cicero
1218 2516 1343 2554 alludit

297 2571 343 2609 ad
365 2571 585 2609 Trebatium
608 2598 619 2615 ,
647 2569 805 2607 Treviros
829 2596 838 2611 ‚
866 2567 1035 2618 inquiens
1058 2595 1069 2612 ‚
1097 2569 1186 2604 vires
1213 2567 1342 2615 censeo,

296 2621 401 2659 audio
431 2621 591 2669 capitales
619 2621 685 2668 effe.
734 2617 878 2657 mallem
905 2631 990 2655 auro
1015 2646 1025 2663 ,
1061 2628 1199 2666 argento
1223 2645 1233 2661 ‚
1270 2631 1345 2654 aere

298 2674 410 2720 efflent.
438 2673 511 2710 Alii
534 2671 693 2709 noc'iurm‘
713 2698 724 2716 ,
760 2681 824 2718 per
854 2681 948 2718 quos
974 2668 1176 2706 noeturnae
1197 2668 1346 2705 seditio-

299 2733 363 2758 nes
386 2721 406 2759 a
427 2722 564 2760 civibus
587 2730 817 2765 arcerentur,
845 2720 883 2757 δί
904 2720 1007 2768 quies
1029 2719 1105 2756 urbi
1129 2718 1342 2761 servaretur,

300 2780 342 2808 ut
366 2772 559 2811 Fenestella
581 2776 643 2812 ait.
689 2774 797 2822 Quos
829 2780 952 2808 tamen
968 2798 977 2814 ‚
1004 2769 1085 2806 sunt
1105 2770 1166 2817 qui
1189 2768 1341 2805 eosdem

302 2833 389 2859 cuin
413 2824 631 2870 Capitalibus
650 2821 720 2860 effe
743 2821 868 2859 velint.
898 2821 1073 2858 Meminit
1094 2821 1226 2856 horum
1241 2819 1344 2856 Plau-

302 2881 361 2910 tus
382 2873 419 2910 in
444 2875 716 2922 Amphitryone
740 2886 748 2911 z
778 2872 876 2920 Qid
896 2870 929 2919 fi
950 2883 1041 2907 nunc
1063 2869 1216 2907 Tresviri
1236 2883 1288 2906 me
1307 2870 1345 2905 in

303 2935 472 2960 carcerem
495 2925 751 2972 compingerent.
779 2924 900 2960 Etiam
916 2921 1118 2964 triumviri,
1133 2921 1195 2966 qui
1216 2920 1351 2956 colomis

303 2973 506 3010 deducendis
538 2976 751 3011 creabantur
777 3001 788 3017 ,
824 2985 984 3019 quorum
1017 2973 1160 3008 mentio
1193 2970 1231 3007 fit
1255 2971 1351 3018 apud

305 3023 460 3060 Livium
472 3023 532 3062 sub
545 3023 654 3061 finem
677 3025 736 3061 lib.
759 3035 795 3073 3.
821 3023 959 3060 Decad.
979 3025 1129 3070 primae.
1168 3020 1237 3058 Sed
1259 3022 1352 3059 inter

297 3075 470 3112 ,minores
501 3075 720 3121 magistratus
745 3073 914 3111 noeturni
943 3073 1169 3120 potissimum
1207 3074 1244 3109 &
1267 3084 1351 3109 mo-

303 3124 442 3163 netales
465 3134 590 3168 erant,
629 3135 667 3162 ut
697 3137 742 3162 ex
774 3123 970 3160 Fenestella
993 3131 1101 3170 patet.
1172 3123 1348 3160 Ceterum

304 3175 479 3213 videntur
498 3175 571 3211 hoc
602 3174 688 3212 loco
711 3203 719 3218 ,
756 3173 930 3221 posterior
961 3173 1079 3210 vesus
1114 3174 1151 3209 δε
1182 3175 1279 3220 prior
1306 3174 1352 3210 de

306 3226 438 3264 eadem
460 3236 498 3262 re
519 3226 722 3272 accipiendi
741 3223 832 3261 eise:
862 3234 902 3259 ac
924 3224 1119 3270 posteriore
1141 3223 1177 3259 id
1199 3225 1351 3271 exponi,

309 3275 412 3328 quod
433 3277 554 3326 priore
576 3276 753 3315 innuitur.
779 3274 846 3314 nisi
875 3275 954 3324 quis
977 3276 1014 3312 ὃς
1036 3273 1080 3312 de
1102 3276 1351 3322 centumvira-

545 396 711 453 Curia
738 395 987 451 restabat:
1029 395 1163 447 clavi
1189 391 1432 445 mensura
1461 388 1646 443 coaeia
1672 388 1762 444 est.

627 469 803 540 Majus
831 480 943 522 erat
968 464 1156 518 nostris
1179 464 1377 518 viribus
1405 462 1532 516 illud
1561 479 1713 516 onuS.

560 543 680 599 Nec
706 541 908 609 patiens
935 554 1160 607 corpu&
1199 553 1299 590 nec
1331 553 1481 590 mens
1506 535 1605 590 fuit
1633 548 1752 606 apta
1777 533 1972 597 labori,

635 613 1010 680 Sollicitaeque
1039 609 1201 679 fugax
1223 607 1525 662 ambitionis
1552 626 1724 662 eram:

558 687 630 743 Et
656 698 840 755 petere
870 683 1077 736 Aoniae
1104 680 1391 737 suadebant
1420 694 1533 735 tuta
1558 681 1782 736 Sorores

636 758 789 818 Otia,
821 754 1028 824 judicio
1056 754 1262 826 semper
1287 767 1455 808 amata
1484 771 1623 809 meo,

564 830 858 900 Temporis
885 827 1020 881 illius
1044 830 1187 881 colui
1217 827 1437 899 fovique
1465 831 1682 899 poetas;

640 903 905 975 Quotque
926 899 1147 965 aderant
1173 913 1351 964 vateS‚
1386 899 1540 955 rebar
1564 899 1736 956 adesse
1766 899 1936 958 Deos.

1371 135 1914 212 NASONIS

2264 1024 2425 1098 Saepe
2494 1018 2495 1023 ’

1383 1169 1423 1201 tu
1453 1162 1732 1212 intelligendum
1762 1161 1834 1202 esse
1867 1163 2100 1211 contendat,
2146 1162 2192 1202 de
2221 1173 2299 1213 quo
2330 1160 2428 1214 supra

1382 1213 1443 1252 lib.
1465 1226 1497 1251 2.
1529 1216 1701 1253 meminit
1717 1215 1771 1253 his
1803 1214 1944 1253 verbis:

1436 1283 1509 1314 Nec
1532 1276 1628 1314 mala
1650 1277 1822 1327 commiffa
1844 1276 1888 1322 eli
1906 1276 2001 1315 nobis
2011 1279 2164 1323 fortuna
2187 1289 2345 1324 reorum,
2439 1314 2442 1318 ,

1487 1327 1612 1377 Lisque
1632 1328 1744 1366 decem
1770 1329 1876 1365 decies
1893 1328 2102 1378 inspicienda
2121 1329 2222 1368 viris.
2408 1309 2429 1385 ι,
2493 1335 2495 1378 j

1385 1386 1434 1424 Et
1450 1385 1497 1424 de
1529 1388 1745 1436 cognitione
1773 1388 1960 1427 causarum
1991 1390 2214 1437 privatarum
2240 1417 2253 1436 ,
2287 1388 2334 1428 de
2363 1397 2435 1440 qun?

1387 1438 1524 1476 eodem
1544 1438 1631 1476 loco
1655 1439 1851 1484 meminit,
1879 1439 1954 1478 hoc
1972 1440 2115 1479 modo:

1438 1510 1501 1542 Res
1521 1518 1651 1555 quoque
1664 1505 1829 1554 privatas
1847 1505 1954 1551 statui
1966 1505 2043 1556 fine
2061 1507 2203 1545 crimine
2215 1507 2352 1556 judex,

1490 1561 1607 1606 Deque
1626 1569 1702 1594 mea
1717 1558 1810 1606 sassa
1828 1557 1871 1603 est
1886 1565 1970 1607 pars
1993 1571 2125 1609 quoque
2144 1559 2243 1596 viera
2258 1558 2344 1606 fide.
2419 1579 2427 1600 i

1386 1623 1485 1663 Nam
1506 1622 1733 1672 quaesturam
1751 1651 1762 1668 ,
1789 1635 1884 1674 quae
1905 1625 1944 1663 ὃ(
1967 1626 2042 1674 ‚ipsa
2072 1625 2360 1665 adolescentibus
2380 1627 2432 1676 ἕσς’

1387 1686 1426 1712 re
1446 1675 1770 1719 committebatur,
1799 1687 1883 1713 cum
1910 1676 2133 1724 praetoribus
2153 1687 2214 1715 aut
2235 1677 2438 1726 proconsuli·->

1386 1725 1477 1763 libus
1495 1725 1531 1762 in
1552 1726 1759 1773 provincias
1780 1725 1971 1772 euntibus,
1999 1727 2154 1766 Poe'tam
2185 1726 2323 1777 geffiffe
2337 1757 2347 1772 ‚
2371 1725 2431 1768 ali‘-

1389 1776 1423 1813 bi
1447 1787 1524 1813 non
1543 1776 1711 1825 legimus.
1756 1776 1804 1814 Et
1826 1776 2010 1822 aedilitas,
2038 1778 2084 1816 de
2111 1790 2184 1828 qua
2208 1779 2352 1818 Merula
2370 1778 2430 1820 hie

1391 1826 1564 1864 meminit
1584 1854 1594 1871 ,
1638 1827 1732 1864 inter
1761 1827 1919 1875 majores
1953 1829 2175 1878 magistratus
2206 1838 2294 1868 erat.
2342 1828 2433 1871 Illud

1391 1888 1544 1926 quoque
1565 1876 1772 1916 notandum
1797 1906 1808 1923 ‚
1847 1879 2066 1916 Triumviros
2096 1880 2168 1918 dici
2196 1907 2205 1924 ,
2234 1879 2435 1929 compositi

1393 1939 1487 1964 voce
1516 1940 1562 1964 ex
1591 1928 1744 1977 obliquo
1776 1929 1814 1967 δε
1838 1928 1939 1967 resto
1961 1943 1969 1967 ε
2011 1932 2048 1968 ὅε
2075 1932 2232 1968 Treviros
2253 1932 2368 1975 item,
2395 1932 2432 1976 δὲ

1393 1978 1578 2015 Tresviros.
1625 1979 1804 2028 Exempla
1831 1979 1931 2027 supra
1964 1981 2073 2018 habes
2106 1994 2150 2019 ex
2184 1981 2367 2020 Cicerone
2394 1983 2431 2022 δε

1392 2028 1534 2066 Plauto.
1564 2029 1743 2067 chrrt..
1770 2034 1863 2079 Eque
1885 2030 2000 2078 scripti
2024 2033 2200 2079 potiores.
2227 2032 2265 2070 &
2285 2038 2432 2082 opuspro

1396 2092 1478 2134 onjts
1497 2080 1673 2128 proximo
1698 2087 1944 2128 pentametro.
1973 2082 2117 2121 Herus.
2145 2083 2315 2121 Francos.
2338 2084 2437 2132 inque

1396 2132 1500 2185 viris.
1525 2130 1634 2167 etiam
1657 2142 1733 2168 non
1749 2131 1855 2169 male.
1874 2143 1960 2170 nam
1983 2133 2085 2182 saepe
2107 2134 2226 2172 noster
2243 2142 2340 2171 amat
2355 2146 2439 2182 pro-

1397 2181 1582 2229 positione
1602 2181 1736 2226 inubi,
1765 2193 1832 2230 pro
1850 2196 1866 2218 e
1887 2183 1943 2220 vel
1964 2196 2018 2222 ex.
2039 2184 2086 2221 fic
2106 2184 2143 2221 in
2164 2184 2272 2221 Pont.
2291 2194 2342 2220 vr.
2357 2184 2415 2234 38.

1451 2251 1496 2283 Et
1515 2247 1553 2283 in
1574 2246 1696 2283 multis
1716 2261 1770 2284 me
1787 2248 1874 2284 velit
1892 2250 1950 2296 esse
1964 2259 2092 2299 precor.

1403 2323 1436 2350 1.
1462 2313 1537 2349 Art.
1561 2322 1640 2360 344.
1663 2312 1767 2349 multi
1791 2311 1960 2356 codices,

1453 2378 1518 2415 Vix
1535 2377 1600 2414 erit
1616 2377 1653 2413 in
1676 2375 1797 2413 multis
1810 2405 1818 2421 ,
1849 2390 1936 2426 quae
1954 2388 2047 2426 neget
2067 2391 2139 2415 una
2160 2379 2236 2418 tibi.

1401 2441 1460 2480 ubi
1482 2443 1577 2481 vide.
1600 2452 1684 2492 pars
1706 2442 1817 2480 tribus
1838 2456 1927 2479 unus
1947 2456 2042 2479 eram
2065 2443 2247 2484 Barberin.

1452 2528 1510 2565 35.
1538 2517 1649 2553 Curia
1682 2516 1830 2562 restabat-
1854 2544 1864 2559 ‚
1903 2516 1999 2553 clavi
2027 2518 2189 2565 mensura
2218 2518 2332 2553 coaffa
2359 2511 2438 2564 effi]
2494 2541 2495 2547 =

1401 2567 1516 2604 Latus
1546 2568 1669 2604 clavus
1702 2568 1909 2605 senatorum
1950 2568 2136 2615 gestamen
2171 2570 2315 2616 proprie
2343 2577 2438 2609 erat,
2493 2571 2495 2606 l

1400 2630 1476 2666 quo
1498 2617 1546 2654 illi
1572 2616 1592 2654 a
1623 2617 1768 2664 reliquis
1800 2618 1986 2656 ordinibus
2015 2618 2336 2665 distinguebantur.
2383 2617 2440 2656 Sic

1400 2669 1535 2705 Plinius
1563 2668 1622 2704 lib.
1642 2680 1783 2705 xxxiii.
1815 2681 1892 2718 cap.
1916 2681 1946 2705 1.
1987 2669 2131 2705 Annali
2155 2668 2337 2714 distinxere
2354 2668 2448 2707 alce-2„

1400 2731 1480 2753 rum
1509 2718 1663 2753 ordinem
1693 2718 1718 2755 ὰ
1747 2719 1838 2765 plebe
1859 2747 1869 2763 ‚
1907 2729 1946 2754 ut
1966 2719 2071 2768 semel
2099 2729 2272 2767 coeperant
2290 2718 2347 2768 effe
2363 2718 2440 2756 celo·

1400 2768 1470 2804 bres
1486 2784 1496 2803 :
1520 2766 1610 2815 ficut
1629 2770 1748 2805 tunica
1770 2772 1813 2805 ab
1831 2770 2144 2817 annulissenatum
2156 2764 2310 2806 tantum*
2331 2781 2441 2819 quan·

1401 2832 1507 2867 quam
1528 2831 1571 2858 (9⁴
1591 2818 1651 2854 hoc
1662 2820 1759 2867 siro,
1790 2821 1958 2870 vulgoque
1984 2819 2106 2856 latiore
2131 2830 2283 2869 purpura
2312 2820 2444 2858 tunicae

1405 2869 1476 2914 usos
1496 2869 1696 2906 invenimus
1717 2871 1825 2907 etiam
1841 2881 2040 2918 praecones,
2071 2871 2141 2907 &c.
2171 2872 2339 2919 intelligit
2357 2880 2441 2919 ergo

1406 2921 1520 2957 Po'e'ta
1551 2948 1561 2965 ‚
1607 2921 1718 2958 solam
1761 2921 1974 2970 dignitatem
2008 2921 2226 2959 senatoriam
2269 2923 2441 2971 reliquam

1408 2970 1510 3007 fuiffe
1526 2998 1534 3014 ,
1563 2982 1674 3018 quam
1699 2971 1817 3009 adliuc
1841 2972 2134 3020 consequeretur.
2162 2973 2220 3009 sed
2243 2972 2286 3009 ab
2307 2983 2347 3009 ea
2359 2982 2445 3008 con·
2492 2984 2495 3004 Δ

1407 3020 1591 3069 sequenda
1611 3020 1812 3059 abstinuisse
1835 3022 1890 3064 se,
1918 3024 2003 3071 quia
2025 3022 2061 3059 id
2087 3033 2179 3060 onus
2202 3023 2362 3060 humeris
2381 3020 2445 3059 suis

1410 3072 1526 3119 majus
1547 3070 1676 3108 fuisset.
1704 3084 1826 3121 eoque
1856 3073 2060 3109 mensuram
2092 3073 2206 3115 clavi,
2234 3074 2307 3110 ho‘c
2327 3071 2374 3110 est
2398 3071 2447 3110 la·

1406 3121 1625 3163 titudinem,
1655 3122 1819 3159 coaciam
1849 3122 1943 3170 apud
1974 3121 2032 3165 se,
2059 3121 2095 3158 id
2127 3122 2175 3158 cst
2206 3123 2446 3165 coarctatam.

1409 3173 1446 3210 &
1468 3171 1567 3220 quali
1589 3173 1737 3210 accisam
1762 3171 1877 3210 fuiffe.
1920 3172 2037 3219 Quod
2059 3182 2183 3210 aurem
2213 3174 2313 3221 supra
2337 3170 2446 3215 dixit,
2494 3167 2495 3172 ¹

1410 3221 1638 3271 Induiturque
1661 3224 1817 3259 humeros
1836 3235 1913 3258 cum
1932 3222 2003 3257 lato
2018 3232 2171 3271 purpura
2195 3223 2318 3260 clavo.-
2346 3223 2380 3261 id
2399 3230 2448 3260 eo

1408 3272 1526 3312 motio
1562 3274 1818 3323 accipiendum
1851 3273 2003 3312 t'ortaffis
2023 3300 2035 3320 ‚
2075 3283 2111 3312 ur
2148 3275 2312 3314 dicamus
2335 3271 2450 3315 statim

2367 3319 2444 3373 post
