2495 3675
18 1871 52 1958 2ss

667 171 1308 241 TRISTIUM
1382 172 1577 233 L113.

1652 176 1713 234 Π.

2164 200 2257 248 523

388 286 508 344 Nec
533 298 712 344 tamen
737 289 811 344 est
834 287 1035 344 facinus
1062 283 1248 341 molles
1273 281 1525 337 evolvere
1550 280 1754 336 versus:
1792 277 1797 283 ’

459 361 638 418 Multa
661 364 788 418 licet
814 362 984 417 castae
1006 377 1118 414 non
1144 355 1391 411 facienda
1416 355 1612 425 legant.

386 434 481 491 Sae
524 454 553 492 e
575 435 838 509 supercilii
865 434 1032 489 nudas
1061 444 1302 486 matrona
1328 428 1525 492 severi,

244 524 348 574 310

494 510 531 564 't
555 508 785 566 Veneris
812 507 1004 561 stantes
1029 505 1094 559 ad
1125 520 1291 575 genus
1317 519 1479 556 omne
1504 500 1668 556 videt.

384 581 632 655 Corpora
657 579 894 636 Vestales
921 578 1063 632 oculi
1102 576 1404 631 meretricia
1431 588 1684 628 cernunt:

457 656 574 710 Nec
602 653 827 709 domino
850 668 1057 725 poenae
1083 667 1165 704 res
1195 667 1256 702 ea
1282 647 1450 702 caussa
1478 648 1594 701 fuit.

382 728 461 783 At
488 744 583 782 cur
606 727 663 782 in
687 725 862 781 nostra
888 724 1051 779 nimia
1076 721 1150 777 est
1174 721 1377 775 lascivia
1406 719 1594 773 Musa?

454 800 637 855 Curve
666 816 816 854 meus
844 800 1092 871 cuiquam
1119 794 1300 848 suadet
1326 810 1503 846 amare
1526 793 1690 846 liber?

240 888 339 943 315
377 873 465 928 Nil
489 873 581 928 nisi
608 884 916 944 peccatum,
953 866 1335 939 manifestaque
1358 868 1513 938 culpa
1534 909 1545 927 ,
1585 865 1864 922 fatendum
1888 866 1988 923 est:

456 946 710 1001 Poenitet
740 943 941 1014 ingenii
962 942 1261 1014 judiciique
1288 940 1410 993 mei.

382 1017 496 1074 Cur
520 1035 659 1083 non,
675 1016 944 1090 Argolicis
969 1015 1146 1087 potius
1169 1030 1309 1085 quae
1335 1011 1576 1066 concidit
1592 1013 1776 1078 armiS,

456 1089 667 1148 Vexata
692 1090 767 1145 est
790 1091 988 1145 iterum
1010 1087 1248 1143 carmine
1271 1085 1441 1155 Troja
1468 1085 1624 1138 meo?

376 1164 493 1221 Cur
517 1166 660 1219 tacui
682 1163 935 1228 Thebas,
973 1163 1028 1216 &
1055 1174 1241 1216 mutua
1267 1158 1483 1213 vulnera
1507 1157 1763 1213 fratrum?

235 1254 340 1304 320

139 1497 249 1538 Dixit
273 1495 460 1548 &irrupit
471 1524 483 1544 ,
502 1496 644 1546 saelum
662 1495 727 1535 dea
744 1503 844 1547 rapta
857 1493 1038 1547 probavit.'

90 1562 203 1605 Trist.
222 1575 260 1602 v.
281 1562 386 1612 Eleg.
407 1575 436 1600 1.

141 1629 244 1677 Qae
260 1636 381 1663 tamen
398 1626 620 1675 irrumpunt,
649 1635 780 1676 quoque
797 1630 991 1670 vetamur,
1019 1631 1115 1663 eunt.

31 1709 34 1729 r
88 1690 200 1731 Pont.
221 1705 249 1730 1.
274 1691 488 1741 Eleg.'V111.

83 1765 87 1770 ·
141 1758 214 1790 Nec
235 1762 354 1790 tamen
373 1753 525 1804 irrumpo
539 1780 552 1799 ,
578 1765 646 1804 quo
668 1765 737 1791 non
758 1751 837 1791 licet
860 1753 924 1792 ire.

87 1815 256 1867 sequenti
275 1816 380 1856 versu
396 1828 463 1867 pro
492 1817 575 1855 haec
593 1826 778 1867 quatuor,
806 1817 878 1854 hoc.
904 1815 943 1855 id
966 1816 1039 1863 est,
1065 1818 1142 1857 hoc

84 1868 178 1917 ipso.
190 1867 296 1919 quod
313 1869 474 1908 Grutero
486 1869 524 1908 &
535 1868 762 1907 Bersmanno
776 1867 967 1908 arridebat.
995 1869 1143 1909 Hnms.

7 1958 26 1975 u
46 1960 51 1971 ‚
87 1919 183 1958 Hinc
201 1921 312 1959 etiam
330 1928 413 1960 tres.
448 1919 523 1959 vid.
552 1919 599 1959 ad
628 1918 764 1970 Vellej.
788 1920 907 1959 Pater.
927 1932 958 1958 1.
976 1931 1013 1970 9.
1039 1922 1078 1960 ὅ(
1096 1921 1142 1959 ad

6 1975 13 2030 [y
42 2022 52 2027 ..
87 1971 268 2040 Qginffll.
288 1971 458 2011 Declam.
483 1986 520 2010 x.
542 1971 598 2011 16.
620 1983 710 2009 xm.
732 1983 768 2010 2.
795 1972 835 2010 &
857 1970 955 2011 alibi.

53 2048 66 2082 ,·
141 2049 228 2088 307.
255 2045 327 2076 Nec
347 2038 508 2089 tamem]
538 2044 619 2077 Non
636 2048 757 2078 tamen
776 2037 885 2077 multi
903 2037 993 2077 editi
1021 2039 1061 2077 ὃς
1082 2037 1142 2078 sex

6 2101 10 2122 ἰ
65 2091 222 2142 scripti.
248 2090 302 2128 nil
321 2103 427 2130 unus.

6 2166 8 2170 ·
62 2167 69 2203 ξ
143 2165 230 2205 312.
256 2161 327 2192 Nec
346 2154 484 2193 domino
496 2162 622 2204 poenae
639 2169 690 2194 res
706 2167 745 2193 ea
767 2154 871 2203 causa
882 2153 1001 2205 fuit.]
1031 2154 1075 2193 Id
1097 2154 1148 2193 est

25 2237 26 2240 η
62 2204 242 2257 ’,1ειιουί,
261 2206 328 2255 qui
347 2206 462 2244 nudas
482 2206 556 2244 illas
575 2205 598 2244 a
619 2205 819 2255 conspectu
830 2206 1034 2244 Vestalium
1058 2205 1141 2246 sub-

22 2259 29 2283 '·
82 2260 251 2296 'movere
273 2256 461 2295 debuiffet.
488 2257 668 2295 M1crt1..
722 2257 783 2295 De
809 2256 948 2295 lenone
964 2258 1144 2306 interpre-

19 2283 71 2407 ἐξ
90 2313 228 2348 tantur.
252 2306 314 2346 sed
338 2320 401 2347 cur
430 2308 559 2346 lenoni
586 2309 710 2357 potius
741 2308 791 2346 ob
810 2307 846 2345 id
876 2319 997 2357 poena
1018 2307 1146 2346 decer-
1194 2308 1372 2362 filendum
1392 2318 1497 2347 unus.
1511 2306 1698 2356 fhrendum
1719 2306 1818 2346 alius.
1846 2306 1923 2347 vid.
1936 2307 1981 2347 ad
1996 2319 2049 2348 1v.
2061 2309 2155 2347 Met.
2170 2312 2253 2357 177.¹

93 2366 224 2404 natur,
251 2369 364 2408 quam
388 2359 596 2403 AEdilibus,
624 2359 691 2408 qui
711 2358 867 2397 Floralia
896 2357 1145 2396 exhibebant?

93 2410 222 2459 Quare
242 2417 305 2448 aut
334 2410 480 2448 versum
507 2410 608 2448 hunc
634 2409 878 2449 adulteratum
900 2408 972 2448 efle
989 2408 1145 2456 censeo,

93 2468 158 2499 aut
177 2459 406 2498 scribendum
421 2487 433 2505 ,

149 2525 221 2557 Nec
241 2519 371 2556 damno
379 2519 502 2569 scenae
518 2532 570 2557 res
589 2533 629 2556 ea
647 2519 727 2568 visa
741 2520 831 2567 fuit.

93 2582 139 2622 In
160 2582 374 2621 Combiano
394 2595 461 2632 pro
487 2582 627 2622 diversa
644 2583 808 2623 lectione
830 2612 841 2629 ,
878 2585 996 2635 Roscia
1019 2587 1146 2636 caussa.

92 2634 208 2672 Certe
228 2633 381 2672 Roscius
402 2633 610 2673 comoedus
638 2635 772 2674 librum
793 2635 976 2682 ediderat,
1005 2638 1042 2676 in
1065 2650 1143 2687 quo

77 2684 237 2724 ‘causam
268 2685 478 2723 histrioniae
509 2685 639 2733 agebat
662 2713 673 2731 ,
714 2697 873 2736 eamque
907 2690 1145 2737 comparabat

64 2757 65 2761 =
95 2746 184 2774 cum
204 2735 440 2785 eloquentiae
459 2736 590 2775 studio.
617 2737 912 2787 Meminithujus
928 2739 1146 2789 scriptiMa-

62 2804 67 2839 g
96 2786 242 2826 crobius
271 2787 445 2825 Saturnal.
465 2787 525 2826 lib.
548 2800 593 2825 11.
615 2798 693 2836 cap.
721 2800 775 2835 14.
802 2788 872 2827 Sed
895 2790 1065 2839 abruptus
1087 2792 1146 2829 ni-

66 2847 70 2860 1'
96 2838 168 2876 mis
190 2837 232 2876 fit
256 2837 421 2876 transitus
450 2837 470 2876 a
503 2837 706 2877 Vestalibus
723 2839 769 2878 ad
789 2839 978 2880 Roscium.
1006 2841 1151 2880 Herus.

98 2888 295 2926 Dominum
325 2898 451 2938 poenae
489 2888 709 2927 Pontificem
752 2891 957 2928 maximum
995 2893 1149 2940 exponit

99 2937 247 2978 Merula
270 2967 282 2984 ‚
326 2940 412 2989 quia
440 2939 501 2977 ille
537 2941 575 2978 in
604 2940 767 2979 Vestales
809 2942 1146 2981 animadvertebat:

101 2999 215 3038 quem
237 2991 313 3028 fere
341 2990 525 3038 Crispinus
558 2991 729 3039 sequitur.
757 2991 818 3029 sed
834 3001 958 3040 poenae
980 2994 1027 3031 est
1046 2995 1148 3042 geni-

102 3040 222 3086 tivus,
247 3041 285 3078 &
307 3052 393 3079 cum
415 3041 525 3089 causta
540 3041 696 3079 construi
717 3042 849 3080 debet:
879 3056 948 3081 nec
969 3045 1146 3083 lenonem

102 3089 304 3140 intelligere
316 3091 445 3140 placet.
472 3103 558 3130 nam
581 3101 670 3130 tunc
692 3093 923 3133 statuendum
947 3094 1057 3141 effer,
1075 3097 1153 3133 Ve-

106 3139 207 3196 itales
231 3143 379 3190 lupanar
406 3142 598 3192 ingressas,
627 3146 665 3181 ἃ
696 3146 895 3183 Lenoncm
930 3146 1088 3185 debuiffe
1114 3149 1155 3184 iis

107 3193 319 3230 intrantibus
344 3193 457 3232 nudas
474 3206 684 3233 removere.
712 3196 915 3235 Videndum
938 3209 983 3236 an
1006 3198 1051 3235 de
1074 3199 1158 3236 Flo-

108 3241 238 3280 ralibus
256 3255 382 3292 capere
413 3245 520 3283 liceat
545 3274 554 3288 .
591 3247 636 3284 ad
667 3259 762 3296 quae
791 3247 951 3286 Vestales
980 3251 1159 3287 venerint.

109 3291 149 3329 δε
172 3303 216 3330 an
236 3293 407 3332 dominus
435 3296 655 3346 intelligatur
670 3327 678 3341 ‚
707 3299 771 3346 qui
793 3301 1004 3337 meretrices
1023 3300 1160 3349 produ-

105 3342 158 3395 cit
168 3341 261 3384 ludis
279 3343 344 3397 illis
356 3345 566 3400 [Ρεᾴζιῃάῑιε
577 3375 589 3397 ,
602 3357 642 3389 ut
660 3349 793 3404 domini
808 3349 1016 3405 {actionum
1027 3352 1066 3392 in
1078 3352 1160 3405 §iij

453 1238 526 1293 Et
554 1236 759 1310 septem
784 1249 994 1311 portaS,
1029 1233 1123 1291 sub
1151 1233 1293 1290 duce
1317 1248 1587 1306 quamque
1615 1229 1741 1286 suo?

2129 1355 2249 1415 Nec

1199 1490 1362 1531 censibus
1380 1489 1487 1531 ludis.
1515 1498 1613 1530 certe
1637 1489 1799 1529 Vestales
1819 1489 1988 1540 speaaffe
2005 1490 2247 1541 gladiatores;

1196 1545 1260 1592 qui
1281 1545 1391 1582 etiam
1421 1541 1512 1581 nudi
1539 1542 1757 1590 plerumque
1778 1551 1879 1580 erant
1902 1571 1912 1587 ,
1950 1551 2050 1590 patet
2080 1556 2125 1583 ex
2145 1545 2247 1583 Suet.

1196 1595 1296 1642 Aug.
1326 1606 1385 1641 44.
1420 1592 1481 1630 vel
1507 1593 1554 1631 ad
1580 1592 1740 1630 Venales
1769 1594 1890 1640 potuit
1916 1593 2090 1641 respicere
2112 1623 2123 1640 ‚
2150 1606 2246 1646 quae

1196 1644 1319 1682 nudae
1347 1644 1518 1688 stabant,
1564 1644 1604 1682 &
1633 1643 1962 1682 contrectabantur.
2004 1644 2103 1684 Vide
2142 1657 2249 1685 com·

1196 1704 1315 1734 ment.
1345 1695 1391 1734 ad
1417 1695 1518 1733 Suet.
1556 1694 1655 1744 Aug.
1677 1695 1737 1744 69.
1782 1696 1821 1732 &
1849 1696 1899 1733 ita
1941 1693 2116 1734 dominus
2159 1695 2248 1736 esset

1197 1756 1337 1795 mango
1362 1774 1373 1791 ‚
1402 1746 1464 1783 vel
1485 1746 1699 1794 quicunque
1728 1745 1875 1783 venales
1906 1745 2051 1784 ancillas
2082 1748 2249 1796 exponit.

1196 1804 1261 1886 {ut
1287 1796 1432 1847 respicit
1463 1795 1561 1835 aliud
1591 1796 1708 1834 Po'e'ta
1730 1824 1741 1842 ,
1787 1795 1895 1834 nobis
1931 1807 2032 1835 nunc
2061 1797 2250 1848 ignotum„

1230 1862 1330 1887 URM.

1253 1911 1339 1950 313·
1365 1897 1546 1950 Cuiquam
1559 1896 1726 1948 suadet.]
1757 1897 1954 1947 Quaedam
1976 1897 2158 1938 editiones
2172 1904 2252 1945 ,ne-¹

1198 1965 1319 2003 quam.
1341 1950 1530 2000 quicquam
1548 1951 1692 1997 Junian.
1704 1948 1860 2001 aliquem
1875 1950 2025 1988 Lovan.
2037 1963 2251 2002 quemquam

1199 2015 1292 2042 unus
1313 2001 1472 2040 Heinsii.
1490 2000 1594 2050 quod
1614 2002 1745 2050 placet.
1764 2000 1840 2039 vid.
1857 2000 1902 2039 ad
1919 2000 2072 2040 Phaedr.
2089 2014 2117 2040 1.
2134 2013 2190 2052 ις.
2212 2002 2253 2045 ὅ(

1200 2055 1305 2105 supra
1324 2052 1371 2091 ad
1387 2052 1539 2101 Epistol.
1559 2063 1656 2091 xvn,
1682 2051 1763 2099 185.
1781 2051 1915 2091 Euam,

1254 2116 1341 2155 315.
1371 2102 1624 2153 Manifestaque
1643 2102 1740 2152 culpa
1751 2103 1906 2150 fatenda
1925 2102 2010 2153 esp]
2051 2103 2250 2142 Fatendum

1200 2156 1245 2206 est
1265 2164 1410 2193 veteres
1430 2154 1549 2192 multi.
1577 2153 1727 2193 Hzms.
1755 2154 1808 2192 lta
1830 2165 1861 2192 r.
1881 2165 1927 2192 ex
1945 2154 2057 2192 Pont.
2074 2167 2200 2204 vr.25.

1249 2204 1437 2294 Qidqudid
1457 2205 1495 2242 id
1511 2204 1555 2254 est
1566 2232 1578 2250 ‚
1604 2214 1646 2242 ut
1664 2217 1732 2242 non
1742 2205 1885 2253 facinus
1897 2232 1909 2251 ,
1939 2203 1990 2254 fic
2005 2205 2104 2257 culpa
2122 2210 2254 2249 vocari-1

1408 2269 1480 2294 um.

1203 2361 1336 2400 Bunm.

1257 2422 1344 2461 3¹7,
1371 2416 1445 2448 Cur
1467 2423 1535 2447 non
1561 2409 1732 2458 Argolicis
1758 2411 1872 2459 potius
1901 2422 1989 2460 quae
2020 2407 2165 2447 concidit
2189 2411 2253 2448 ar2

1203 2463 1293 2508 mis,
1324 2467 1456 2499 Vexata
1478 2461 1521 2506 est
1539 2459 1667 2498 iterum
1691 2460 1843 2498 carmine
1863 2462 1964 2509 Troja
1982 2459 2107 2509 meo?]
2164 2461 2250 2499 Hac

1201 2515 1248 2553 de
1277 2525 1315 2552 re
1346 2512 1587 2562 conqueritur
1612 2512 1724 2550 etiam
1754 2511 1815 2550 lib.
1837 2523 1902 2550 111.
1929 2511 2119 2549 Amorum
2144 2509 2250 2561 Eleg.

1200 2577 1264 2604 xr.

1253 2630 1346 2663 Cum
1377 2622 1510 2713 Tgebae
1528 2652 1539 2671 ‚
1575 2637 1654 2662 cum
1684 2625 1785 2676 Troja
1816 2625 1909 2673 foret
1928 2653 1940 2671 ‚
1989 2637 2067 2664 cum
2093 2623 2253 2675 Caesari}

1377 2689 1399 2712 a
1435 2688 1456 2712 a

1306 2703 1487 2778 Ingeniun’z
1508 2726 1622 2764 movit
1634 2727 1706 2773 sola
1726 2726 1884 2765 Corinna
1905 2739 2036 2766 meum.

1203 2779 1378 2819 Cxofm,
1408 2780 1510 2827 §luae
1530 2778 1656 2815 decidit
1678 2779 1793 2828 prima
1814 2778 1942 2817 editio.

1259 2842 1344 2891 318.
1376 2841 1548 2892 Vexata]
1590 2843 1728 2890 Versata
1748 2843 1836 2882 duo.
1855 2845 1978 2882 exaffa
1999 2855 2103 2883 unus.
2132 2845 2256 2885 Heia:

1204 2891 1274 2930 fius
1295 2893 1540 2941 conjiciebat,
1569 2895 1685 2941 eversa
1706 2894 1758 2940 est.
1784 2894 1843 2932 sed
1864 2895 1953 2932 nihil
1975 2905 2096 2934 muto.
2116 2898 2253 2935 indicat

1205 2944 1305 2981 enirn
1321 2944 1395 2980 hoc
1415 2943 1529 2980 verbo
1545 2970 1555 2986 ‚
1573 2955 1705 2980 vexata
1720 2973 1729 2988 ,
1744 2947 1935 2984 materiem
1949 2947 1994 2983 ad
2013 2947 2212 2985 satietatem
2232 2959 2254 2985 a

1202 2994 1329 3032 Poetis
1340 2993 1528 3031 tractatam
1543 3021 1554 3039 ,
1566 3003 1606 3031 ut
1619 2995 1695 3042 jam
1709 2996 1844 3044 fatigati
1859 2996 1924 3034 sint
1935 2996 2102 3036 lectores.
2115 2999 2163 3036 ita
2178 2999 2255 3036 fere

1206 3045 1390 3091 juvenalis
1410 3044 1481 3081 Sat.
1500 3057 1527 3081 1.
1548 3057 1582 3084 2.
1609 3045 1643 3082 se
1665 3058 1837 3084 vexatum
1860 3047 1955 3084 toties
1974 3046 2128 3096 Theseide
2148 3047 2255 3086 Codri

1207 3096 1312 3133 dixit.
1341 3095 1365 3132 si
1385 3096 1465 3144 quis
1485 3103 1609 3133 tamen
1632 3109 1803 3134 vexatam
1825 3099 1965 3147 Trojam
1984 3127 1993 3142 ‚
2022 3111 2042 3135 a
2061 3100 2183 3137 Poetis
2200 3098 2257 3136 di·

1210 3147 1244 3183 ci
1262 3147 1374 3190 velit,
1402 3157 1449 3184 eo
1471 3146 1587 3184 modo
1613 3157 1650 3185 ut
1673 3148 1722 3185 illi
1746 3151 1865 3186 facere
1885 3150 2079 3194 dicuntur,
2107 3148 2255 3199 quaeab

1213 3197 1290 3235 aliis
1321 3196 1415 3235 facta
1448 3207 1619 3242 canunt,
1665 3200 1703 3236 ὃς
1734 3201 1782 3237 ita
1827 3209 1865 3237 ut
1893 3211 1912 3236 a
1946 3201 2092 3237 Graecis
2123 3207 2254 3237 vexata

1214 3248 1308 3292 fuit,
1337 3247 1561 3294 describunt,
1588 3261 1650 3296 per
1672 3261 1733 3287 me
1760 3251 1856 3288 licet.
1884 3250 1931 3288 ita
1960 3249 2068 3298 Epist.
2087 3262 2173 3286 viu.
2198 3260 2256 3297 13.
2307 3256 2310 3259 ·

1217 3299 1361 3339 Parcius
1373 3299 1647 3337 Andromachen
1660 3303 1808 3338 vexavit
1823 3307 1857 3337 A
1862 3300 1960 3336 chata
1973 3300 2112 3337 victrix.
2126 3299 2257 3337 ssunru.

1270 3363 1355 3404 319.
1383 3354 1431 3442 {J
1449 3362 1575 3388 mutua
1603 3351 1753 3404 puluera
1767 3350 1966 3404 sianum]
2019 3350 2080 3389 De
2101 3349 2275 3439 Eteoclgc

1394 3441 1400 3449 ,
1428 3413 1502 3449 ,νγ
1529 3414 1552 3452 a.⁴
