2495 3675
412 183 1088 248 FASTOR

1159 176 1214 236 U
1288 177 1673 237 M'Lrn.

1762 182 1854 240 VI.
2140 181 2240 253 387

378 288 551 347 Hunc
577 292 739 366 igitur
765 303 970 345 veteres
1004 285 1273 341 donarunt
1311 277 1445 335 aede
1476 278 1682 334 Sabini:

450 363 616 437 Inque

643 362 906 436 Quirinali
930 357 1253 413 constituere
1275 350 1424 423 jugo,

490 437 549 492 St
574 437 704 492 mihi
733 439 754 506 (
769 435 935 504 sitque
954 468 968 492 ,
1007 444 1231 501 precor,
1270 424 1456 478 nostris
1481 424 1786 482 diuturnior
1813 426 1995 495 annis)

229 526 334 562 220
376 439 486 574 E
561 510 716 565 Filia:
758 508 863 580 qua
886 503 1016 558 felix
1038 500 1227 574 sospite
1251 497 1456 570 semper
1481 516 1594 553 ero.

80 732 154 772 que
169 731 312 759 nomen
334 721 371 758 in
391 721 486 759 libris
506 719 552 757 de
573 718 733 757 Civitate
749 717 826 757 Dei
843 714 987 757 videtur
1007 725 1125 765 agno-

79 773 188 811 scere.
216 772 315 810 Nam
334 773 372 809 in
390 771 505 809 veteri
524 768 756 818 inscriptione
770 796 781 814 .

133 835 343 874 SANCTO
369 832 542 870 SANco
578 830 777 869 SEMom

185 885 297 924 Deo
326 894 475 922 1=1n10
503 881 726 920 SACRVM.

83 954 127 993 τὸ
148 952 308 992 Sancto
332 952 444 989 titulis
462 950 584 1000 potius
609 962 723 1001 quarn
749 948 963 989 nominibus
996 947 1128 986 Semo·

79 1005 136 1045 nis
167 1002 455 1043 adscribendum.
510 1001 669 1040 Ovidius
699 1010 795 1040 certe
822 1012 901 1041 non
929 998 997 1037 nisl
1024 1007 1127 1036 terna

82 1056 159 1105 ejus
180 1054 335 1093 nomina
357 1053 532 1102 agnoscit.
589 1052 626 1090 Si
652 1060 777 1090 tamen
802 1051 822 1089 a
841 1049 1031 1100 sanciendo
1051 1048 1128 1085 orbe

81 1105 196 1146 dietus
217 1105 287 1150 est,
315 1112 515 1154 utrumque
539 1114 682 1142 nomen
703 1115 748 1141 ex
770 1102 964 1152 Augustini
983 1101 1128 1138 senten-

76 1158 128 1197 tia
149 1156 256 1206 poffit
277 1155 435 1194 admitti.
460 1153 558 1204 apud
579 1154 707 1193 Silium
727 1154 895 1192 Italicum
917 1152 1010 1191 libro
1034 1163 1127 1189 vm.

79 1207 142 1249 ubi
166 1218 266 1247 nunc
283 1207 439 1256 legitur,

130 1272 236 1310 Ibant
251 1281 296 1311 φ’
316 1269 376 1308 leti
388 1278 471 1320 pars
489 1270 657 1308 Sannum
679 1282 760 1307 voce
781 1267 964 1306 canebant.

79 1336 198 1376 codex
209 1332 436 1373 Oxonienfis
450 1360 460 1377 ,
473 1339 626 1381 Sangum
638 1360 649 1377 ‚
660 1343 727 1381 pro
737 1335 897 1367 Sancum.
908 1327 968 1366 sed
979 1327 1017 1366 &
1028 1326 1125 1376 apud

77 1387 353 1427 Tertullianum
372 1385 431 1422 lib.
444 1396 490 1422 11.
509 1384 554 1421 ad
567 1384 722 1421 Nation.
734 1392 817 1430 cap.
833 1379 1023 1428 9.videtur
1043 1390 1125 1416 cor-

78 1438 295 1490 rigendum:
335 1435 389 1484 Est
417 1446 459 1474 ω’
486 1441 616 1472 Sancus
642 1442 775 1484 propter
809 1429 1079 1480 hospitalitatem
1100 1442 1124 1465 a

77 1503 150 1540 rege
178 1487 289 1526 Plotio
312 1488 446 1534 fanum
479 1486 693 1533 consecutus,
722 1493 799 1520 non
833 1481 989 1518 samus.
1027 1479 1124 1529 apud

80 1540 320 1580 Lac'tantium
340 1537 398 1575 lib.
412 1549 439 1574 1.
464 1536 509 1574 de
531 1535 617 1574 Fals.
632 1533 752 1582 Relig.
772 1531 893 1570 codex
905 1531 1122 1569 Bononien-

77 1591 121 1631 fis
132 1592 243 1640 longe
255 1587 520 1636 antiquiffimus
535 1613 544 1629 ,
554 1592 701 1623 Summa
712 1583 933 1621 veneratione
945 1581 1121 1619 coluerunt

78 1642 233 1692 Egyptii
253 1639 371 1690 Ifidem
384 1666 396 1684 ‚
424 1637 549 1674 Mauri
579 1635 721 1683 Jubam
740 1662 751 1680 ‚
786 1633 908 1671 Latini
934 1639 1096 1670 Faunum
1110 1661 1121 1679 ,

76 1692 200 1731 Sabini
224 1697 387 1728 Sancum.
423 1688 484 1726 ubi
513 1686 643 1725 Sabum
672 1686 833 1735 aliasque
864 1683 1044 1724 lecstiones
1066 1685 1123 1722 in-

75 1743 281 1784 culcarunt.
307 1740 454 1778 Hms.

129 1805 212 1840 214.
241 1797 306 1830 An
325 1790 391 1828 tibi
408 1789 633 1840 Semipater.]
680 1788 724 1827 In
742 1788 824 1827 Urs.
847 1788 885 1826 &
904 1786 1123 1838 quibusdam

75 1845 201 1884 Vatic.
222 1843 270 1882 fic
297 1842 429 1892 legitur
449 1855 458 1880 :
496 1842 535 1879 in
555 1840 632 1879 aliis
652 1853 744 1879 vero
758 1868 771 1886 ‚
798 1841 995 1890 semicaper.
1023 1847 1062 1876 ut
1085 1839 1125 1876 &

77 1907 192 1935 manu
223 1895 359 1932 recenti
387 1894 425 1932 in
454 1905 524 1938 eo,
553 1891 656 1942 quod
682 1891 810 1931 litteris
833 1889 1125 1940 Longobardicis

76 1954 266 1986 exaratum
294 1942 397 1982 fuisse
427 1944 504 1982 dixi
528 1972 538 1988 ,
576 1944 776 1992 exemplari
802 1943 1043 1981 emendatum
1066 1940 1126 1978 est.

78 1997 229 2048 peffime
248 2002 405 2044 utroque
433 1995 567 2033 modo.
602 1995 804 2032 Rationem
832 1993 983 2042 accipe,
1011 2003 1125 2041 quam

78 2048 278 2098 subjiciam.
315 2045 432 2083 Anno
468 2055 517 2080 00
539 2057 667 2082 Lxxiv.
693 2045 740 2083 de
772 2043 897 2082 mense
928 2042 1127 2091 Quinctilis

78 2099 142 2139 sub
170 2097 283 2136 finem
307 2124 318 2141 ,
364 2103 504 2144 reperta
534 2095 583 2133 est
615 2102 720 2133 vetus
751 2093 937 2142 inscriptio
958 2091 1128 2131 ininsula

80 2148 259 2190 Tiberina
279 2147 324 2186 ad
354 2147 389 2186 S.
407 2147 682 2185 Bartholomaei
695 2174 706 2193 ‚
733 2156 829 2196 quae
850 2144 899 2183 est
918 2143 1127 2193 ejusmodi:

82 2199 204 2252 (apud
225 2200 371 2238 Gruter.
388 2210 469 2248 pag.
487 2197 618 2246 xrvx.)

389 2300 638 2338 SEMONI

433 2367 646 2405 SANco

388 2431 536 2469 DEo.
561 2429 748 2467 tho

442 2488 706 2528 SACRVM

390 2554 494 2593 SEX.
521 2550 785 2591 POMPEIVS
815 2551 850 2589 S.
876 2550 916 2590 P.
945 2550 1007 2597 F..

386 2619 511 2656 con.
539 2615 838 2655 Mvssvas

385 2678 840 2730 QVINQVENNALls

438 2744 625 2781 DEcvn

389 2806 717 2845 BinENTAms

393 2870 602 2910 DONVM
631 2869 817 2909 DEDIT.

91 2969 200 3013 Hanc
219 2973 379 3024 primum
404 2973 509 3012 domi
537 2973 619 3012 suae
649 2973 739 3010 mihi
762 2970 918 3010 ostendit
940 2970 1038 3009 idem
1060 2971 1135 3007 Ur-

91 3022 205 3073 sinus,
231 3025 410 3074 fimulque
435 3025 534 3062 hunc
553 3024 668 3072 ipsum
685 3023 814 3061 Ovidii
834 3022 960 3060 locum
974 3050 984 3066 ,
1012 3022 1134 3070 quiex

93 3072 161 3130 ¹3³⁶
177 3077 249 3125 ipsa
267 3076 500 3126 inscriptione
521 3074 674 3113 mirifice
696 3074 886 3111 illustratur
908 3071 1135 3111 &emenda-

95 3131 152 3163 tur
170 3127 380 3167 feliciffime.
418 3128 501 3176 Ego
521 3127 609 3164 loco
630 3125 822 3174 diligenter
843 3125 1056 3162 examinato
1079 3123 1134 3159 vi-

96 3173 173 3213 deri
192 3178 280 3216 mihi
298 3190 375 3217 non
396 3178 601 3227 semipater‚
629 3187 699 3214 nec
720 3176 927 3224 semicaper,
953 3174 1012 3212 sed
1026 3180 1136 3210 Semo-

90 3234 190 3273 pater
206 3227 400 3276 legendum
432 3229 506 3277 ajo.
525 3238 605 3266 turn
626 3227 686 3265 ille
704 3254 714 3272 ,
753 3226 873 3270 reete,
901 3226 1040 3274 inquit,
1070 3236 1136 3272 pu-

98 3281 163 3313 tas.
198 3277 279 3315 Hac
295 3287 418 3317 autern
439 3278 596 3316 ducebar
614 3279 756 3316 ratione
769 3305 779 3321 ,
808 3275 912 3326 quod
932 3275 1102 3315 videbam
1117 3273 1137 3312 a

98 3321 214 3367 Poeta
234 3327 391 3368 secundo
412 3329 456 3368 ab
476 3330 551 3369 hoc
573 3329 675 3368 versu
695 3327 842 3377 subjici:

2066 571 2225 628 Hane

1308 708 1465 750 Nomina
1491 719 1592 749 terna
1605 713 1693 759 firo.

1179 784 1218 824 id
1235 785 1306 830 est,
1334 791 1484 822 Sancum
1498 813 1509 831 ‚
1539 786 1678 824 Fidium
1692 815 1704 831 ,
1732 786 1771 824 &
1791 792 1976 825 Semonem.
2004 788 2225 836 Semipatrem

1182 848 1274 874 vero
1302 838 1340 875 δε
1363 836 1596 886 Semicaprum
1627 849 1770 875 nomen
1797 849 1876 876 non
1907 837 1979 877 effe
2008 850 2124 877 nemo
2146 851 2225 877 non

1183 887 1298 925 videt.
1326 887 1430 936 Quid
1447 887 1576 936 plura?
1604 888 1771 927 Dubitari
1790 889 1872 926 sane
1885 917 1896 934 ,
1924 889 2043 939 inquit
2056 890 2133 935 ille,
2147 902 2226 928 non

1182 938 1322 986 potest,
1348 939 1438 988 quin
1468 938 1609 986 prorsus
1636 940 1705 984 ita,
1733 947 1774 977 ut
1799 947 1840 993 tu
1863 939 2004 984 censes,
2027 941 2228 989 legendum

1182 988 1238 1027 fit.
1274 989 1400 1027 Postea
1419 989 1539 1026 multo
1565 990 1752 1038 utrimque
1771 1017 1781 1033 ,
1818 998 1859 1027 ut
1878 992 1973 1028 inter
2002 994 2142 1029 amicos
2164 990 2230 1037 fit,

1182 1039 1309 1078 habito
1340 1039 1532 1084 sermone,
1559 1039 1646 1078 inde
1672 1039 1858 1079 discedens
1888 1040 1934 1080 ad
1956 1042 2149 1080 Muretum
2174 1042 2230 1080 di-

1182 1099 1312 1136 verto,
1341 1100 1382 1129 ut
1402 1089 1468 1138 ipsi
1485 1102 1567 1128 eam
1583 1119 1593 1135 ‚
1620 1102 1732 1141 quam
1764 1092 1926 1129 feceram
1949 1093 2226 1141 conjecturam,

1183 1154 1373 1191 quamque
1401 1141 1461 1179 ille
1489 1149 1683 1191 tantopere
1709 1141 1959 1190 probaverat,
1988 1155 2228 1192 exponerem.

1183 1204 1256 1241 qua
1275 1192 1458 1241 exposita,
1473 1192 1517 1238 is,
1536 1192 1691 1230 admoto
1712 1193 1755 1231 ad
1773 1204 1814 1230 os
1835 1192 1951 1242 digito
1968 1193 2086 1238 ,illico
2107 1194 2228 1232 osten-

1183 1244 1238 1281 dit
1255 1244 1347 1282 mihi
1370 1254 1452 1281 eam
1473 1243 1585 1292 ipsam
1605 1243 1856 1293 conjecturam
1878 1245 1913 1283 se
1935 1245 1972 1282 in
2002 1256 2068 1282 ora
2087 1245 2138 1283 T.
2163 1246 2229 1283 Li·

1181 1295 1232 1332 vii
1251 1294 1331 1332 libri
1352 1295 1482 1343 viginti
1500 1303 1584 1332 ante
1615 1306 1754 1339 annos,
1782 1305 1867 1332 cum
1889 1306 1976 1333 eum
1994 1295 2127 1334 librum
2146 1295 2228 1333 Ve-

1181 1345 1290 1383 netiis
1315 1344 1336 1382 {t
1367 1346 1404 1382 P.
1434 1345 1608 1383 Manutio
1636 1345 1739 1384 dono
1769 1343 1961 1395 accepisset
1980 1374 1991 1391 ,
2024 1344 2226 1385 annotaffe.

1180 1397 1307 1434 Locus
1325 1404 1449 1434 autern
1470 1396 1572 1434 Livii
1591 1395 1640 1433 est
1660 1396 1720 1435 hic
1750 1395 1770 1433 ὲ
1790 1397 1852 1435 lib.
1872 1409 1940 1435 nx.
1974 1401 2070 1435 Bona
2090 1398 2227 1435 semona·

1179 1452 1287 1484 Sanco
1307 1448 1506 1495 censuerunt
1536 1447 1773 1494 consecranda.
1829 1449 1921 1496 Quo
1945 1447 2033 1486 loco
2054 1449 2128 1486 hoc
2147 1459 2228 1486 arn-

1180 1498 1272 1547 plius
1294 1506 1486 1536 notaverat
1496 1497 1696 1548 Dionysius
1714 1498 1774 1535 lib.
1788 1499 2073 1546 1v.Augustinus
2095 1499 2140 1537 de
2160 1499 2228 1537 Ci-

1174 1550 1291 1588 vitate
1309 1549 1407 1593 Dei,
1429 1548 1598 1587 Lac‘tant.
1624 1548 1684 1586 lib.
1705 1561 1732 1586 1.
1762 1549 1888 1594 Silius,
1916 1549 2059 1594 Festus,
2086 1550 2228 1588 Plutar-

1177 1601 1289 1646 chus,
1317 1601 1355 1638 &
1386 1599 1610 1649 Fulgentius.
1671 1600 1781 1638 Hanc
1799 1608 1924 1638 autem
1947 1601 2225 1648 inscriptionem

1177 1652 1405 1701 alteramque
1425 1651 1555 1689 veteris
1570 1651 1718 1689 nummi
1739 1662 1823 1689 cum
1842 1651 1916 1690 hoc
1936 1651 2012 1700 ipso
2028 1651 2159 1689 Ovidii
2169 1651 2229 1689 10-

1180 1715 1251 1747 c0.
1277 1702 1512 1751 aliorumque
1540 1702 1758 1747 auctorum,
1785 1713 1880 1751 quae
1899 1701 2057 1740 mirifice
2082 1701 2232 1740 illustra-

1181 1755 1234 1792 vit
1254 1754 1406 1798 omnia,
1432 1753 1535 1791 idem
1558 1752 1710 1791 Urfinus
1733 1754 1771 1791 in
1791 1754 1879 1798 suo,
1904 1765 2018 1803 quem
2039 1753 2084 1792 de
2105 1753 2230 1790 Fami-

1177 1804 1236 1843 liis
1256 1806 1517 1844 Romanorum
1547 1803 1721 1852 inscripsit
1743 1831 1754 1849 ‚
1793 1804 1831 1841 δί
1850 1815 1950 1842 anno
1969 1804 2100 1841 abhinc
2116 1804 2227 1842 tertio

1181 1856 1295 1895 edidit
1310 1856 1425 1901 ‚libro
1444 1855 1606 1894 adduxit.
1633 1855 1707 1892 Ubi
1729 1852 1981 1900 testatur,effe
2001 1854 2231 1893 doffiffimos

1181 1907 1363 1958 quosdam
1384 1907 1481 1945 viros
1495 1934 1505 1951 ‚
1528 1906 1592 1956 qui
1615 1905 1710 1954 apud
1730 1905 1912 1944 Ovidium
1935 1917 2004 1950 eo,
2032 1917 2109 1954 quo
2130 1905 2231 1949 dixi.

1183 1958 1302 1997 modo
1324 1957 1522 2008 legendum
1542 1956 1772 1995 arbitrentur.¹
1805 1957 1973 2006 Uterque
1999 1957 2038 1994 &
2059 1956 2230 1995 Muretus

1183 2010 1222 2047 &
1241 2009 1394 2048 Urfinus
1417 2008 1490 2046 Dei
1509 2007 1693 2046 beneficio
1711 2008 1867 2052 vivunt,
1896 2008 1960 2056 qui
1984 2018 2045 2044 me
2063 2018 2111 2044 ne
2123 2018 2232 2045 men-

1183 2060 1277 2098 dacii
1295 2058 1447 2111 quidem
1468 2058 1670 2107 suspicione
1687 2057 1852 2106 redargui
1871 2056 1972 2106 poffe
1993 2057 2120 2095 sciunt.
2157 2056 2231 2096 Sed

1183 2111 1315 2149 oblitus
1348 2121 1447 2148 eram
1471 2137 1482 2154 ,
1517 2109 1554 2147 id
1582 2108 1685 2159 quod
1710 2109 1890 2157 principio
1921 2109 1997 2145 fere
2025 2106 2228 2146 dicendum

1184 2162 1276 2206 fuit,
1303 2160 1477 2199 Urfinum
1501 2160 1619 2198 multo
1639 2167 1724 2197 ante
1744 2170 1858 2208 quam
1875 2158 2008 2196 librum
2032 2158 2232 2206 publicaret

1184 2212 1289 2250 suum
1318 2210 1489 2250 indicaffe
1521 2211 1637 2254 mihi,
1667 2211 1766 2249 hunc
1799 2209 1915 2258 ipsum
1950 2209 2080 2247 Ovidii
2101 2209 2230 2247 locum

1185 2261 1207 2300 a
1228 2263 1387 2312 josepho
1408 2262 1591 2311 Scaligero
1620 2262 1657 2299 in
1687 2260 1934 2310 conjecimus
1963 2261 2000 2298 in
2020 2260 2230 2298 Varronem

1187 2313 1234 2352 de
1260 2315 1405 2363 Lingua
1431 2314 1562 2351 Latina
1583 2312 1649 2350 suis
1668 2311 1797 2350 decem
1818 2319 1903 2350 ante
1922 2322 2038 2349 annos
2057 2309 2233 2348 emenda·

1186 2372 1266 2403 tum
1286 2363 1400 2403 fnilse.
1428 2366 1534 2401 Haec
1546 2364 1648 2401 volui
1663 2390 1673 2406 ,
1699 2374 1746 2400 ne
1766 2361 1853 2400 effes
1868 2362 2006 2400 nescius
2023 2361 2163 2404 lector,
2191 2367 2231 2397 ut

1187 2427 1252 2460 ea,
1285 2426 1397 2464 qnam
1427 2417 1583 2464 quisque
1611 2413 1719 2451 debet
1739 2440 1749 2457 ,
1784 2412 1892 2450 laude
1915 2412 2069 2449 minime
2089 2409 2234 2447 fraude·

1186 2475 1256 2504 tur.
1290 2467 1458 2503 CioFAN.
1498 2464 1671 2511 Joseplius
1691 2463 1848 2510 Scaliger
1867 2462 1912 2499 ad
1935 2462 2039 2499 Varr.
2056 2460 2102 2499 de
2124 2459 2229 2499 L.L.

1186 2527 1267 2562 pag.
1291 2527 1347 2562 32.
1382 2515 1527 2558 mallet,
1556 2519 1620 2550 An
1639 2512 1704 2550 tibi
1723 2517 1815 2549 Semo
1838 2521 1947 2561 pater.
1991 2512 2082 2550 Non
2104 2509 2214 2550 suade

1186 2566 1376 2615 Inscriptio
1400 2565 1577 2603 Reatina:

1392 2624 1746 2665 SEMIPATRI
1800 2621 2026 2662 SANCO.

1187 2698 1365 2736 ΝεΑροι.
1402 2695 1524 2733 Multa
1544 2694 1588 2733 de
1607 2696 1681 2732 hoc
1698 2692 1852 2731 numine
1868 2688 2111 2728 commentati
2130 2687 2233 2726 fuere

1187 2750 1255 2787 viri
1276 2748 1400 2791 (loeti,
1420 2746 1480 2784 sed
1501 2746 1607 2784 initio
1627 2745 1812 2783 literarum
1825 2741 2089 2779 renascentium
2118 2749 2233 2788 quam

1188 2800 1383 2837 infeliciter
1418 2797 1604 2835 docebunt
1645 2804 1755 2832 notae
1794 2793 1962 2830 Merulae
1992 2791 2037 2829 ad
2068 2790 2151 2828 Lib.
2180 2801 2235 2826 ιν.

1191 2849 1291 2887 Pont
1313 2861 1367 2887 iv.
1391 2860 1447 2896 32·
1478 2847 1630 2885 meliora
1662 2846 1797 2882 dabunt
1826 2843 1952 2880 Castal.
1974 2855 2036 2880 111.
2066 2840 2153 2878 Obs.
2178 2852 2235 2877 10.

1192 2900 1351 2937 Tristan.
1373 2908 1468 2936 tom.
1499 2910 1561 2934 111.
1592 2908 1671 2945 pag.
1695 2896 1777 2944 368.
1804 2896 1842 2932 Sc
1862 2894 1933 2932 alii.
1954 2894 2013 2930 De
2032 2892 2158 2940 Justini
2181 2901 2236 2927 er-

1192 2962 1274 2987 rore
1296 2979 1306 2995 ‚
1334 2951 1396 2999 qui
1414 2948 1590 2986 nobilem
1621 2948 1715 2984 lianc
1747 2945 2020 2993 inscriptionem
2044 2943 2089 2980 ad
2117 2943 2241 2985 Simoff

1192 3013 1279 3039 nem
1305 3002 1459 3048 Magum
1480 2999 1624 3043 retulit,
1653 2998 1780 3035 omnia
1803 3009 1822 3034 a
1844 2996 1929 3032 viris
1948 2994 2065 3032 doc'tis
2093 2989 2234 3029 excussa

1192 3051 1294 3094 sunr3
1324 3061 1483 3101 quorum
1514 3060 1689 3098 magnum
1712 3058 1911 3085 numerum
1943 3045 2039 3094 apud
2068 3041 2169 3080 Voss.
2189 3041 2235 3078 de

1191 3102 1361 3140 Idololat.
1381 3097 1874 3149 1.12.IttigiumDiffert.de
1888 3095 2136 3133 Haerefiarch.
2157 3102 2237 3150 pag.

1194 3163 1253 3198 27.
1281 3154 1319 3190 &
1352 3153 1382 3200 J.
1405 3154 1452 3190 A.
1475 3152 1611 3189 Fabric.
1634 3152 1670 3188 in
1700 3150 1828 3187 codice
1850 3146 2081 3196 Apocrypho
2116 3143 2164 3180 N.
2194 3143 2236 3178 1.

1193 3213 1287 3241 tom.
1305 3216 1332 3241 1.
1355 3214 1434 3253 pag.
1456 3214 1539 3250 419.
1568 3202 1734 3250 reperies.
1757 3200 1887 3237 Bonn.
2079 3233 2081 3235 ,

1246 3270 1330 3307 216.
1361 3268 1515 3305 Nomina
1534 3266 1674 3315 terna.]
1722 3265 1829 3301 Trina
1860 3262 2023 3313 quinque
2044 3257 2170 3303 scripti.
2198 3260 2237 3290 ut

1192 3320 1252 3360 lib.
1265 3332 1299 3358 v.
1324 3321 1404 3366 146.
1435 3317 1505 3354 Vici
1527 3317 1674 3355 numina
1686 3316 1782 3354 trina
1803 3313 1927 3351 colunt.
1955 3317 2099 3347 Trmum
2115 3311 2240 3391 Fogtzm

1376 3370 1469 3408 Ccc
1498 3380 1520 3406 2
2203 3363 2242 3398 at
