2495 3675
215 183 320 258 728

759 183 820 240 P.
892 176 1313 241 OVIDII
1386 170 1918 231 NASONIS

523 283 638 338 Nos
662 284 850 342 habeat
882 287 1060 357 regin,
1098 298 1197 336 nee
1221 294 1388 350 pomo
1410 275 1588 337 foeta,
1625 291 1727 330 nec
1753 274 1901 338 uvis;

600 355 673 411 Et
701 360 847 431 cujus
873 363 1071 413 nullum
1099 351 1257 407 cesset
1280 352 1345 405 ab
1374 348 1522 403 hoste
1551 349 1700 401 latus.

385 448 447 501 ις

522 428 723 485 Cetera
756 435 814 486 sit
840 432 1009 502 sospes
1035 427 1306 480 cultorum
1331 421 1484 476 turba
1511 435 1762 484 tuorum3

603 503 659 559 ln
685 505 874 577 quibus
891 540 906 563 ,
949 516 1006 554 ut
1034 498 1235 571 populo
1256 541 1268 558 ,
1306 513 1422 567 pars
1449 511 1553 564 ego
1578 510 1738 574 parva
1763 492 1858 548 fui.

532 573 635 631 Me
660 579 906 630 miserum
925 612 939 634 ,
977 572 1014 626 fi
1037 586 1095 625 tu
1120 570 1292 625 verbis
1317 566 1606 622 offenderis
1637 565 1770 620 istis:

606 649 826 718 Nosque
853 663 1013 717 negas
1042 645 1145 699 ulla
1172 656 1320 715 parte
1350 639 1500 694 fuisse
1529 641 1676 693 tuos!

537 720 704 791 quue
729 719 788 773 fit
816 732 873 774 ut
898 736 1114 780 verum,
1154 715 1384 770 mentito
1409 711 1686 785 ignoscere
1715 710 1894 768 debeS.

391 812 460 851 20

606 793 697 846 Nil
721 791 892 847 demit
916 791 1060 846 laudi
1084 789 1250 861 gloria
1276 786 1453 843 nostra
1483 801 1623 840 tuae.

532 866 672 939 Quis
699 865 750 919 se
776 863 1084 919 Caesaribus
1113 863 1254 916 notis
1276 877 1387 915 non
1411 859 1562 930 fingit
1588 858 1819 914 amicum
1839 859 1876 911 ?”

608 938 692 992 Da
719 939 931 993 veniam
960 934 1120 997 faff03
1163 948 1221 989 tu
1245 933 1377 988 mihi
1403 932 1596 986 Caesar
1621 931 1738 985 eriS.

530 1012 650 1067 Nec
677 1025 856 1064 tamen
882 1011 1152 1081 irrumpO,
1188 1024 1301 1080 quo
1325 1022 1436 1060 non
1459 1006 1584 1059 licet
1609 1005 1712 1057 ire:
1750 1003 1975 1077 satisque
1999 1004 2125 1070 est,

607 1084 761 1138 Atria
786 1083 824 1136 fi
845 1082 1002 1138 nobis
1030 1098 1142 1136 non
1168 1078 1388 1153 patuiss'e
1412 1094 1586 1148 negas,

385 1175 454 1225 25
532 1155 717 1227 thue
747 1155 842 1209 tibi
870 1154 1030 1210 fuerit
1060 1171 1275 1209 mecum
1301 1152 1429 1207 nihil
1457 1149 1733 1232 amplius3·
1751 1167 1864 1204 uno

607 1230 818 1300 Nempe
843 1228 1104 1291 salutaris,
1145 1243 1306 1299 quam
1331 1224 1504 1293 prim,
1543 1240 1638 1275 ore
1664 1240 1857 1279 minus,

532 1302 651 1357 Nec
678 1315 798 1355 tuus
826 1300 900 1354 est
925 1302 1136 1372 genitor
1162 1316 1258 1353 nos
1287 1295 1548 1350 inficiatus
1574 1295 1774 1349 amicos
1792 1334 1809 1359 ,

605 1374 874 1429 Hortator
900 1374 1054 1427 studii
1081 1412 1097 1436 ,
1135 1369 1443 1442 cauflaque,
1469 1369 1666 1440 faxque
1693 1368 1820 1423 mei.

534 1447 641 1503 Cui
667 1465 768 1502 nos
795 1446 850 1499 δε
873 1447 1136 1508 lacrimas,
1178 1444 1483 1514 supremum
1507 1441 1560 1494 in
1589 1440 1781 1495 funere
1808 1457 2050 1509 munu82,

385 1526 458 1590 ,30

605 1519 676 1574 Et
704 1519 950 1574 dedimus
975 1519 1159 1573 medio
1185 1516 1377 1586 scripta
1403 1512 1642 1568 canenda
1666 1513 1806 1568 foro,

535 1593 701 1649 Adde
726 1593 875 1664 quod
900 1592 975 1646 est
997 1592 1160 1646 frater
1186 1603 1337 1644 tanto
1362 1587 1457 1641 tibi
1484 1585 1694 1657 junthus
1723 1604 1938 1653 amore,

606 1668 853 1748 Quantus
878 1665 933 1721 in
960 1664 1165 1727 Atridis
1188 1660 1628 1744 Tyndaridisque
1653 1658 1770 1718 fuit.

2355 1789 2422 1847 Is*

241 1930 454 1972 Horatium.
479 1941 544 1968 111.
577 1929 653 1969 Od.
675 1943 702 1969 1.
720 1930 873 1971 Hiems.
902 1930 988 1970 Lib.
1005 1941 1060 1969 vr.
1080 1931 1175 1969 Met.
1197 1928 1287 1978 692.
1338 1926 1401 1967 hic
1413 1924 1680 1966 essehonestam
1694 1925 1925 1965 locutionem
1941 1923 2390 1971 ,utilia-TerentiiAndr.

239 1985 302 2034 qui
328 1994 438 2018 terras
458 1981 627 2030 grandine
645 1980 752 2030 pulso.

295 2043 356 2082 13.
383 2040 451 2069 Nec
471 2033 576 2079 pomis
600 2038 698 2079 foeta
722 2046 780 2070 nec
800 2033 923 2081 uvis.]
972 2032 1111 2070 Sarrav.
1134 2032 1287 2080 Argent.

240 2085 363 2134 prima·
383 2083 486 2120 Med.
508 2083 629 2120 Fesch.
653 2085 833 2132 multique
856 2085 914 2121 alii
939 2110 949 2127 ,
985 2092 1093 2131 pomo,
1123 2085 1161 2119 ὃ(
1185 2083 1289 2120 versu

238 2137 441 2184 proximo,
471 2134 558 2181 cesset
591 2146 656 2181 pro
693 2135 786 2181 ceffat
812 2134 994 2171 meliores.
1029 2135 1173 2170 Heius.
1227 2134 1290 2170 An

240 2185 416 2233 scripserit
437 2212 448 2229 ,
476 2197 534 2220 nec
557 2194 653 2233 pomo
684 2184 788 2222 laeta.
811 2185 886 2223 vid.
913 2197 944 2223 1.
980 2184 1167 2221 Fast.661.
1184 2183 1292 2234 pomis

246 2245 332 2286 apta
354 2237 462 2284 prim.
481 2235 548 2271 Ed.

298 2298 356 2334 ις.
389 2284 616 2334 cultorum]
645 2285 815 2323 Sociorum
836 2286 977 2323 Moreti
1002 2287 1039 2323 ὅ(
1062 2286 1165 2323 alius.

296 2340 354 2374 16.
383 2342 425 2372 Ut
447 2335 602 2386 popula]
662 2342 701 2372 In
729 2350 876 2385 quorum
903 2337 1017 2386 populo
1044 2337 1187 2382 Junian.
1215 2335 1292 2374 vid.

250 2386 408 2428 1.Trist.
431 2396 463 2425 1.
492 2399 546 2433 17.
570 2397 651 2436 pars
673 2400 725 2434 ego
748 2401 876 2435 magna
900 2387 1213 2435 Excerpt.Voffii.

300 2438 356 2476 18.
386 2437 562 2486 Nosque]
594 2443 719 2487 Meque
740 2450 840 2487 negas
859 2437 935 2475 ulla
958 2448 1056 2488 parte
1068 2437 1168 2487 fuisse
1188 2447 1291 2474 tuum

243 2489 284 2528 Ρ.
308 2490 404 2527 Dan.
427 2488 582 2526 Moreti.

300 2564 356 2599 19.
385 2558 493 2602 thue
507 2552 554 2603 fit
584 2553 645 2590 hoc
665 2552 832 2602 verum]
888 2553 1030 2591 Vetusti
1057 2552 1160 2597 libri,
1189 2553 1297 2602 quue

239 2599 286 2649 sit
313 2612 351 2638 ut
372 2618 506 2640 verum.
537 2605 706 2641 CrorAN.
738 2605 843 2653 quue
859 2603 903 2653 fit
925 2615 964 2640 ut
982 2617 1106 2640 verum
1120 2604 1296 2653 plerique.

246 2651 422 2705 quidam,
451 2660 559 2703 thue
581 2654 629 2704 fit
660 2655 699 2691 id
728 2668 865 2691 verum.
914 2655 1071 2698 Malim,
1101 2654 1164 2691 Sed
1188 2653 1236 2701 fit
1256 2665 1297 2692 ut

246 2700 286 2737 ad
309 2716 445 2743 verum.
480 2706 623 2744 Hnms.
670 2705 778 2754 Epist.
801 2717 899 2743 xvir·
925 2717 1008 2745 121.
1045 2710 1154 2756 thue
1165 2704 1214 2755 fit
1234 2704 1294 2742 hoc

248 2765 386 2790 verum.

302 2814 363 2840 21.
393 2809 521 2841 Notum
555 2819 622 2843 non
645 2806 749 2855 fingit
771 2806 964 2856 amicum]
1019 2813 1135 2844 Notus
1164 2806 1296 2854 scripti.

249 2849 443 2890 Dillichon
469 2858 577 2893 etiam
610 2859 683 2895 hoc
714 2857 760 2894 est
791 2869 838 2894 ex
869 2858 999 2895 dubiae
1029 2857 1113 2895 fidei
1136 2857 1294 2905 pluribus

251 2914 382 2939 unum.
417 2905 561 2942 Herus.
590 2908 677 2944 Non
692 2908 849 2945 multum
873 2909 990 2955 placet
1010 2908 1084 2945 hoc
1096 2908 1293 2953 distichon,

249 2952 366 2990 sensus
389 2963 509 2992 tamen
527 2958 657 2995 melior
677 2959 744 2995 erit
758 2986 767 3002 ‚
782 2957 805 2995 si
826 2970 909 2996 cum
928 2959 1112 2996 Vaticano
1126 2986 1136 3003 ‚
1149 2958 1294 2995 Vossia-

251 3013 304 3039 no
326 3007 360 3039 t«
386 3004 526 3059 Fragm.
541 3007 701 3045 Boxhor.
725 3009 845 3057 legas,
868 3008 1177 3047 notis.utfitordo
1193 3010 1294 3057 ,quis

249 3063 328 3090 non
353 3052 454 3109 fingit
481 3055 513 3092 se
534 3059 695 3094 amicum
727 3059 936 3096 Caesaribus
958 3059 1052 3106 apud
1075 3066 1188 3097 'notos
1213 3060 1294 3098 suos

251 3104 290 3146 ὃς
316 3114 470 3142 amicos.
495 3117 533 3141 tu
555 3108 640 3143 mihi
661 3109 787 3154 Caesar
806 3121 879 3144 eras
901 3109 1047 3157 plurimi
1066 3109 1195 3157 scripti.

300 3179 360 3216 23.
389 3169 544 3220 Satisque
572 3172 722 3221 Arna]
771 3174 892 3211 Vatic.
922 3174 1081 3223 Satisque
1107 3175 1150 3220 est
1169 3177 1302 3216 Atria..

249 3216 340 3265 Quo
361 3220 476 3257 modo
499 3219 693 3257 necessario
716 3223 911 3270 legendum
937 3224 995 3261 est.
1019 3226 1188 3263 CJOFAN.

298 3281 356 3323 μς.
388 3276 495 3325 thue
513 3271 576 3307 tibi
595 3274 766 3320 mecum]
806 3273 935 3310 Editor
957 3275 1015 3311 ille
1040 3276 1163 3313 nescio
1185 3278 1288 3325 quis,

242 3327 306 3371 qut
323 3330 422 3362 noetis
443 3321 626 3375 variorum
648 3321 754 3362 nobis
775 3327 919 3363 ornavit
943 3325 1127 3365 Ovidium
1142 3353 1154 3374 ,
1181 3337 1295 3371 notat.

1343 1992 1392 2017 11.
1416 1992 1442 2015 1.
1479 1991 1565 2014 num
1603 1977 1799 2028 quidquam
1821 1978 1968 2027 amplius
1991 1976 2056 2014 tibi
2084 1991 2162 2014 cum
2195 1978 2258 2015 illa
2282 1978 2386 2024 fuit?

1344 2029 1444 2079 quasi
1465 2027 1601 2076 aliquid
1624 2028 1794 2076 turpiculi
1817 2029 1878 2065 sub
1899 2029 1956 2066 illa
1969 2029 2108 2066 lateret.
2134 2028 2193 2066 sed
2218 2028 2394 2067 usitatiffi-

1346 2093 1407 2118 ma
1427 2080 1568 2117 locutio
1590 2078 1765 2116 Ciceroni
1785 2079 1821 2116 ὃς
1841 2081 1917 2117 aliis
1937 2079 1981 2116 de
2003 2079 2247 2117 familiaritate
2269 2080 2400 2118 &usu-⁴

1348 2131 1421 2169 vid.
1460 2131 1605 2167 Manut.
1629 2129 1674 2166 ad
1695 2130 1815 2167 Cicer.
1838 2142 1873 2168 v.
1902 2130 1991 2167 Ver.
2014 2143 2070 2177 52.
2100 2132 2136 2168 ὅ(
2159 2131 2328 2168 Gronov.
2346 2130 2392 2167 ad

1348 2182 1462 2219 Plaut.
1494 2179 1614 2217 Cafin.
1646 2192 1776 2217 11.·11.·
1800 2191 1856 2229 13.
1908 2191 2014 2230 utque
2038 2181 2128 2218 mihi
2157 2192 2268 2218 tecum
2300 2191 2392 2218 unus

1343 2231 1470 2269 Heins.
1492 2230 1622 2266 BuRM.

1396 2281 1456 2319 28.
1484 2280 1598 2317 studii
1620 2279 1790 2331 causaque
1802 2283 1939 2330 faxque
1961 2280 2066 2329 mei.]
2114 2282 2245 2319 Malim
2263 2310 2271 2325 ,
2301 2281 2394 2318 dux-

1346 2347 1429 2385 que..
1449 2343 1536 2370 narn
1556 2332 1593 2369 in
1615 2331 1851 2377 Combiano,
1872 2332 1962 2379 fixa.
1990 2332 2050 2369 lib.
2071 2345 2114 2369 11.
2143 2333 2246 2381 Eleg.
2272 2345 2335 2370 111.

1399 2401 1540 2440 Primus
1558 2411 1597 2437 ut
1619 2401 1781 2438 auderem
1803 2400 2014 2437 committere
2033 2400 2193 2437 carmina
2206 2401 2332 2448 famae

1450 2452 1616 2502 Impulit.-
1638 2452 1767 2501 ingenii
1787 2452 1860 2488 dux
1872 2452 1948 2496 fuit
1965 2449 2022 2487 ille
2047 2451 2124 2488 mei.

1353 2520 1499 2557 HEINS.
1531 2520 1710 2556 Laudator
1724 2517 1832 2564 studii
1851 2527 1958 2554 unus.

1408 2581 1467 2618 30.
1496 2570 1613 2606 Medio
1625 2570 1758 2619 scripta
1779 2567 1935 2604 canenda
1949 2564 2070 2615 fhrm]
2117 2566 2249 2604 Forsan
2270 2565 2398 2617 legen-⁸

1353 2620 1441 2658 dum
1459 2649 1468 2663 ,
1495 2621 1605 2658 medio
1628 2622 1758 2669 scripta
1793 2619 1947 2655 canenda
1976 2631 2073 2665 rogo,
2104 2619 2185 2662 vel,
2213 2629 2294 2656 toro.
2321 2621 2397 2658 hoc

1352 2672 1400 2709 est
1447 2673 1594 2709 feretro.
1635 2682 1713 2707 non
1748 2671 1836 2717 soro.
1872 2669 1917 2706 de
1958 2667 2128 2716 epicedio
2172 2670 2270 2706 enim
2310 2672 2395 2718 agit.

1351 2724 1495 2760 Heius.
1526 2721 1807 2759 Delaudatione
1821 2720 1964 2757 funebri
1977 2721 2070 2766 capit
2085 2719 2242 2756 Merula.
2267 2719 2324 2758 sed
2345 2732 2391 2759 an

1351 2773 1410 2810 iila
1423 2772 1643 2811 carminibus
1658 2772 1778 2820 peragi
1799 2771 1928 2808 soleret
1948 2769 2082 2807 nescio.
2109 2771 2291 2817 quarehic
2305 2783 2389 2809 cum

1350 2823 1519 2860 Francos.
1542 2824 1578 2860 δε
1599 2822 1741 2860 duobus
1762 2821 1836 2858 aliis
1858 2822 1928 2868 legi
1948 2817 2084 2867 posset,
2106 2821 2235 2868 scripta
2256 2820 2395 2870 legenda

1341 2876 1444 2919 foro,
1474 2883 1512 2912 ut
1535 2873 1693 2911 Ovidius
1727 2871 1976 2919 composuerit
2004 2869 2255 2908 laudationem
2289 2874 2395 2909 fune-

1351 2924 1476 2968 brem,
1511 2935 1622 2972 quam
1657 2935 1703 2961 ex
1743 2923 1906 2970 cognatis
1935 2921 2062 2969 aliquis
2094 2922 2319 2960 recitaverat.
2354 2931 2396 2960 ut

1350 2977 1464 3012 moris
1483 2974 1585 3012 fuisse
1607 2983 1705 3022 patet
1725 2985 1768 3010 ex
1791 2973 1909 3009 Cicer.
1924 2984 1969 3008 11.
1991 2972 2036 3008 de
2060 2971 2164 3008 Orat.
2185 2971 2245 3019 83.
2274 2973 2401 3011 unae}

1351 3027 1483 3074 Quint.
1511 3025 1567 3062 Fr.
1589 3025 1623 3062 8.
1647 3023 1926 3061 xt11.adAttic.
1950 3033 2008 3070 37.
2036 3021 2189 3057 Sueton.
2209 3022 2310 3059 Caes.
2335 3037 2398 3071 ςς.

1351 3078 1388 3113 &
1416 3076 1504 3113 aliis.
1540 3076 1678 3124 reliqua
1701 3103 1711 3118 ,
1751 3085 1846 3122 quae
1881 3074 2099 3110 concinnata
2138 3082 2182 3106 ex
2217 3072 2317 3121 hle-g.
2351 3087 2398 3113 11.

1355 3137 1435 3175 134
1466 3127 1576 3163 medio
1609 3139 1683 3173 rogo
1704 3126 1761 3162 vel
1792 3125 1888 3160 thoro
1907 3150 1917 3166 ‚
1947 3133 2021 3158 non
2052 3118 2191 3166 possum
2225 3126 2394 3170 probare:

1348 3188 1435 3214 nam
1457 3178 1545 3225 quid
1569 3176 1615 3213 cst
1633 3204 1643 3220 ,
1672 3175 1804 3211 medius
1826 3180 1947 3220 rogus?
1979 3170 2108 3206 medius
2130 3175 2271 3210 torusin
2290 3186 2397 3212 amo-

1348 3229 1442 3264 ribus
1472 3227 1573 3275 saepe
1597 3227 1780 3266 occurrit,
1806 3222 1863 3259 sed
1887 3222 1957 3258 alio
1995 3222 2105 3268 longe
2135 3222 2232 3260 sensu
2249 3252 2259 3266 ‚
2279 3227 2316 3261 ὅ(
2338 3237 2400 3263 ac-

1346 3278 1654 3320 commodatiori,
1676 3275 1720 3311 de
1741 3284 1825 3311 toro
1840 3273 1912 3314 ,in
1934 3283 2013 3321 quNo
2033 3282 2196 3310 amantes
2218 3285 2398 3312 concum-

1346 3328 1462 3375 bunt,
1496 3339 1607 3378 quam
1631 3326 1677 3364 de
1702 3323 1867 3371 funebri,
1895 3324 1933 3361 in
1953 3333 2029 3372 quo
2053 3322 2207 3363 cadaver
2226 3325 2342 3375 jacet:
2365 3325 2406 3364 ἐἴ

2205 3402 2209 3406 -
2267 3388 2399 3414 canen..
