2495 3675
549 189 1185 268 TRISTIUM
1255 164 1555 246 Lmqr.
1635 191 1918 251 Emer.

378 296 466 352 Da
493 297 620 352 mihi
637 296 997 358 Maeoniden,
1037 291 1092 345 &
1119 300 1200 344 tot
1226 285 1574 357 circumspice
1599 287 1777 351 casus;

447 369 727 442 Ingenium
751 370 907 424 tantis
931 364 1147 422 excidet
1171 379 1332 416 omne
1359 360 1521 416 malis,

375 442 628 515 Denique
663 444 875 498 securus
901 439 1103 499 farna‘e,
1147 435 1346 497 Liber,
1383 433 1460 488 ire
1485 444 1794 495 mement03

448 515 564 571 Nec
590 516 687 571 tibi
710 515 768 569 fit
795 513 933 568 lecio
959 507 1273 580 displicuisse
1298 506 1490 578 pudor.

374 588 500 644 Non
530 590 602 644 ita
629 589 680 642 se
703 585 856 641 nobis
883 583 1099 656 praebet
1126 581 1363 635 Fortuna
1386 579 1703 643 secundam,

444 662 521 716 Ut
547 661 639 715 tibi
672 659 731 713 fit
756 658 891 712 ratio
916 655 1082 712 laudis
1107 653 1347 707 habenda
1372 666 1508 707 tuae.

375 734 568 789 Donec
593 751 737 787 eram
765 731 966 802 sospeS,
1005 727 1143 783 tituli
1168 725 1418 797 tangebar
1446 743 1657 788 amore;

450 804 873 877 Quaerendique
899 802 1029 857 mihi
1053 799 1282 854 nominis
1308 799 1467 852 ardor
1493 811 1619 852 erat.

233 899 296 948 55
370 879 622 934 Carmina
647 895 786 932 nunc
812 876 850 930 fi
878 894 987 930 non
1012 872 1382 944 studiumque,
1421 871 1566 943 quod
1595 869 1800 934 obfuit,
1840 869 1932 925 odi
1955 908 1971 934 ,

446 951 524 1006 Sit
549 952 678 1005 satis.
719 949 936 1021 ingenio
964 948 1032 1002 sic
1059 945 1184 1016 fuga
1221 957 1368 1016 parta
1401 962 1542 998 meo,

2141 205 2249 260 447

235 533 302 584 50

376 1025 399 1079 1
427 1039 630 1088 tamen,
666 1042 714 1085 1,
753 1040 853 1094 pro
880 1039 966 1075 me
993 1034 1081 1082 tu,
1116 1022 1202 1072 cui
1231 1018 1383 1079 licet,
1421 1016 1631 1088 adspice
1653 1016 1905 1071 Romam.

447 1097 518 1150 Di
542 1097 810 1158 facerent,
849 1093 1050 1166 possem
1075 1108 1218 1146 nunc
1243 1107 1392 1144 meus
1421 1087 1524 1143 effe
1549 1089 1693 1143 liber.

372 1171 489 1225 Nec
517 1183 570 1223 te
591 1214 602 1231 ‚

231 1249 299 1298 60

135 1467 193 1506 49.
221 1462 359 1494 Securus
371 1452 525 1503 samaa]
547 1454 798 1502 Contemptor
815 1451 927 1490 laudis
946 1451 1126 1490 nominis-

84 1519 157 1557 que
177 1508 411 1552 celebritatis,
437 1506 574 1543 famam
595 1505 758 1553 neglige:
786 1515 834 1542 ne
854 1512 957 1542 tuere
974 1503 1126 1541 famam.

89 1559 260 1596 CIOFAN.

138 1622 195 1656 51.
223 1615 377 1646 Fortuna
391 1604 619 1656 fhcundam]
649 1605 689 1642 ln
712 1605 828 1653 prim-a
850 1603 1015 1642 editione
1036 1612 1127 1649 erat,

77 1662 208 1706 feram.
229 1661 323 1697 forte
344 1670 409 1707 pro
438 1658 590 1705 serenam
622 1656 841 1705 conjiciebat
864 1654 1057 1699 Heinfius;
1087 1664 1128 1693 ut

83 1711 150 1748 inf.
177 1711 278 1758 Eleg.
298 1723 350 1747 xv.
381 1711 487 1745 Vultu
505 1707 593 1744 ridet
620 1707 763 1749 fortuna
789 1708 916 1756 [breno.
938 1705 1078 1755 praebet
1095 1707 1126 1750 f.

76 1761 228 1810 secunda
249 1761 356 1798 Palat.
370 1760 407 1797 ὅ(
420 1758 567 1808 praestat
587 1758 697 1796 etiam
721 1757 805 1795 duo.
830 1758 867 1795 ὃ(
881 1784 891 1801 ,
904 1766 942 1793 ut
960 1756 1050 1793 mihi
1062 1755 1125 1805 fit,

86 1811 254 1850 Bernens.
276 1813 424 1849 Putean.
446 1812 483 1847 &
503 1810 668 1858 quinque
692 1809 762 1845 alii.

139 1874 198 1910 53.
224 1868 339 1900 Donec
368 1874 462 1898 eram
484 1862 590 1908 [ostes
614 1888 624 1902 ,
671 1858 770 1895 tituli
796 1856 962 1906 tangebar
989 1871 1126 1902 amore,

84 1913 350 2000 {Qzaerendique
374 1911 465 1950 mihi
481 1910 629 1948 nominis
639 1909 742 1947 ardor
764 1910 878 1960 eran]
906 1909 992 1948 Lib.
1014 1921 1050 1948 v.
1078 1910 1128 1947 E-

101 1975 156 2013 eg.
177 1976 248 2001 xxr.

188 2033 235 2065 Et
250 2030 427 2076 saecunda
440 2028 528 2075 facit
543 2031 676 2077 peblora
697 2027 810 2065 laudis
829 2040 938 2064 amor.

135 2079 299 2118 Nominis
317 2082 495 2127 &famae
515 2080 690 2129 quondam
707 2080 839 2127 fulgore
860 2075 1048 2122 trahebar,

183 2136 284 2168 Dum
303 2131 387 2168 tulit
405 2143 576 2168 antennas
595 2143 683 2167 aura
696 2129 851 2179 secunda
871 2142 975 2165 meas.

44 2203 52 2212 ¹
93 2196 265 2235 Cronia.
293 2192 471 2240 Tangebar
490 2192 611 2229 honore
641 2193 739 2239 Junii
760 2192 796 2228 ὃς
824 2200 893 2228 tres
912 2189 984 2227 alii.
1013 2188 1128 2229 tituli,

90 2246 254 2295 tangebar
279 2244 406 2283 amoris
426 2243 594 2281 ssernens.
617 2255 729 2286 mox,
751 2252 795 2281 ω’
817 2240 907 2279 mihi
925 2240 1126 2290 quaerendi,

83 2296 207 2336 PataV.
916 2309 924 2313 ’

138 2361 196 2396 ςς.
225 2346 397 2384 Carmina
417 2343 685 2394 nuncfimulo.]
732 2342 911 2381 Infimulo
938 2353 1059 2385 nunc,
1089 2341 1127 2379 &

87 2399 240 2442 accuso,
268 2409 311 2436 ac
332 2397 507 2434 criminor
534 2395 706 2432 carmina.
734 2403 795 2431 aut
817 2393 917 2440 fingo
947 2394 1037 2429 haec
1057 2391 1127 2429 esse

90 2450 272 2492 carmina,
299 2459 414 2496 quum
447 2445 631 2482 non'sint.
658 2444 758 2492 quasi
789 2444 905 2480 dicat:
935 2443 1024 2480 Non
1047 2443 1128 2490 pos-

36 2516 38 2518 ·
89 2499 166 2536 surn
188 2500 306 2536 facere
325 2497 465 2545 optima
484 2495 643 2532 carmina
659 2521 668 2537 ,
697 2496 734 2530 ὃς
753 2501 878 2530 tamen
893 2503 933 2529 ea
952 2493 987 2530 in
1004 2493 1128 2531 lucem

38 2590 41 2596 ¹
93 2551 225 2587 emitto
244 2556 419 2596 tanquam
444 2546 552 2582 bona.
582 2545 622 2582 ln
641 2544 715 2582 aliis
728 2542 1060 2591 exeinplaribusita
1079 2544 1131 2580 le·

89 2601 208 2647 gitur,
235 2598 408 2635 Carmina
429 2608 521 2632 nunc
548 2594 572 2635 (i
599 2608 688 2639 non,
718 2594 941 2644 studiumque
968 2593 1058 2643 quod
1077 2593 1132 2629 ob-

89 2650 159 2693 fuit
173 2678 181 2694 ,
195 2650 258 2686 odi.
288 2657 325 2686 ut
346 2648 385 2685 sit
406 2646 519 2684 ordo:
549 2645 611 2683 odi
633 2644 734 2693 quod
753 2644 872 2681 obfuit
894 2645 982 2681 mihi
996 2672 1006 2686 ‚
1036 2644 1071 2680 id
1085 2644 1133 2681 est

92 2701 305 2749 ingenium,
334 2698 359 2736 si
386 2709 461 2736 non
491 2696 553 2733 odi
581 2695 741 2733 carmina
758 2696 795 2732 &
816 2694 940 2732 studia.
966 2695 1132 2732 Menut.

94 2750 165 2788 Vel
188 2751 255 2788 sic:
284 2750 333 2787 Sit
353 2749 453 2791 satis,
481 2746 583 2796 quod
607 2758 683 2783 non
709 2745 849 2794 prorsus
876 2746 938 2782 odi
974 2745 1134 2783 carmina

96 2801 134 2839 δε
151 2801 306 2840 studium
323 2828 333 2845 ‚
362 2798 464 2848 quod
487 2797 624 2836 obfuit:
653 2795 955 2846 quandoquidem
981 2796 1132 2843 ingenio

96 2863 183 2889 meo
198 2880 206 2896 ‚
236 2851 271 2889 id
292 2851 339 2888 est
359 2850 475 2888 studio
495 2849 579 2892 tali,
607 2849 729 2895 fugam
763 2855 872 2895 atque
890 2847 1037 2884 exilium
1061 2847 1131 2883 mi-

95 2901 132 2940 hi
152 2902 214 2950 ipsi
234 2903 368 2950 peperi.
396 2901 574 2937 Micrir..
612 2897 760 2935 Vetusta
788 2898 914 2933 omnia
945 2896 1133 2943 exempla-

96 2954 165 2996 ria,
179 2951 351 2989 Carmina
373 2964 464 2987 nunc
477 2949 509 2998 fi
527 2963 595 2986 non
613 2977 622 2992 ,
640 2947 783 2986 hibent.
796 2946 904 2984 rccie.
918 2946 1032 2983 Sentit
1055 2958 1134 2983 me-

101 3013 182 3039 cum
209 3002 450 3040 nobilissimus
479 3000 718 3043 adolescens,
764 2999 888 3046 Scipio
927 2998 1131 3045 sselpratus;

102 3051 206 3089 sentit
225 3054 260 3090 ὃ(
287 3053 496 3101 Fulgentius
515 3050 796 3088 Thomaffittus.
824 3049 983 3086 Carmen
1008 3057 1132 3085 autem

103 3101 250 3151 sequens
270 3104 307 3140 in
330 3113 406 3141 uno
427 3102 552 3140 Varie.
570 3103 617 3138 ira
636 3100 788 3148 legitur:

154 3162 204 3199 Sit
217 3163 305 3211 satis
321 3164 452 3213 ingenio
475 3163 565 3212 quod
579 3164 666 3211 fuga
679 3171 785 3212 parta
803 3175 873 3200 meo
897 3161 950 3208 est.

104 3223 270 3261 Cxoran.
316 3226 383 3264 Vir
410 3225 634 3263 doeriffimus
662 3225 906 3273 Heumannus
936 3226 972 3262 in
999 3223 1140 3273 supple-

106 3276 237 3312 mentis
255 3275 382 3316 Adlor.
410 3277 509 3325 Lips.
533 3286 627 3315 tom.
655 3288 709 3315 v1.
734 3276 820 3316 sect.
843 3287 877 3315 2.
906 3287 985 3325 pag.
1006 3286 1064 3323 77.
1091 3275 1141 3312 le-

103 3322 206 3373 gebat
221 3337 232 3375 ς

642 1168 791 1239 quod
821 1167 996 1221 venias
1022 1180 1265 1235 magnam
1291 1162 1599 1233 peregrinus
1626 1162 1681 1215 in
1706 1160 1939 1224 Urbem,

445 1241 694 1313 ignotum
720 1241 920 1313 populo
941 1237 1085 1311 posse
1110 1236 1294 1291 venire
1317 1247 1463 1307 puta.

2149 1305 2224 1361 Ut

1232 1447 1284 1486 Sit
1296 1446 1387 1497 satis
1401 1474 1410 1492 ,
1436 1443 1567 1494 ingenio
1587 1458 1645 1483 nec
1656 1447 1746 1496 fuga
1757 1454 1864 1497 parta
1884 1445 1972 1485 meo.<

1182 1519 1221 1549 ut
1246 1511 1287 1550 fit
1313 1510 1432 1549 sensus
1453 1536 1463 1554 ,
1501 1510 1693 1557 ingenium
1726 1511 1864 1549 Poetae
1892 1523 1969 1549 non
1997 1510 2067 1550 efle
2096 1511 2231 1551 exsilio·

1182 1562 1397 1600 damnatum
1419 1588 1430 1605 ‚
1458 1560 1516 1598 sed
1534 1561 1597 1598 illo
1618 1562 1688 1599 frui
1716 1562 1872 1600 Poetam
1903 1563 1940 1600 ὃ(
1962 1564 2155 1608 comitari,
2184 1568 2230 1601 ut'

1182 1613 1270 1651 dicit
1290 1613 1353 1652 lib.
1375 1624 1440 1650 111.
1459 1611 1561 1659 Eleg.
1579 1623 1650 1650 vn.
1669 1623 1729 1659 47.
1755 1612 1826 1650 Sed
1846 1621 1935 1651 tunc
1953 1614 2085 1662 ingenio
2103 1615 2140 1652 in
2161 1613 2227 1659 dae

1181 1664 1262 1702 t1vo
1289 1664 1369 1702 casu
1391 1663 1609 1700 sumendum
1635 1663 1742 1702 foret.
1769 1675 1840 1712 ego
1863 1664 2036 1702 mallem:

1233 1731 1285 1768 Sit
1301 1731 1406 1780 satis.
1437 1730 1571 1778 ingenio
1586 1729 1631 1780 fit
1641 1732 1731 1781 suga
1749 1741 1853 1782 parta
1871 1745 1954 1771 meo,

1184 1795 1291 1834 &ita
1321 1794 1436 1832 editio
1463 1795 1579 1843 prima
1602 1822 1612 1838 ,
1643 1803 1684 1832 ut
1714 1796 1841 1833 omnia
1871 1794 1940 1833 fint
1967 1796 2227 1843 concedentis,

1182 1846 1206 1885 fi
1226 1857 1326 1883 nunc
1353 1857 1429 1883 non
1455 1846 1616 1882 carmina
1644 1845 1742 1883 facio
1764 1874 1774 1890 ‚
1803 1853 1844 1883 ut
1871 1846 1987 1891 olim,
2015 1848 2144 1896 quibus
2170 1850 2228 1887 in-

1180 1898 1333 1947 genium
1355 1907 1481 1934 meum
1501 1896 1698 1944 probabam
1715 1924 1725 1941 ‚
1744 1898 1783 1934 ὃς
1802 1896 1933 1946 quibus
1957 1898 2095 1936 famam
2115 1911 2229 1948 pepe·

1183 1951 1211 1986 ri
1225 1977 1235 1992 ‚
1264 1947 1394 1985 fitsatis
1410 1974 1421 1991 ,
1449 1946 1474 1984 fi
1496 1958 1596 2001 nunc
1616 1959 1694 1985 non
1715 1947 1806 1985 odio
1825 1947 2020 1998 prosequar
2041 1950 2228 2000 illa,quae

1184 1999 1407 2048 obfuerunt,
1437 1998 1474 2035 ὅ(
1501 1997 1586 2035 licet
1616 1997 1658 2035 sit
1685 1998 1836 2047 ingenio
1866 2010 1978 2044 meo,
2005 1999 2043 2038 id
2073 2002 2145 2046 est,
2173 2003 2230 2040 in-

1182 2049 1339 2099 geniosis
1369 2048 1586 2086 carminibus
1611 2049 1695 2096 fuga
1726 2056 1847 2097 parta,
1875 2061 1975 2087 nunc
1994 2058 2118 2090 tamen
2142 2051 2231 2091 liber

1184 2112 1288 2139 meus
1318 2099 1595 2149 qualiscumque
1625 2100 1635 2136 i
1664 2100 1826 2136 Romam
1847 2126 1858 2143 ,
1894 2111 2120 2149 quamquam
2149 2114 2229 2142 non

1183 2151 1234 2189 ita
1259 2151 1456 2189 laudabunt
1471 2158 1532 2194 te,
1559 2157 1598 2187 ut
1627 2149 1719 2186 olim
1739 2161 1758 2187 a
1779 2161 1840 2188 me
1870 2152 2076 2200 compofita
2098 2155 2229 2192 carmi-

1181 2214 1239 2240 na.
1267 2202 1301 2239 si
1318 2203 1410 2250 fuga
1427 2201 1576 2238 Palatin.
1602 2199 1734 2237 Bunm.

1236 2273 1294 2319 56.
1322 2269 1458 2319 Fuga.]
1488 2268 1677 2308 Exsilium.
1695 2268 1995 2319 Eleg.sequenti‚
2024 2272 2062 2310 &
2082 2272 2227 2319 libuit.

1184 2321 1221 2360 ὅ(
1242 2321 1379 2370 Elegia.
1408 2321 1577 2359 CiofAN.

1237 2400 1294 2435 57.
1322 2392 1473 2430 Tamen,
1503 2396 1546 2426 φ’
1569 2395 1627 2434 pro
1644 2387 1706 2431 meJ
1721 2396 1760 2423 tu
1779 2412 1790 2430 ,
1828 2385 1881 2422 cui
1900 2384 1997 2430 licet,
2017 2385 2146 2436 adspice
2163 2392 2228 2432 Ro·v

1184 2438 1326 2485 mam.]
1357 2437 1436 2475 Lib.
1459 2438 1496 2473 &
1517 2437 1620 2485 Eleg.
1643 2448 1678 2475 V.

1237 2502 1311 2550 Qi
1342 2501 1430 2538 mihi
1450 2499 1540 2550 flens
1571 2500 1688 2545 dixit,
1716 2510 1780 2545 tu,
1808 2499 1862 2536 cui
1888 2499 1987 2546 licet,
2014 2499 2143 2550 adspice
2162 2506 2228 2549 Ro<

1364 2565 1460 2588 mam
1474 2578 1483 2595 ,

1293 2609 1367 2640 Heu
1386 2611 1516 2653 quanto
1538 2600 1656 2638 melior
1667 2601 1743 2648 fhrs
1762 2610 1824 2636 tua
1838 2599 1930 2648 sbrte
1948 2614 2022 2638 mea
2044 2601 2098 2648 est.

1191 2667 1360 2704 CIOFAN.
1416 2672 1466 2703 Tu
1497 2666 1645 2702 tameni
1670 2675 1728 2713 pro
1759 2678 1812 2701 me
1845 2665 1952 2702 Polit.
1979 2665 2064 2703 Vat.
2098 2666 2137 2704 &
2158 2674 2229 2705 tres

1188 2718 1257 2755 alii.
1271 2720 1359 2755 alter
1379 2717 1569 2759 Politiani‚
1600 2723 1617 2752 1
1636 2729 1727 2752 nunc
1748 2724 1864 2764 &pro
1884 2729 1947 2752 me.
1967 2716 2088 2754 Scribe
2106 2744 2116 2760 ‚
2137 2723 2154 2753 Ι
2172 2727 2229 2753 ta—

1189 2781 1267 2804 men
1292 2797 1302 2813 ,
1338 2770 1350 2804 i
1375 2778 1433 2817 pro
1454 2781 1518 2805 me.
1546 2766 1591 2804 de
1624 2767 1775 2804 venusto
1803 2767 1876 2802 hoc
1901 2767 2080 2815 loquendi
2113 2767 2232 2805 modo

1189 2819 1276 2904 {lide
1315 2830 1410 2868 quae
1447 2818 1492 2856 ad
1527 2817 1707 2855 Remedia
1746 2815 1897 2853 Amoris
1933 2826 2027 2855 noto
2063 2816 2117 2861 ybs.
2145 2829 2232 2867 213.

1232 2880 1334 2907 trus.

1244 2920 1302 2966 58.
1331 2918 1394 2955 Dii
1407 2920 1586 2965 facerent,
1606 2916 1702 2967 poffl’s
1723 2931 1790 2954 non
1808 2929 1900 2953 meus
1920 2917 1976 2967 effi
1996 2916 2091 2956 liber.
2105 2917 2120 2967 ]
2136 2919 2231 2966 Qui-

1192 2969 1275 3006 dam
1299 2969 1424 3017 legunt
1446 2996 1456 3012 ,
1487 2969 1604 3016 poffem
1636 2981 1728 3004 nunc
1754 2982 1848 3005 meus
1874 2968 1930 3017 eJJe
1951 2968 2034 3005 liber
2053 2997 2063 3013 ,
2103 2972 2140 3006 δε
2157 2969 2234 3007 for·

1190 3017 1275 3056 tasse
1295 3020 1438 3056 rectius.
1466 3019 1599 3056 Naue.
1637 3020 1695 3056 Ne
1716 3020 1775 3056 hic
1795 3018 1946 3067 quidem
1967 3019 2233 3064 dubitandum,

1190 3072 1278 3118 quin
1300 3070 1407 3106 altera
1430 3069 1561 3112 lectio,
1587 3071 1705 3118 possem
1727 3082 1817 3105 nunc
1839 3082 1932 3105 meus
1951 3069 2007 3116 effe
2026 3069 2135 3106 liber!
2156 3082 2233 3107 ma-

1190 3122 1242 3168 gis
1263 3131 1329 3168 pro
1350 3119 1534 3157 venustate
1554 3122 1590 3157 ὅς
1607 3121 1719 3169 genio
1732 3120 1870 3157 Poetae
1891 3120 2235 3158 nostri.D.H1-:1N5.

1195 3172 1247 3208 lta
1270 3171 1317 3207 est
1347 3171 1383 3207 in
1406 3170 1466 3207 lib.
1485 3170 1630 3219 scriptis.
1656 3171 1730 3208 hoc
1760 3171 1831 3214 est,
1861 3171 2017 3207 Utinam
2043 3182 2119 3207 non
2149 3168 2234 3205 esset

1193 3221 1283 3258 liber
1299 3231 1425 3264 meus,
1450 3223 1514 3270 qui
1535 3221 1642 3259 tristia
1663 3222 1700 3258 &
1730 3221 1861 3258 maesta
1880 3220 2066 3257 contines:
2095 3219 2233 3256 utinam

1197 3273 1224 3309 is
1251 3271 1339 3308 liber
1367 3283 1443 3308 non
1471 3269 1556 3308 esses
1580 3299 1590 3314 ‚
1627 3282 1740 3320 quem
1771 3283 1841 3318 ego
1871 3270 1974 3307 tristis
2003 3278 2111 3317 atque
2136 3267 2233 3304 exsul

1196 3321 1322 3374 scribo.
1347 3322 1517 3361 Cioun.
1540 3321 1658 3360 Probe
1678 3321 1847 3360 meliores
1864 3320 1944 3359 libri
1955 3330 2091 3368 magno
2102 3327 2238 3358 nume-

2177 3377 2220 3406 ro
2237 3392 2248 3400 ..
