2495 3675
211 195 314 251 734

685 168 746 226 P.
822 167 1235 227 OV1D11
1307 165 1836 230 NASONIS

369 285 433 345 45
511 271 665 346 Quos
695 288 799 343 ego
823 270 1000 326 nescio
1026 272 1113 324 cui
1134 269 1305 329 colui;

1348 266 1538 340 quibus
1563 267 1670 339 ipse
1695 269 1927 329 solebam

583 344 675 398 Ad
701 344 804 398 sata
830 344 1067 398 fontanas
1096 346 1234 411 (nec
1261 340 1464 410 pudet)
1505 340 1706 395 addere
1731 361 1904 415 aquas,

516 418 649 473 Sunt
673 417 773 480 ibi,
808 417 844 470 s1
868 416 1083 474 vivunt,
1121 412 1296 467 nostra
1321 430 1540 486 quoque
1566 414 1765 469 consita
1791 417 2112 489 quondam,

587 489 692 545 Sed
718 506 826 542 non
855 486 909 539 &
935 485 1107 539 nostra
1131 502 1291 556 poma
1318 487 1544 556 legenda
1572 504 1747 542 manu.

518 564 626 619 Pro
657 561 847 632 quibus
873 555 1063 611 amissis
1090 559 1293 612 utinam
1319 559 1634 630 contingere
1665 560 1826 631 possit

369 654 443 708 50

588 634 702 689 Hic
728 631 908 684 saltem
937 629 1167 702 profugo
1194 630 1343 702 gleba
1366 632 1593 686 colenda
1620 634 1774 687 mihi!

520 707 630 780 Ipse
662 720 764 775 ego
790 702 1088 772 pendentes
1113 705 1297 770 (liceat
1322 703 1521 764 modo)
1563 722 1695 776 rupe
1718 707 1973 779 capellaS,

595 776 704 848 Ipse
729 776 888 831 velim
915 775 1104 830 baculo
1127 778 1342 848 pascere
1368 778 1521 831 nixus
1550 794 1696 833 oves,

521 850 633 924 Ipse
658 865 761 921 ego
777 887 803 911 ,,
828 866 898 903 ne
921 848 1082 903 solitis
1105 849 1334 903 insistant
1358 848 1574 921 pectora
1601 851 1769 916 curi5‚

597 922 810 977 Ducam
836 921 1091 976 ruricolas
1113 920 1205 976 sub
1227 921 1351 1004 jug-a
1374 922 1545 995 panda
1571 922 1751 1003 boves.

381 1016 445 1068 55

519 996 593 1053 Et
619 995 814 1049 discam
842 992 1026 1048 Getici
1051 1011 1186 1064 quae
1212 997 1393 1050 nor1nt
1418 995 1576 1050 verba
1598 997 1858 1062 juvencis.

601 1067 866 1123 Adsuetas
891 1066 990 1121 illis
1013 1066 1364 1142 adjiciamque
1394 1069 1577 1126 minaS.

525 1141 637 1214 Ipse
663 1157 822 1194 manu
847 1141 1093 1212 capulum
1119 1140 1276 1212 preffi
1304 1141 1610 1195 moderatus
1636 1142 1824 1206 aratri,

604 1212 863 1279 Experiar
892 1214 1040 1266 mota
1063 1213 1306 1285 spargere
1327 1212 1508 1267 semen
1538 1213 1721 1269 humo,

531 1286 650 1342 Nec
678 1284 918 1340 dubitem
944 1286 1114 1356 longis
1139 1302 1365 1357 purgare
1391 1285 1656 1357 ligonibus
1682 1305 1823 1343 arva:

379 1365 454 1429 '50

249 1636 326 1682 'qua
349 1627 488 1667 Cassiae
510 1623 638 1674 janua
663 1624 744 1663 fnit.
772 1623 818 1663 de
845 1630 1002 1673 utraque
1030 1624 1088 1662 via
1117 1622 1229 1673 Caffia
1250 1623 1290 1663 &

249 1681 386 1719 Clodia
403 1679 479 1717 vid.
503 1676 646 1725 Berger.
671 1676 717 1712 de
747 1675 902 1714 Publicis
932 1677 1194 1713 Romanorum
1215 1676 1282 1732 Vit

244 1732 312 1770 lib.
331 1745 396 1770 111.
417 1742 494 1779 cap.
513 1739 571 1764 22.
599 1726 701 1776 quod
723 1737 813 1764 vero
835 1725 1008 1774 Micyllus
1025 1727 1084 1763 hic
1105 1728 1143 1764 ὃς
1165 1726 1211 1764 ad
1238 1725 1289 1763 lib

243 1795 311 1822 111.
331 1783 462 1820 Amor.
489 1790 546 1826 13.
568 1777 613 1814 de
634 1777 746 1814 hortis
768 1789 881 1824 prope
905 1777 1058 1814 Faliscos
1076 1775 1286 1825 suspicetur,

243 1833 350 1872 nihili
372 1832 443 1875 est,
472 1840 558 1868 nam
581 1828 652 1864 Via
676 1827 810 1864 Clodia
833 1829 871 1864 ὅτ
901 1827 1079 1864 Flaminia
1110 1839 1187 1864 non
1203 1827 1288 1882 lon-

244 1894 291 1932 ge
316 1883 359 1920 ab
377 1882 463 1920 urbe
482 1882 559 1929 jain
585 1878 787 1915 divortium
818 1878 1011 1921 fecerant;
1041 1888 1128 1915 cum
1153 1877 1291 1914 Flami-

248 1935 310 1972 nia
331 1933 376 1972 ad
409 1932 573 1969 dextram
595 1928 762 1966 tenderet
792 1939 854 1976 per
888 1927 968 1966 saxa
995 1928 1100 1965 rubra
1128 1931 1173 1965 ad
1197 1928 1292 1984 Natu

249 1985 375 2027 niam;
406 1981 538 2020 Clodia
558 1979 600 2017 ad
635 1978 804 2016 finistram
827 1979 944 2027 Vejos
966 1979 1004 2016 ὅ(
1027 1979 1187 2016 Sutrium
1205 2006 1215 2022 ‚
1240 1986 1291 2034 ita

248 2042 292 2072 ut
315 2036 408 2072 circa
429 2033 546 2081 Vejos
567 2026 752 2067 disceffiffe
782 2037 922 2076 putem.
953 2029 1049 2066 horti
1070 2041 1158 2078 ergo
1181 2027 1290 2077 pofitl

246 2084 422 2131 yidentur
442 2080 544 2121 fuisse
565 2081 658 2118 inter
679 2079 794 2128 Vejos
816 2081 852 2116 ὃ(
873 2080 1048 2116 Romam.
1075 2079 1210 2117 Boniti.

302 2147 360 2193 46.
389 2152 460 2182 Nec
474 2143 619 2194 puden]
669 2149 740 2181 Nec
753 2143 841 2194 piget
862 2144 939 2183 duo
961 2143 1092 2194 scripti.
1118 2143 1308 2184 Heinsius-

253 2197 348 2236 olim
370 2196 541 2241 volebat,
570 2195 723 2245 impiger.

303 2273 365 2308 47.
391 2258 531 2309 Confita
564 2257 776 2310 quaedam]
827 2258 961 2298 Malim
986 2287 996 2304 ,
1026 2262 1215 2310 quondam.
1242 2268 1296 2300 at-

253 2323 327 2363 que
345 2314 393 2350 ita
411 2323 504 2349 unus
525 2310 737 2348 Vaticanus.
766 2321 856 2347 mox
871 2338 881 2355 ‚
910 2311 1097 2360 contingere
1112 2311 1202 2360 poffit
1216 2324 1297 2350 me-

254 2365 377 2404 liores.
408 2362 554 2399 Heius.
579 2367 667 2399 Sunt
689 2359 748 2397 ubi
771 2362 919 2410 Argent.
944 2363 1071 2400 &tres
1100 2363 1172 2400 alii.
1187 2362 1223 2410 st
1241 2363 1299 2401 vi-

255 2424 349 2452 vant
370 2413 514 2452 Moreti
535 2413 572 2450 &
594 2421 766 2462 quatuor.

306 2478 365 2525 48.
393 2478 456 2515 Sed
482 2490 550 2514 non
580 2488 624 2515 φ·
655 2475 769 2524 nostrai
786 2486 888 2526 poma
913 2477 1054 2525 legenda
1076 2478 1225 2528 manus]
1255 2479 1298 2516 In

255 2541 333 2567 uno
345 2529 516 2566 Vatican.
541 2526 682 2565 sednon
704 2527 729 2565 ὰ
749 2528 874 2576 nostra.
928 2529 970 2566 ln
985 2528 1113 2567 Maffei
1129 2556 1141 2575 ‚
1161 2530 1301 2567 sednon

253 2581 354 2627 sunt.
385 2580 556 2617 Ciofan.

314 2661 372 2695 50.
400 2648 507 2685 Gleba
529 2646 704 2697 colendas]
735 2646 990 2697 Subaudieffit.
1019 2647 1188 2688 Ciofm.
1215 2650 1302 2688 Ma-

262 2698 325 2735 le:
352 2710 435 2736 nam
461 2699 568 2747 jungi
597 2698 705 2736 debet
735 2697 832 2746 gleba
863 2700 1167 2747 cum-contingere
1189 2701 1302 2750 poſjet.

264 2759 357 2785 terra
379 2750 532 2787 Moreti,
556 2750 697 2798 profuga
715 2748 811 2797 gleba
833 2748 971 2785 colenda
991 2762 1101 2786 manu
1122 2762 1226 2789 unus.

317 2818 376 2856 53.
406 2807 596 2858 Insistam]
626 2807 798 2858 Defistant
818 2809 906 2858 Arg.
927 2810 1095 2859 instarent
1112 2810 1302 2862 Polit.sae·

262 2865 302 2907 pe
321 2871 374 2907 ego
406 2859 478 2896 Ms.
502 2859 637 2897 Bersm.

316 2938 373 2974 54.
401 2927 501 2975 Juga
519 2927 675 2977 pandas]
705 2933 831 2967 Curva
851 2930 970 2969 multi.

321 2998 380 3034 ςς.
407 2990 507 3034 {Luae
536 3001 663 3027 norunt
685 2991 831 3041 verbm]
887 2994 1016 3033 Malim
1032 3023 1042 3040 ,
1069 2996 1187 3034 norint
1213 3010 1300 3037 cum

268 3047 345 3075 uno
369 3038 562 3077 Vaticano.
588 3042 625 3077 ὃ(
649 3042 750 3080 versu
778 3044 1011 3091 praecedenti
1036 3073 1046 3089 ‚
1082 3053 1215 3085 Ducere
1234 3061 1302 3097 pro

269 3093 432 3130 Ducam,
461 3089 486 3125 fi
507 3101 568 3136 per
585 3090 730 3138 scriptos
749 3093 894 3130 codices
915 3093 1043 3139 liceat,
1070 3099 1246 3137 referatur
1259 3099 1304 3139 ad

268 3139 322 3174 '15
339 3137 471 3183 velim,
499 3140 600 3188 quod
619 3141 864 3188 praecesserat.
893 3144 1040 3182 Hems.

269 3206 383 3295 lib56.
414 3206 575 3256 minan]
625 3208 773 3248 illustrat
797 3211 888 3249 haec
914 3212 1072 3262 Scaliger
1092 3214 1136 3253 ad
1159 3217 1303 3257 Manilii

323 3284 330 3292 .
351 3268 377 3292 1.
407 3266 497 3305 317·

321 3317 380 3357 57,
409 3309 475 3358 Ipse
494 3321 604 3348 manu
631 3309 790 3359 capulum
813 3311 913 3361 preffl
932 3313 1127 3367 mederator
1145 3317 1303 3370 πινυτὴ]

596 1357 670 1413 Et
696 1357 851 1423 dare,
889 1376 1017 1432 quas
1050 1357 1224 1414 sitiens
1251 1358 1522 1415 combibat
1549 1357 1766 1423 hortus,
1803 1378 1980 1436 aquas·

2276 1494 2405 1554 Une..

1344 1622 1428 1662 Lib.
1447 1622 1645 1666 Vaticani.
1675 1625 1886 1665 moderatus.
1903 1628 2028 1668 Ursini
2050 1634 2166 1677 vero,‘
2191 1633 2304 1683 prenfi
2317 1637 2393 1672 moe*

1343 1675 1496 1712 duatus.
1525 1675 1701 1725 capulam
1719 1677 1848 1719 lib.1v.
1868 1679 1955 1718 Fast.
1977 1683 2127 1731 proprio
2151 1686 2308 1724 nomine
2331 1686 2393 1733 stiffi

1345 1737 1430 1764 vam
1453 1725 1568 1764 dixit:

1396 1787 1482 1825 Inde
1495 1797 1655 1836 premens
1667 1790 1804 1838 stivam
1826 1792 1979 1844 destgnat
1999 1795 2134 1834 moenia
2143 1796 2253 1846 sulco.

1345 1851 1515 1888 CxOFAN.
1543 1849 1664 1900 Prenfi
1681 1854 1798 1890 aratri
1823 1854 1962 1894 Sarrav.
1990 1858 2098 1895 Polit.
2128 1859 2166 1896 &
2194 1859 2299 1898 multi
2321 1859 2398 1900 alii.-

1345 1901 1406 1991 {ed
1439 1901 1477 1938 &
1498 1900 1643 1950 vulgata
1672 1901 1842 1952 scriptura
1868 1907 1954 1944 ferri
1973 1909 2103 1957 potest.
2121 1909 2229 1949 Trist.
2250 1923 2316 1952 111.
2345 1913 2396 1951 E-

1362 1963 1418 2001 eg.
1441 1962 1477 1989 x.

1401 2024 1474 2057 Nec
1493 2019 1682 2071 quisquam
1696 2022 1800 2073 presso
1819 2038 1957 2066 vomere
1966 2028 2087 2077 sulcat
2107 2029 2270 2071 humum.

1345 2086 1494 2125 Hnms.
1521 2088 1625 2136 Preffi'
1641 2090 1843 2139 legendum
1869 2094 1940 2133 effe
1963 2096 2124 2144 pluribus
2138 2100 2182 2138 ad
2194 2101 2278 2141 Val.
2294 2100 2394 2141 Flac·

1345 2147 1436 2177 v11.
1457 2139 1518 2188 63.
1547 2139 1779 2181 docebimus.
1808 2146 2012 2184 moderabor
2035 2149 2182 2188 Douza.

1403 2215 1461 2252 59.
1489 2203 1672 2252 Ligonibus
1692 2207 1834 2257 arva.]
1888 2210 2011 2249 Ursini
2032 2212 2093 2251 lib.
2114 2214 2247 2254 herbas.
2276 2215 2392 2255 CroF.

1349 2252 1404 2292 Ita
1426 2255 1465 2292 &
1485 2254 1522 2293 P.
1542 2254 1640 2293 Dan.
1660 2256 1699 2293 &
1721 2256 1826 2296 multi
1846 2259 1917 2299 alii.

1403 2313 1464 2350 60.
1491 2317 1537 2350 Et
1565 2314 1647 2352 darc
1669 2342 1680 2358 ,
1723 2330 1810 2366 quas
1833 2316 1956 2367 sitiens
1978 2322 2057 2368 jam
2084 2322 2180 2361 bibat
2209 2325 2328 2364 hortus
2354 2339 2396 2364 a·

1353 2362 1482 2415 quas]
1531 2362 1638 2402 Idem
1669 2365 1730 2404 lib.
1759 2368 1798 2405 δε
1819 2377 1973 2419 uterque
2003 2373 2123 2411 Vatic.
2158 2376 2207 2412 ita
2236 2376 2395 2423 habent,

1353 2413 1663 2464 paullosuavius,
1693 2423 1734 2454 ut
1754 2418 1920 2465 videtur,
1948 2433 2059 2470 quam
2082 2425 2215 2463 excusi.
2260 2427 2397 2466 Intelli-

1354 2467 1405 2514 git
1417 2473 1540 2503 autem
1556 2477 1618 2504 eos
1629 2467 1757 2505 hortos
1772 2496 1782 2512 ,
1802 2480 1896 2518 quos
1915 2473 1951 2508 in
1970 2472 2124 2521 Pelignis
2145 2476 2396 2527 habebat‚qui

1355 2528 1449 2565 aqua
1472 2517 1719 2564 irrigabantur.
1754 2519 1853 2558 Vide
1869 2533 1964 2570 quae
1981 2523 2056 2561 dixi
2079 2526 2116 2562 in
2136 2527 2306 2564 Sulmonis
2320 2530 2396 2566 De-

1355 2567 1576 2615 scriptione,
1598 2569 1636 2606 &
1654 2569 1691 2606 in
1704 2569 1831 2618 Elegia
1852 2571 1898 2610 de
1912 2573 2031 2612 Nuce.
2059 2575 2226 2616 Ctofan.
2254 2579 2396 2625 Melioz

1356 2630 1412 2657 res
1431 2629 1564 2656 omnes
1576 2645 1588 2663 ,

1408 2687 1454 2721 Et
1476 2686 1561 2725 dare
1578 2688 1654 2737 jam
1669 2717 1679 2734 ‚
1699 2689 1819 2739 fitiens
1842 2707 1928 2743 quas
1949 2696 2045 2735 bibat
2064 2697 2184 2737 hortus
2198 2727 2208 2744 ‚
2226 2713 2348 2753 aquas.

1358 2758 1451 2786 unus
1479 2758 1605 2788 tamen
1636 2752 1757 2791 Vatic.
1781 2769 1869 2802 quas
1901 2756 2015 2798 sitiens
2043 2762 2223 2802 combibat.
2252 2765 2402 2806 Hiems-2

1359 2799 1441 2836 Nos
1462 2802 1684 2842 Vaticanum
1712 2805 1751 2842 &
1779 2805 1962 2858 Excerpta
1991 2811 2107 2851 Vossii
2137 2813 2248 2854 secuti
2266 2815 2400 2857 sumus.

1359 2849 1409 2886 ita
1426 2849 1536 2899 Epist.
1557 2864 1619 2891 xv.

1410 2920 1524 2953 Grata
1543 2918 1640 2966 prius
1663 2918 1827 2959 lacrimas
1846 2923 2007 2963 combibit
2025 2926 2130 2965 herba
2149 2942 2252 2968 meas.

1356 2977 1462 3027 saepe
1483 2981 1692 3022 Columella
1716 2985 1791 3022 hoc
1811 2988 1923 3025 verbo
1943 2990 2067 3028 utitur.
2095 2989 2200 3027 ebibet
2224 3005 2316 3030 unus
2336 3006 2406 3032 co·-

1358 3028 1442 3120 {igx-
1478 3032 1557 3079 post
1587 3033 1662 3072 hoc
1694 3035 1792 3075 aliud
1828 3038 2007 3077 distichon
2048 3040 2227 3080 interserit
2259 3044 2422 3085 Mureti·

1372 3091 1382 3116 1
1410 3091 1469 3125 er,

1411 3145 1522 3192 thue
1532 3143 1641 3191 filet,
1663 3144 1814 3184 nimium
1830 3146 1866 3196 fi
1875 3148 1987 3193 fimtis
2008 3147 2109 3184 rivus
2129 3147 2298 3198 abundet,

1459 3192 1638 3231 Diducam
1658 3195 1767 3238 [ludio
1790 3210 1831 3233 ne
1845 3201 1928 3246 sata
1949 3198 2044 3234 laeta
2059 3210 2200 3247 gravet.

1355 3255 1524 3293 deducam
1543 3257 1668 3294 saltem
1689 3258 1901 3306 legendum.
1929 3258 2061 3297 Bam.

1413 3320 1474 3370 63.
1501 3325 1557 3361 Ac
1575 3319 1640 3372 rib}
1659 3314 1852 3373 nasccmi.]
1899 3325 2076 3366 Marcemi
2095 3325 2171 3367 duo
2195 3327 2297 3378 libri,
2324 3330 2402 3371 for:

2360 3391 2398 3422 Kc
