2495 3675
703 162 767 225 P.
830 165 896 222 O
933 161 1268 222 V‘1D11

224 169 323 238 673

1343 142 1872 224 NAso‘Nts

515 263 780 337 Quamvis
806 261 1078 318 interdum
1094 301 1110 325 ‚
1147 275 1284 332 quae
1310 273 1397 310 me
1423 253 1614 310 laefiffe
1639 259 1930 326 recordor,

589 337 842 392 Carmina
868 337 1145 392 devoveo,
1189 329 1535 400 Pieridasque
1563 346 1733 385 meas:

525 411 670 466 Cum
698 411 834 466 bene
857 406 1085 468 devovi;
1127 419 1342 476 nequeo
1369 416 1549 456 tamen
1573 400 1676 457 effe
1700 404 1806 459 fine
1832 404 1955 460 illis:

596 484 1031 551 Vulneribusque
1059 478 1191 532 meis
1219 476 1322 530 tela
1347 489 1568 531 cruenta
1593 477 1802 548 sequor.

380 575 444 626 35
521 556 787 629 Quaeque
814 552 983 607 modo
1007 549 1267 605 Euboicis
1293 550 1520 603 lacerata
1548 548 1622 604 est
1648 549 1927 616 fluetibus
1966 550 2129 608 audet

597 629 759 699 Graja
786 624 1125 696 Caphaream
1152 639 1370 678 currere
1396 624 1587 695 puppis
1611 641 1819 696 aquam.

521 703 639 758 Nec
669 715 849 754 tamen
874 711 933 753 ut
957 697 1144 752 lauder
1177 697 1374 768 vigile,
1413 713 1705 770 curamque
1730 698 1899 755 futuri

598 771 875 834 NominiS‚
913 770 1093 826 utilius
1119 769 1268 844 quod
1291 769 1546 834 latuisset,
1581 787 1699 842 ag0.

523 846 766 901 Detineo
793 844 974 898 studiis
998 845 1260 907 animum,
1296 842 1529 916 falloque
1554 845 1803 900 dolores:

381 939 451 992 40

601 918 871 992 Experior
897 917 1036 972 curis
1066 917 1118 970 ἃ
1147 917 1275 971 dare
1299 916 1459 971 verba
1483 918 1632 972 meis,

526 992 678 1066 Quid
709 992 885 1064 potius
910 990 1102 1045 faciam
1126 990 1244 1045 solis
1271 989 1508 1045 desertus
1537 991 1592 1044 in
1620 991 1758 1054 oriS,

601 1066 850 1139 Quamve
876 1064 1024 1118 malis
1050 1064 1202 1119 aliam
1228 1081 1486 1136 quaerere
1513 1080 1679 1117 coner
1710 1065 1903 1136 opem?

529 1139 652 1195 Sive
679 1140 862 1193 locum
889 1136 1100 1209 spet0to;
1143 1138 1295 1192 locus
1319 1137 1395 1191 est
1420 1136 1740 1200 inamabilis;
1785 1137 1839 1191 &
1863 1155 1977 1210 quo

602 1210 724 1265 Effe
749 1212 878 1266 nihil
905 1223 1026 1265 toto
1053 1209 1246 1265 tristius
1273 1210 1405 1264 orbe
1432 1208 1622 1280 potest.

385 1305 453 1358 45
530 1286 652 1341 Sive
676 1284 952 1346 homines;
994 1284 1086 1338 vix
1107 1285 1224 1338 sunt
1249 1282 1494 1337 homines
1520 1283 1626 1337 hoc
1648 1283 1870 1338 nomine
1897 1282 2077 1357 digni:

609 1358 897 1432 Quamque
921 1357 1061 1430 lupi,
1099 1357 1277 1411 saevae
1300 1357 1414 1429 plus
1440 1355 1663 1412 feritatis
1689 1355 1904 1412 habent.

240 1624 362 1666 versus
381 1621 587 1674 respondet.
623 1622 800 1662 Mrcrtt.
854 1620 990 1659 Nescio
1013 1630 1058 1657 an
1078 1630 1157 1658 non
1177 1618 1287 1657 lateat

243 1676 422 1716 mendum
445 1677 481 1714 in
503 1675 596 1712 Feci:
633 1687 719 1712 nam
750 1681 847 1711 certe
873 1671 1035 1710 Medeam
1064 1672 1211 1709 theatris
1235 1671 1287 1708 fe-

241 1730 303 1768 cit.
330 1730 367 1766 δε
406 1729 442 1765 in
481 1727 629 1764 theatris
664 1726 723 1764 sua
754 1725 933 1764 Po'e'mata
954 1752 965 1768 ,
1000 1722 1183 1771 speetante
1209 1722 1289 1759 Au-

241 1780 344 1829 gusto
363 1807 371 1823 ‚
397 1778 516 1816 saltata
536 1776 638 1815 fuiffe
663 1776 779 1814 scribit
800 1775 873 1825 ipse
901 1788 945 1812 11.
975 1774 1084 1812 Trist.
1106 1786 1189 1822 519.
1217 1772 1288 1822 seq.

242 1830 369 1874 versu,
399 1842 455 1866 nec
484 1828 526 1872 est
552 1828 694 1877 plausus
725 1840 799 1864 am.
821 1840 897 1863 mea
928 1824 1037 1863 Leid.
1067 1826 1214 1873 Junian.
1251 1827 1290 1861 ὅτ

244 1881 353 1919 multi
378 1880 448 1917 alii.
476 1879 513 1915 in
536 1879 677 1928 plausus
696 1877 879 1927 ambitiosa
903 1877 974 1924 fuit
996 1876 1166 1925 Excerpt.
1189 1873 1291 1914 Voff.

244 1933 284 1972 in
306 1931 434 1980 plausu
455 1930 622 1968 Bernens.
651 1929 783 1967 Bunm.

297 2007 359 2044 30.
389 2002 429 2033 In
447 2008 507 2032 ora
526 1994 670 2044 refert.]
729 2000 770 2031 In
798 1992 880 2031 urbe
908 2001 979 2031 tres
1009 1992 1187 2042 scripti&
1206 1992 1294 2031 edit.

243 2046 386 2096 Micyll.
405 2046 520 2096 populi
549 2059 670 2083 nomen
687 2046 726 2083 in
748 2058 806 2082 ora
826 2045 929 2092 refert
952 2044 1042 2082 duo.
1062 2045 1102 2082 in
1121 2058 1174 2094 ere
1205 2045 1294 2083 edit.

243 2099 351 2148 prim.

299 2171 357 2209 32.
385 2158 600 2208 Pieridesque
621 2157 754 2207 meas.]
794 2155 1019 2207 Pieridasque
1037 2169 1123 2196 cum
1144 2158 1295 2207 scriptis.

245 2210 394 2250 Hems.
426 2215 629 2247 Devoveam
656 2209 811 2247 Putean.

276 2332 283 2339 ι
301 2289 362 2329 35.
388 2279 556 2331 §Quaeque
579 2277 716 2327 moda]
772 2279 874 2325 §Luae
892 2276 989 2314 modo
1009 2276 1048 2314 in
1067 2277 1295 2325 Eubo'z'cisJu-

245 2343 360 2443 ma3nd.
386 2393 498 2442 Graja
528 2392 710 2442 Capharea
741 2405 872 2429 currere
893 2391 1009 2442 puppis
1033 2391 1169 2443 aqum]

258 2597 360 2636 dice:

302 2666 380 2712 {Luc
411 2665 494 2702 duce
516 2663 613 2701 trabs
633 2662 779 2701 Colchas
791 2662 897 2712 sacra
917 2663 1070 2702 cucurrit
1089 2677 1212 2714 aquas..

255 2727 295 2766 ὃ(
315 2729 420 2767 Pont.
442 2743 485 2767 11.
507 2730 610 2780 Eleg.
636 2743 689 2767 vr.
710 2742 755 2768 ex
777 2730 1020 2768 membranis:

307 2797 413 2829 Nunc
435 2794 521 2830 mihi
544 2792 727 2841 naufragio
749 2794 834 2846 quid
851 2795 980 2843 prodest
1000 2795 1120 2844 discere
1127 2796 1251 2843 sabla,

359 2844 481 2890 Quam
503 2857 579 2881 mea
601 2844 756 2882 debuerit
774 2859 905 2883 currere
928 2846 1049 2894 cymba
1069 2847 1198 2885 viam?

259 2923 380 2962 Festus
403 2924 566 2962 Avienus
588 2926 844 2975 Descriptione
866 2927 995 2965 Orbis:

313 2994 404 3026 Gens
423 2988 477 3025 hic
497 2989 592 3026 docta
609 2991 676 3038 sali
695 2993 829 3030 tumido
849 2994 941 3036 freta
956 2994 1090 3043 gurgite
1110 2992 1231 3032 currit.

261 3068 353 3096 mOX
371 3069 380 3094 :

314 3123 431 3166 Longa
459 3117 580 3155 dehinc
609 3120 702 3157 celeri
713 3120 746 3170 si
765 3121 840 3172 quis
863 3132 938 3158 rate
957 3135 1135 3159 marmora
1157 3131 1292 3160 currat.

262 3180 447 3230 discurrere
466 3180 565 3219 idem
590 3194 672 3220 cum
697 3192 827 3232 quarto
851 3184 929 3221 casu
947 3185 1071 3234 junxit
1090 3199 1097 3221 :

315 3245 405 3284 Hinc
427 3245 662 3295 Metapontini
681 3246 881 3295 discurrunt
902 3248 1009 3286 latius
1031 3262 1135 3287 arva.

268 3313 395 3365 plenus
430 3310 569 3362 horum
598 3311 670 3351 ille.
705 3320 891 3361 praeterea
919 3324 1011 3353 unus
1041 3312 1288 3358 Bononiensis

242 2445 414 2496 phaream
443 2457 575 2494 aquam
620 2444 727 2491 prim.
755 2443 877 2480 Vatic.
920 2442 1071 2481 Combii
1092 2471 1103 2487 ‚
1140 2399 1298 2482 Rottcelz·

250 2497 380 2545 dorph.
402 2496 439 2533 δὲ
461 2495 569 2533 multi
588 2494 646 2531 alii
667 2506 712 2531 ex
733 2494 912 2541 antiquis,
941 2502 980 2531 ut
1006 2494 1042 2531 ὃ(
1066 2494 1199 2542 priscae
1221 2495 1298 2533 edi—

249 2548 381 2586 tiones.
411 2545 517 2584 bene.
544 2544 730 2583 Pont.lib.
755 2557 782 2582 1.
809 2544 913 2594 Eleg.
935 2556 990 2584 ιν.
1025 2556 1071 2582 ex
1098 2546 1215 2583 veteri
1237 2557 1300 2584 co-

2270 1480 2398 1538 Non

1342 1617 1467 1664 Nostra
1486 1618 1603 1668 puppis
1617 1647 1627 1665 ,
1646 1630 1713 1668 pro
1736 1620 1874 1669 Graja:
1900 1619 2153 1670 quomodof&
2176 1619 2397 1666 Arondelia÷

1343 1681 1422 1709 nus.
1453 1670 1598 1708 Hms.
1626 1671 1713 1709 Vid.
1731 1671 1815 1709 Val.
1834 1671 1931 1709 Flac.
1944 1683 1997 1710 tv.
2021 1672 2106 1721 336.

1347 1745 1459 1832 >ww.
1473 1743 1568 1828 Νοᾶι
1588 1738 1745 1788 tamem]
1778 1745 1848 1777 Nec
1864 1749 1985 1778 tamen
2003 1740 2165 1789 optimi,
2191 1747 2233 1778 ut
2255 1738 2401 1789 &suprs

1393 1817 1401 1825 .
1420 1797 1483 1838 29.
1510 1801 1535 1826 11
1565 1802 1636 1828 em.

1406 1867 1465 1907 39.
1494 1859 1656 1912 Falloque
1685 1859 1857 1911 labores.]
1904 1859 2042 1898 Dolores
2070 1859 2237 1911 plerique
2266 1859 2400 1900 melio*

1350 1920 1416 1948 res.
1445 1911 1590 1949 HEINS.

1401 1989 1464 2029 40.
1494 1978 1602 2016 Verba
1622 1978 1744 2029 mein]
1775 1979 1888 2017 Malis
1908 1979 2018 2018 Bern.

1400 2054 1461 2087 41.
1491 2041 1639 2090 Desertis
1651 2042 1774 2092 stylus]
1805 2043 1944 2091 Deserto
1961 2043 2054 2092 sblus
2080 2043 2121 2081 in
2149 2043 2225 2081 orbe
2254 2043 2406 2094 Regiusl

1350 2093 1462 2142 lapsus
1481 2093 1518 2129 in
1542 2095 1606 2131 oris
1626 2094 1774 2142 Junian.
1790 2095 1939 2143 desertus
1959 2095 2077 2133 multi.
2105 2094 2166 2132 sed
2184 2095 2303 2134 codex
2321 2096 2402 2134 Ser·

1351 2145 1400 2182 vii
1417 2144 1515 2193 ,solis
1534 2144 1682 2193 desertus
1699 2145 1737 2182 in
1756 2145 1833 2182 oris.
1848 2155 1886 2183 ut
1906 2146 2030 2194 paffirn
2049 2175 2059 2189 ,
2077 2145 2172 2192 fitlae
2184 2156 2315 2189 terrae,
2327 2147 2402 2184 &c-

1350 2195 1424 2233 vid.
1455 2194 1564 2241 Epist.
1593 2207 1627 2231 x.
1659 2208 1740 2242 129.
1786 2196 1937 2243 desertus
1964 2198 2076 2234 etiam
2107 2195 2277 2233 Bernens.

1400 2268 1463 2308 42.
1491 2257 1642 2307 Canen]
1674 2263 1786 2306 cogar
1808 2260 1945 2307 Regius
1966 2259 2002 2296 δι
2023 2259 2169 2307 plurimi
2191 2260 2265 2298 alii.

1403 2331 1464 2366 45.
1490 2319 1569 2355 Sive
1600 2319 1753 2356 homines
1774 2348 1784 2365 ‚
1813 2320 1880 2356 vix
1902 2322 1991 2369 sunt
2009 2322 2163 2360 homines
2179 2322 2240 2360 hoc
2260 2325 2402 2365 nomine

1353 2368 1600 2458 ἐξέκλὲυῗὲνε
1621 2369 1772 2407 homines
1789 2370 1894 2419 [pesilo
1920 2372 2108 2411 Leidenfis
2122 2375 2161 2412 &
2181 2375 2403 2417 Arondelia-

1426 2449 1433 2456 ”
1572 2450 1582 2465 9

1405 2482 1485 2519 Sive
1513 2482 1666 2568 Ιφῖηἰηες
1690 2510 1701 2526 ,
1745 2481 1927 2519 hominum
1960 2483 2027 2520 vix
2065 2483 2104 2523 hi
2137 2488 2226 2536 fient
2267 2488 2411 2528 nomine-

1553 2546 1564 2568 l
1589 2546 1637 2569 m.

1351 2584 1497 2621 Herus.
1522 2546 1613 2621 M‘gs.
1633 2582 1844 2621 Bersmanni
1867 2583 1906 2620 ὅ(
1933 2583 2102 2625 Leidens.
2124 2600 2203 2627 non
2224 2590 2343 2628 male:

1405 2646 1485 2681 Sive
1502 2644 1656 2682 homines
1672 2646 1800 2692 speblo3
1830 2643 1896 2681 vix
1913 2647 1997 2691 [unt
2019 2645 2079 2683 hoc
2102 2650 2239 2688 nomine
2257 2650 2366 2700 digni.

1347 2709 1458 2758 specto
1479 2709 1538 2746 hic
1573 2708 1771 2758 eleganter.
1799 2717 1838 2747 ut
1867 2708 1996 2756 Justin.
2021 2722 2063 2746 11.
2089 2720 2145 2746 ιο.
2195 2708 2411 2762 Ceterumfi
2451 2698 2459 2707 ⁹

1357 2773 1465 2809 regem
1479 2760 1626 2808 speeies,
1656 2759 1828 2805 divitias,
1857 2772 1926 2796 non
1939 2765 2071 2797 Ducem
2095 2758 2227 2798 laudes.

1410 2827 1469 2873 46.
1497 2832 1593 2876 Saepe
1614 2826 1690 2876 plus
1700 2826 1860 2875 feritatis
1883 2824 2054 2876 habent.]
2085 2827 2243 2875 Optime
2267 2828 2305 2866 in
2328 2829 2406 2868 Va·

1359 2878 1424 2916 tic.
1445 2877 1676 2923 Maffeianm
1706 2880 1766 2922 &‚
1794 2889 1888 2928 quos
1909 2877 2026 2916 modo
2055 2879 2270 2923 nominavi,
2299 2892 2410 2920 excu-

1360 2929 1402 2967 fis
1419 2929 1514 2966 libris
1537 2957 1546 2971 ,
1576 2929 1707 2977 saevae
1733 2929 1822 2977 plus.
1850 2929 2017 2966 ConAN.
2074 2928 2166 2967 Illud
2186 2932 2285 2978 saepe
2303 2931 2410 2969 estin

1361 2981 1503 3028 Gryph.
1524 2979 1583 3017 sed
1606 2981 1737 3017 vitium
1760 2991 1955 3028 operarum
1979 2986 2082 3028 puto.
2115 2993 2289 3030 quamque
2315 2981 2413 3030 lupae

1364 3030 1535 3120 Ifieiden}
1559 3044 1733 3082 quamque
1754 3030 1853 3080 lupus
1875 3030 1981 3070 Polit.
2000 3031 2039 3068 &
2061 3029 2137 3068 duo
2161 3032 2232 3069 alii.
2260 3044 2416 3081 quamve-

1400 3093 1511 3120 ernen
1530 3110 1537 3119 .

1421 3149 1488 3190 47.
1517 3146 1597 3179 Non
1624 3152 1786 3180 metuunt
1809 3141 1930 3192 lega]
1951 3176 1960 3181 .
1979 3147 2051 3179 Nec
2079 3143 2261 3183 nonnulli.
2290 3145 2392 3195 Lege
2403 3180 2421 3201 ‚-

1422 3209 1494 3241 Nec
1515 3215 1678 3242 metuunt
1699 3205 1803 3253 leges,
1828 3216 1872 3245 ω’
1893 3204 1980 3242 cedit
2003 3205 2138 3244 viribus
2159 3220 2322 3257 aequum.

1373 3254 1476 3307 quod
1489 3257 1604 3304 magis
1616 3257 1819 3304 elegantiae
1833 3255 2044 3294 Ovidianae
2065 3258 2271 3306 respondet.
2282 3258 2423 3297 Heme.

1430 3317 1498 3367 48.
1520 3317 1589 3357 Sub
1609 3318 1684 3369 ense
1706 3316 1865 3370 jacam]
1903 3318 1944 3360 P.
1969 3319 2087 3360 Servii
2115 3320 2234 3362 codex
2253 3350 2266 3370 ‚
2300 3327 2426 3360 tacent.

2346 3379 2425 3409 non
