2495 3675
229 225 334 259 222

698 198 758 254 P.
831 192 1243 254 OVIDII
1316 187 1851 248 NASONIS

521 314 684 371 Hanc
708 314 857 378 cole,
895 312 989 386 qui
1018 310 1246 365 maculas
1278 305 1420 362 laesis
1446 303 1517 360 de
1543 303 1769 360 vestibus
1799 306 1998 363 aufers:

601 388 762 443 Hanc
791 387 935 449 cole,
973 382 1257 438 velleribus
1284 380 1522 454 quisquis
1550 378 1717 432 ahena
1742 395 1905 451 paras,
1975 379 1980 386 '

530 461 648 517 Nec
674 462 953 533 quisquam
978 456 1145 510 invita
1169 455 1326 509 faciat
1353 454 1489 507 bene
1517 452 1724 507 vincula
1749 452 1958 525 plantae

602 534 845 593 Pallade3
890 530 950 584 fir
976 527 1196 602 Tychio
1224 525 1434 581 doeiior
1461 525 1548 580 ille
1573 525 1715 580 licet.

390 611 493 679 825
534 607 606 663 Et
632 608 755 661 licet
780 603 1003 675 antiquo
1031 602 1271 656 manibus
1299 601 1519 653 collatus
1545 596 1702 669 Epeo

611 680 687 735 Sit
716 677 892 750 prior;
933 676 1065 730 irata
1088 673 1300 729 Pallade
1325 689 1544 728 mancus
1570 671 1687 726 erit.

246 907 339 937 teres
353 924 362 939 ‚
390 905 484 944 q-uos
506 903 577 942 ego
598 890 732 939 aliique
759 887 931 928 vidimus.
982 885 1201 926 Prudentius
1220 885 1292 924 Ca-

247 948 446 988 themerin.

302 1011 475 1059 Densetur
495 1009 606 1046 cuneis
625 1004 729 1044 turba
747 1002 963 1056 pedestribus.

323 1087 331 1110 ι
381 1074 547 1110 Hamart.

252 1074 421 1173 Idillrgit
440 1122 478 1159 in
489 1120 664 1159 auxilium
679 1118 890 1157 Chananeus
910 1126 1015 1168 atque
1023 1113 1166 1166 agmina
1178 1110 1304 1161 denset.

255 1188 293 1226 &
315 1185 436 1236 postea
451 1211 461 1229 ,

487 1247 656 1303 quamvis
676 1247 811 1293 denseta
828 1253 1025 1295 graventur

311 1301 456 1341 Nubila.

258 1369 308 1406 ita
329 1367 394 1405 illis
414 1367 504 1404 locis
527 1364 647 1402 codex
664 1363 869 1400 Puteaneus
895 1358 1153 1397 vetustiffimus
1175 1355 1214 1393 &
1229 1353 1312 1393 lite-

259 1420 306 1457 ris
327 1417 525 1467 majoribus
547 1415 726 1454 Romanis
748 1413 905 1460 scriptus.
933 1410 1038 1449 Silius
1057 1410 1188 1448 lib.1v.

486 1480 620 1529 saciata
637 1477 803 1516 examina
822 1476 960 1525 densent

315 1531 461 1580 Infandi
478 1538 631 1568 Senones.

264 1605 304 1644 &
321 1602 382 1642 lib.
405 1611 485 1638 xiv,

316 1659 466 1710 Perculsi
484 1674 587 1698 cuneo
613 1657 716 1697 Poeni
735 1656 920 1706 densentur
943 1654 982 1693 in
1002 1666 1127 1694 unum.

269 1729 318 1768 fic
338 1729 504 1777 optimae
519 1726 770 1764 membranae.
798 1724 836 1760 ὃς
853 1729 945 1772 puto
957 1722 1040 1760 alibi
1057 1731 1211 1772 quoque
1223 1716 1320 1774 apud

271 1780 433 1819 eundem
464 1777 512 1815 fic
542 1777 644 1815 scribi
675 1775 810 1814 debere
829 1801 841 1820 ,
875 1772 1058 1824 'quicquid
1085 1772 1226 1810 obstant
1243 1770 1322 1808 libri

269 1840 426 1871 veteres.
451 1828 667 1877 Virg.Ciri:
861 1824 867 1830 ’

323 1896 439 1941 Θέωνα
460 1891 548 1929 circa
571 1890 679 1939 tristes
700 1890 884 1938 densentur
905 1889 944 1928 in
959 1888 1078 1929 omnia
1099 1899 1234 1940 poenae.

273 1958 411 2005 Neque
431 1956 535 1994 aliter
556 1954 653 2005 apud
674 1953 763 1991 alios
789 1953 957 1992 audiores
977 1953 1104 2002 paffim
1125 1953 1162 1990 in
1174 1945 1329 2001 optimis

274 2008 370 2046 libris
388 2007 530 2055 legitur.
557 2007 644 2044 hinc
663 2004 868 2053 condenftri.
895 2006 1009 2044 utitur
1026 2013 1187 2054 utroque
1209 2002 1323 2042 verbo

275 2059 401 2109 passim
427 2058 634 2095 Lucretius.
661 2057 808 2094 Hmms.

330 2110 414 2148 821.
443 2107 552 2157 Laefis
581 2108 622 2144 de
653 2107 800 2154 vesitl’us
826 2106 980 2156 ausers.]
1035 2105 1234 2150 Fullones,
1261 2105 1327 2154 qui

278 2159 467 2209 sulphure,
494 2161 591 2197 nitro
610 2187 621 2202 ‚
650 2157 801 2196 cimelia
824 2158 943 2196 sordes
967 2156 988 2194 ὲ
1009 2156 1161 2195 vestibus
1175 2156 1326 2194 eluunt:

281 2213 346 2261 qui
369 2211 484 2259 plures
505 2212 594 2247 olim
617 2212 653 2246 in
674 2209 773 2246 Urbe
790 2237 798 2247 .
830 2210 878 2247 ob
899 2218 1001 2257 togas
1025 2209 1108 2245 miri
1137 2207 1327 2250 candoris;

282 2273 375 2311 quas
395 2261 438 2298 ab
461 2261 525 2298 usu
545 2260 692 2309 pallidas
720 2261 769 2297 bis
794 2273 827 2296 οι
852 2268 980 2308 quater
999 2258 1084 2307 lego
1105 2259 1209 2296 lotas.
1247 2257 1331 2295 Ful-

284 2312 323 2351 lo
353 2312 502 2349 Graecis
529 2316 686 2353 πλυντῖς
708 2337 718 2354 ,
755 2321 808 2348 ars
828 2313 1029 2348 ornum-ma:
1058 2309 1119 2346 sed
1141 2309 1233 2346 haec
1252 2317 1335 2346 tan-

285 2372 390 2407 tum,
417 2374 512 2412 quae
537 2363 635 2400 lavat
666 2364 703 2398 &
734 2370 859 2409 purgat
876 2361 1036 2409 perditos
1057 2359 1336 2408 maculatosque

287 2425 452 2463 pannos;
481 2413 550 2450 alia
568 2412 616 2450 est
631 2441 641 2457 ,
668 2423 763 2461 quae
785 2412 917 2449 dicitur
936 2410 1164 2457 γναφευτικῆ
1180 2438 1190 2454 ,
1214 2410 1275 2447 sed
1286 2409 1335 2446 est

291 2476 422 2502 eorum
443 2464 624 2500 fullonum
639 2491 649 2507 ,
677 2464 741 2512 qui
765 2473 828 2499 eos
848 2461 1032 2506 tondent,
1046 2469 1197 2509 carpunt
1212 2461 1336 2504 ,velli-

292 2523 376 2552 cant
400 2543 409 2559 ‚
449 2512 470 2551 a
501 2514 631 2561 γνάφω
655 2542 665 2558 ,
703 2512 725 2551 a
748 2524 824 2562 quo
845 2513 984 2560 γνάφος
1006 2540 1018 2557 ,
1048 2513 1150 2560 spina
1170 2511 1342 2558 fullonia.

291 2566 470 2604 NEA-1³01..

260 2657 268 2671 ⁸
348 2616 432 2653 822.
460 2616 632 2665 Qisquis
661 2615 775 2652 ahena
803 2613 943 2663 paras]
997 2612 1166 2651 Infestor
1193 2612 1232 2650 δί
1258 2611 1347 2650 affe-

298 2665 446 2704 &onde
464 2668 594 2716 quibus
617 2667 766 2705 vocibus
787 2665 929 2702 Festus:
960 2666 1162 2710 Infeelores‚
1190 2663 1345 2712 quialie-

300 2729 385 2752 num
406 2717 545 2754 colorem
566 2718 604 2754 in
616 2717 737 2753 lanam
758 2715 922 2763 injiciunt
935 2730 946 2749 :
974 2713 1163 2762 afferft‘ores,
1191 2713 1251 2761 qui
1269 2722 1345 2760 pro-

296 2766 372 2816 prio
392 2768 487 2804 colori
506 2782 638 2805 novum
657 2766 823 2814 afficiant.
851 2766 921 2802 alia
940 2763 1055 2801 editio
1068 2791 1077 2807 ,
1105 2763 1166 2811 qui
1179 2763 1196 2797 e
1215 2762 1345 2811 proprio

303 2816 406 2853 colore
427 2818 586 2864 efficiant.
622 2817 791 2861 Gloriae,
819 2815 985 2861 infestum
1009 2813 1264 2859 ἐνεςυμμένοκ
1290 2813 1347 2848 in-

299 2869 411 2914 fecTas
440 2869 663 2913 βεβαμμένας
687 2896 697 2912 ,
732 2867 973 2909 ἐνεςυμμένος.
1026 2864 1156 2902 Ahena
1178 2874 1267 2900 vero
1287 2872 1347 2910 pa·

314 2930 390 2953 rare
417 2919 506 2955 nihil
527 2920 645 2962 aliud,
669 2930 781 2967 quam
811 2919 845 2954 in
870 2919 910 2954 iis
933 2924 1014 2963 apta
1034 2925 1204 2964 quaeque
1223 2913 1352 2951 misce-

309 2979 347 3004 re
374 2969 418 3005 ad
440 2969 536 3006 lanas
565 2970 735 3007 fucandas
759 2982 767 3006 ε
804 2968 888 3006 vide
911 2966 1091 3003 monium
1110 2966 1285 3008 ahenum,
1315 2965 1353 3002 in

309 3029 388 3068 quo
417 3030 609 3066 purpureas
635 3020 835 3067 tingebant.
862 3018 999 3056 Seneca
1026 3018 1065 3055 in
1091 3017 1255 3054 Hercule
1275 3015 1355 3053 Oe-

310 3077 421 3106 taeo:

367 3139 440 3171 Nec
467 3131 601 3171 sidonio
624 3133 736 3169 mollis
758 3132 876 3168 aheno.

318 3236 357 3277 N
371 3183 526 3231 Repetita
544 3184 629 3222 bibit
653 3184 737 3220 lana
759 3184 909 3222 rubores.

361 3247 499 3273 EAPOL.

371 3300 459 3349 823.
490 3306 558 3338 Nec
588 3300 773 3350 quisquam
803 3298 923 3339 invita
940 3297 1089 3349 [αέα]
1130 3297 1250 3338 Faciat
1274 3308 1365 3349 qua-

323 3361 410 3392 tuor
428 3351 520 3390 libri.
559 3353 703 3391 Hzms.

2242 749 2244 751 ’
2280 743 2397 802 Vos

1400 883 1485 928 824.
1514 880 1604 919 Titio
1632 880 1759 920 dofflior
1778 881 1836 920 ille
1864 882 1982 934 licet.]
2023 883 2081 922 Sic
2097 882 2228 932 legunt
2260 887 2402 921 veteres

1347 933 1502 984 gloffarii
1526 961 1536 977 ‚
1572 934 1759 983 citamque
1779 934 1866 972 illud
1886 935 2037 973 Horatii
2061 947 2091 974 11
2113 934 2186 972 Sat.
2203 943 2268 972 111.
2293 943 2354 971 21.
2385 930 2388 934 ’

1407 1000 1486 1047 {Quo
1509 998 1611 1045 vafer
1634 997 1690 1034 ille
1709 998 1806 1046 pedes
1827 997 1963 1049 laviffet
1982 998 2093 1036 Titius
2117 1012 2204 1036 aere.

1357 1059 1428 1099 Sed
1439 1058 1552 1097 hodie
1565 1056 1661 1106 apud
1680 1057 1879 1095 Horatium
1902 1048 1983 1095 nori
2004 1057 2139 1101 Titius,
2166 1065 2207 1095 ut
2222 1057 2246 1095 ii
2264 1055 2407 1106 legunt,

1357 1111 1418 1149 sed
1437 1109 1595 1160 Sisyphus
1613 1108 1756 1156 legitur.
1776 1109 1940 1156 optimus
1959 1108 2085 1146 Vatic.
2107 1109 2144 1146 &
2158 1107 2336 1146 Statianus
2345 1107 2409 1146 ha-

1361 1163 1449 1200 bent
1462 1190 1472 1206 ,
1484 1161 1586 1198 Pitio.
1598 1158 1716 1197 Urlini
1733 1187 1743 1202 ,
1759 1158 1873 1195 Pithio
1884 1186 1895 1202 ,
1908 1159 1966 1196 alii
1981 1160 2150 1196 Vaticani
2165 1187 2175 1203 ,
2189 1158 2306 1196 phitio
2317 1186 2328 1203 ,
2348 1158 2411 1199 alii

1359 1224 1471 1254 vero,
1507 1210 1644 1259 Phytio.
1681 1220 1752 1258 ego
1783 1208 1982 1259 quomodo
2015 1208 2057 1247 fit
2086 1210 2286 1259 legendum
2314 1220 2412 1247 non-

1360 1262 1450 1300 dum
1470 1261 1584 1298 statui.
1614 1261 1781 1298 Cronia.
1810 1259 1936 1309 Tychio
1952 1260 2086 1298 Noster
2111 1261 2213 1298 liber.
2251 1260 2293 1298 ln
2315 1259 2412 1298 duo-

1362 1313 1427 1351 bus
1453 1312 1613 1350 totidem
1642 1311 1843 1356 lectiones,
1874 1310 1963 1348 ficio
1990 1312 2027 1348 ὃ(
2060 1310 2174 1355 Ὶὶήο;
2202 1310 2264 1349 sed
2287 1309 2412 1360 Tychio

1362 1362 1592 1402 scribendum
1614 1363 1893 1411 omnino‚¹qui
1915 1362 2090 1400 Homero
2114 1362 2229 1400 Iliade
2247 1364 2293 1399 H.
2319 1365 2414 1398 Σκυ-
2493 1355 2495 1400 ἔ

1366 1415 1524 1458 τοτὸμων
1541 1412 1602 1460 ’ὄχ’
1622 1412 1749 1457 hiereos.
1781 1412 1882 1449 hunc
1908 1413 2025 1460 ipsum
2055 1424 2101 1450 ex
2134 1412 2270 1451 eodem
2300 1410 2414 1461 po'e'tfi
2494 1445 2495 1450 ,

1365 1467 1537 1505 nominat
1556 1465 1668 1502 etiam
1691 1462 1818 1500 Strabo
1837 1462 1967 1501 libuit.
1985 1463 2021 1501 in
2043 1462 2211 1502 Boeotia.
2239 1463 2365 1502 Nun.

1422 1533 1508 1580 825.
1534 1529 1705 1568 Manibus
1734 1529 1878 1567 collatus
1906 1527 2028 1580 Epeo.]
2082 1529 2160 1568 Hic
2180 1530 2308 1580 opifex
2330 1530 2419 1582 equi

1371 1584 1538 1624 Duratei.
1567 1582 1746 1619 Neapor..

1426 1634 1510 1673 826.
1544 1639 1642 1669 Irata
1663 1631 1810 1669 Pallade
1827 1644 1973 1669 mancus
1991 1629 2097 1681 erit.]
2139 1630 2264 1668 Invita
2281 1632 2422 1671 Mazar-

1374 1685 1520 1725 Zulich.
1547 1684 1654 1733 prim.
1677 1682 1849 1720 Ambros.
1875 1683 2008 1727 Laeti,
2036 1684 2144 1731 prim.
2164 1682 2270 1720 Med.
2291 1682 2424 1721 decem

1377 1738 1447 1776 alii.
1474 1735 1578 1786 quod
1598 1735 1779 1783 placeret,
1807 1732 1874 1770 nisi
1895 1734 1974 1781 jam
1999 1731 2248 1779 praeccffiffet.
2276 1734 2425 1774 Notum

1378 1787 1574 1838 adagium,
1602 1796 1680 1834 quo
1709 1784 1844 1822 Cicero
1867 1795 1945 1822 non
1971 1783 2108 1830 semel,
2137 1784 2340 1830 Horatius,
2367 1784 2429 1823 alii

1379 1847 1543 1880 utuntur.
1569 1837 1717 1874 Hms.

1433 1901 1518 1947 827.
1548 1905 1608 1938 Vos
1628 1911 1757 1949 quoque
1780 1896 1973 1948 Phoebea]
2030 1898 2151 1937 Curae
2178 1909 2332 1948 quoque
2358 1898 2430 1936 fuit

1378 1951 1514 1991 Palladi
1535 1950 1775 1989 Medicorum
1797 1949 1932 1989 tutela:
1963 1960 2006 1987 ea
2026 1958 2176 1999 propter
2201 1950 2239 1988 δὲ
2263 1949 2330 1998 ipfi
2353 1955 2430 1986 Me-

1380 2003 1816 2094 ςίἒῖεεῐξὲἕὲρῐῃεῃωῑη.
1869 2000 2034 2040 Observa
2065 2013 2112 2040 ex
2142 2002 2218 2040 hoc
2245 2011 2432 2040 marmore

1456 2153 1465 2160 ’
1512 2153 1782 2195 MINERVAE
1809 2152 2038 2192 MEDICAE

1605 2219 1895 2258 CABARDIAE

1515 2278 1758 2317 VALERIA
1788 2277 2085 2315 SAMMONiA

1515 2343 1873 2383 VERCELLESIS
1900 2344 2034 2382 VOT.
2063 2343 2097 2382 S.
2127 2342 2174 2382 L.
2201 2343 2259 2382 M.

1392 2410 1568 2448 Neavor.

1447 2511 1533 2559 829.
1560 2508 1670 2558 censu
1683 2507 1862 2556 fraudata
1881 2505 2074 2555 magistri]
2101 2504 2192 2544 Sunt
2211 2506 2274 2555 qui
2292 2505 2439 2555 legant,

1392 2562 1505 2612 sensu.
1533 2561 1599 2599 Tu
1623 2562 1766 2609 cogita,
1795 2560 1848 2596 mi
1871 2558 2032 2599 Lector,
2056 2567 2145 2606 quas
2170 2558 2324 2604 ineptias
2345 2554 2441 2592 effu-

1399 2614 1469 2651 tire
1489 2619 1678 2660 cogantur.
1721 2611 1819 2648 Inter
1849 2610 1918 2647 lios
1943 2609 1992 2645 est
2016 2607 2184 2645 Fanensis
2213 2607 2250 2643 &
2276 2606 2442 2647 Marsus,

1402 2664 1441 2700 &
1456 2689 1466 2705 ‚
1493 2663 1595 2710 quod
1621 2663 1754 2699 mirum
1769 2689 1780 2706 ,
1795 2659 2033 2698 Theodorus
2059 2657 2246 2695 Marcilius
2269 2655 2314 2694 ad
2335 2655 2444 2695 Perfii

1401 2712 1489 2750 illud
1512 2712 1637 2759 Satyra
1657 2725 1719 2749 111.

1634 2782 1715 2813 Non
1727 2777 1813 2825 sano
1836 2775 1991 2814 multum
2012 2771 2195 2808 laudanda
2217 2771 2387 2821 magistro.

1405 2840 1482 2878 Hic
1500 2852 1590 2877 vero
1613 2841 1756 2877 mentio
1790 2840 1830 2879 fit
1849 2839 1981 2875 veteris
2004 2837 2240 2874 Minervalis:
2270 2849 2347 2886 quo
2370 2847 2446 2874 non

1406 2891 1517 2936 dato,
1546 2892 1767 2929 Rlietoribus
1795 2893 1832 2928 ὅ(
1863 2887 2129 2925 Grammatistis
2156 2887 2249 2924 fraus
2271 2891 2309 2924 ὅ(
2344 2887 2447 2925 dolus

1408 2941 1532 2991 aperte
1566 2942 1706 2984 fiebat;
1749 2938 1839 2977 illud
1867 2948 1990 2976 autem
2029 2939 2102 2975 lioc
2133 2938 2258 2975 mense
2289 2937 2446 2977 solutum

1409 3001 1509 3041 patet
1528 3003 1573 3029 ex
1596 2990 1790 3028 Macrobio
1820 2989 1940 3037 primo
1961 2989 2225 3026 Saturnalium:
2255 2995 2324 3025 Hoc
2344 2989 2453 3036 mense

1411 3041 1599 3086 mercedes,
1624 3041 1766 3087 inquit,
1794 3039 2013 3084 exsolvebant
2036 3040 2228 3087 magistris,
2256 3053 2342 3088 quas
2365 3050 2453 3076 com·

1381 3137 1384 3141 ¹
1410 3093 1646 3144 pletusannus
1668 3091 1779 3128 deberi
1792 3090 1887 3135 fecit.
1916 3089 2098 3128 Fraudum
2121 3089 2277 3128 caufi‘am
2298 3089 2322 3128 fi
2344 3099 2454 3139 quae-

1413 3145 1482 3188 ris,
1510 3143 1645 3180 dabant
1664 3143 1774 3180 feriae
1794 3153 1857 3190 per
1877 3141 1914 3179 id
1941 3150 2086 3189 tempus
2105 3169 2115 3185 ,
2143 3152 2228 3179 cum
2260 3140 2280 3178 a
2300 3138 2456 3190 parenti·

1416 3195 1482 3232 bus
1501 3193 1582 3232 data
1611 3205 1677 3241 pro
1710 3192 1882 3242 magistris
1917 3192 2091 3241 stipendia
2114 3192 2206 3230 ludis
2243 3194 2280 3230 &
2310 3188 2456 3228 bellariis

1418 3247 1522 3294 pueri
1539 3244 1781 3282 destinabant:
1812 3251 1915 3281 metu
1934 3244 1971 3280 ὃς
1991 3243 2131 3291 pudore
2151 3242 2272 3291 postea
2292 3241 2337 3280 ad
2353 3240 2458 3279 scho-

1418 3297 1470 3335 las
1492 3295 1664 3334 accedere
1684 3307 1763 3332 non
1784 3292 1979 3332 audebant.
2005 3294 2062 3331 Sic
2083 3293 2248 3331 didascali
2270 3293 2344 3330 fine
2364 3300 2459 3328 mer-

1424 3346 1538 3394 cede,
1566 3345 1642 3385 fine
1673 3345 1850 3394 discipulis
1872 3343 2001 3384 affoliti
2027 3355 2217 3384 remanere
2239 3357 2247 3382 ι
2274 3343 2360 3383 ideo
2379 3340 2461 3428 Ιῖῐὶο·

2426 3399 2464 3428 er

2490 1061 2493 1110 ἰ
