2495 3675
731 159 795 222 P.
870 157 1287 221 OVIDII

1357 153 1892 214 NASONIS

543 266 688 322 Inter
713 260 1011 319 confessum
1034 258 1226 320 dubie,
1259 253 1534 326 'dubieque
1558 266 1845 326 negantem
1861 297 1875 318 ‚

614 335 923 393 Haerebam
940 375 955 398 ,
992 329 1206 403 pavidas
1229 327 1391 381 dante
1415 327 1613 382 timore
1637 340 1816 382 notas:

545 410 922 482 Exemploque
949 405 1081 459 nivis
1105 439 1121 465 ,
1161 417 1323 475 quam
1345 399 1500 456 solvit
1525 401 1798 473 aquaticus
1825 398 2048 467 Auster,

400 501 469 554 90

615 482 788 538 Gutta
814 498 905 551 per
931 475 1181 529 attonitas
1208 475 1316 528 ibat
1354 473 1546 529 oborta
1571 491 1746 546 genas,

546 555 704 611 Haec
733 554 891 623 igitur
916 548 1183 609 referens3
1228 551 1277 600 δι’
1305 548 1454 618 quod
1481 564 1598 601 mea
1622 547 1845 603 crimina
1870 547 2033 621 primi

626 626 833 681 Erroris
857 622 1009 677 venia
1036 620 1180 693 polle
1204 621 1369 674 latere
1392 620 1572 681 vides;

547 698 790 769 Respicis
817 696 1096 767 antiquum
1123 693 1270 766 lapsis
1297 694 1351 747 in
1379 692 1535 746 rebus
1561 694 1822 757 amicum3

623 770 1008 838 fomentisque
1027 767 1177 837 juvas
1203 767 1420 820 vulnera
1445 765 1619 819 nostra
1646 767 1764 821 tuis,

407 863 473 917 95
549 845 651 896 Pro
676 843 868 914 quibus
890 839 1112 914 optandi
1139 837 1177 892 fi
1199 838 1349 892 nobis
1375 840 1527 909 copia
1552 838 1670 902 fiat,

612 914 756 970 Tam
783 917 920 970 bene
945 911 1242 986 promerito
1269 910 1557 966 commoda
1582 912 1725 966 mille
1752 928 1956 983 precer.

261 1178 374 1216 {onio
398 1177 432 1215 se
453 1177 543 1215 mari
575 1175 755 1214 continuo
777 1174 883 1224 ponit
902 1201 913 1218 ,
951 1174 1085 1212 Ionium
1107 1186 1174 1211 non
1195 1173 1307 1221 nostra

256 1228 430 1276 findimus
449 1233 574 1278 aequor
593 1234 722 1275 Sponte.
757 1237 880 1274 neque
899 1226 1043 1263 alterius
1066 1232 1206 1273 praeter
1232 1232 1308 1260 Ha-

262 1279 382 1315 driam
408 1290 486 1316 tota
519 1278 755 1327 navigatione
785 1279 857 1325 (de
879 1288 949 1325 qua
975 1286 1050 1313 tam
1075 1276 1210 1312 multus
1232 1275 1304 1323 est)

261 1330 349 1367 citra
363 1331 554 1367 Graeciam
569 1358 579 1374 ,
592 1329 713 1367 intulit
734 1330 980 1366 mentionem.
1000 1326 1135 1363 ibidem
1151 1325 1197 1362 de
1209 1334 1305 1363 tern-

264 1380 398 1428 pestate
413 1408 422 1422 ‚
447 1380 563 1429 procul
596 1379 737 1428 illyricis
760 1379 864 1415 laeva
883 1378 923 1415 de
939 1389 1038 1427 parte
1050 1377 1170 1413 relicta
1192 1383 1303 1414 Inter·

263 1430 358 1467 dicta
381 1432 468 1468 mihi
488 1433 639 1467 cernitur
664 1429 781 1467 italia.
809 1430 910 1478 Eleg.
932 1441 966 1467 x.

318 1482 436 1519 Litera
460 1495 693 1531 quaecumque
712 1489 757 1526 est
779 1491 847 1516 toto
872 1480 936 1517 tibi
956 1479 1041 1515 [effla
1063 1477 1200 1524 libello,

367 1533 422 1579 Est
443 1532 532 1569 mihi
543 1532 712 1580 fillzcitae
732 1542 876 1579 tempore
889 1533 993 1577 sacia
1015 1532 1094 1566 viae

313 1589 394 1621 Aut
405 1583 497 1619 hanc
507 1597 560 1619 me
568 1582 672 1631 gelidi
682 1593 860 1619 tremerem
873 1594 950 1617 cum
963 1589 1073 1628 mense
1083 1579 1280 1618 Decembris
1293 1607 1305 1626 ,

370 1635 576 1671 scribentem
605 1633 725 1669 mediis
746 1632 884 1669 Hadria
908 1632 1003 1668 vidit
1023 1633 1133 1679 aquis.

264 1687 369 1736 Quid
381 1685 484 1722 restat
502 1685 610 1732 igitur
623 1712 633 1728 ,
656 1694 693 1721 ut
705 1686 893 1722 credamus
908 1711 917 1726 ‚
937 1681 1002 1719 nisi
1015 1682 1184 1730 profecto
1200 1709 1210 1726 ‚
1232 1681 1306 1719 Ur-

265 1739 350 1776 bem
364 1736 503 1773 Nasoni
520 1733 689 1783 placulffe
703 1734 921 1782 Brundisium
936 1761 945 1777 ‚
964 1733 1094 1780 iterque
1113 1733 1204 1769 illud
1217 1732 1307 1779 quod

264 1790 392 1825 tritum
412 1788 449 1822 in
471 1785 653 1821 Graeciam
675 1785 735 1831 est.
759 1787 814 1831 (ut
835 1785 997 1831 loquitur
1009 1783 1135 1828 Cicer,
1155 1784 1244 1820 Phil.
1261 1786 1303 1830 1.)

265 1849 383 1888 quum
403 1836 627 1873 Corinthum
650 1844 788 1882 peteret
812 1861 822 1877 ‚
859 1834 1054 1870 hiemantis
1075 1843 1115 1870 ut
1136 1834 1282 1870 videtur
1297 1860 1308 1878 ,

267 1889 375 1926 maris
397 1887 486 1924 odio
509 1884 524 1923 ἓ
552 1896 636 1922 cum
676 1885 860 1922 Cicerone
889 1884 976 1920 facit
1006 1882 1133 1920 Strabo
1155 1883 1217 1920 lib.
1247 1895 1307 1921 vt.

260 1938 344 1976 ”Eva
366 1938 405 1973 δὲ
427 1938 498 1978 τοῖς
518 1937 592 1971 ἀπὸ
606 1935 671 1977 τῆς
689 1932 870 1976 ‘fluesce-
891 1934 952 1969 καὶ
986 1936 1049 1974 τῆς
1077 1933 1197 1974 ’Achate
1218 1933 1306 1970 διαί-

268 2001 374 2036 ρουσιν
404 1986 594 2028 εἱθύπλσυς
619 1988 764 2029 μᾶλλον
792 1985 871 2026 ectu
908 1982 971 2019 ἐπὶ
1006 1985 1062 2038 τὸΝ
1086 1984 1305 2027 Βρεντέσιον,

267 2045 329 2077 καὶ
349 2040 392 2080 δὴ
412 2042 474 2076 καὶ
493 2037 591 2080 δεῦρο
612 2041 751 2078 πάντες
764 2035 988 2079 καταίρουσιν
1003 2062 1012 2078 ,
1026 2036 1075 2075 οἱς
1087 2033 1136 2075 εἷς
1152 2031 1305 2075 τῆυῬώ-

267 2105 335 2137 μην
354 2090 540 2135 πρόκειται
557 2087 644 2128 ὁδός.
672 2086 730 2124 sed
745 2097 871 2135 parum
887 2084 1099 2132 proficimus
1113 2111 1124 2127 ,
1152 2085 1175 2121 fi
1193 2097 1303 2123 mon-

266 2143 324 2180 stri
349 2140 438 2190 quid
459 2139 580 2177 secum
604 2138 694 2176 ferat
726 2137 870 2184 vulgata
886 2135 1011 2173 lectio.
1057 2134 1158 2172 Illam
1178 2136 1303 2183 profe-

268 2193 331 2229 ἂο
364 2203 440 2229 non
472 2190 550 2228 satis
575 2190 672 2225 recte
702 2189 849 2236 capiunt
869 2213 880 2231 ,
917 2187 982 2235 qui
1012 2197 1146 2223 vocem
1171 2186 1303 2223 ultima

269 2254 355 2281 cum
378 2241 472 2277 vidit
493 2239 698 2278 existimant
719 2237 1030 2286 conjungendam.
1061 2238 1193 2285 Neque
1213 2249 1303 2274 vero

269 2293 368 2330 Italis
385 2304 445 2328 ora
465 2290 565 2328 idem
588 2288 636 2326 est
655 2300 739 2326 cum
759 2287 864 2324 ltalia
879 2315 888 2330 ,
916 2298 1038 2334 neque
1058 2286 1186 2323 ultima
1203 2288 1302 2324 Italis
1320 2294 1323 2297 '

266 2357 326 2381 ora
344 2355 422 2380 non
446 2341 494 2379 est
513 2341 616 2378 locus
634 2348 763 2377 certus.
784 2338 889 2374 Italia
902 2337 1055 2381 scilicet,
1071 2347 1109 2374 ut
1130 2339 1177 2375 ait
1199 2339 1299 2376 Mela

268 2407 316 2432 Π.
335 2404 373 2441 4.
403 2399 443 2429 In
463 2391 529 2428 dno
547 2403 675 2428 cornua
686 2389 859 2436 funditur
872 2415 883 2433 ‚
912 2388 1106 2437 respicitque
1125 2388 1234 2424 altero
1250 2389 1301 2425 Si-

271 2444 387 2482 culum
404 2442 541 2492 pelagus
563 2469 573 2485 ‚
611 2441 718 2476 altero
750 2441 894 2476 Ionium.
928 2439 1038 2486 paulo
1068 2438 1168 2486 post,
1197 2445 1303 2476 Frons

269 2496 342 2542 ejus
361 2495 401 2531 in
431 2493 496 2529 duo
514 2495 551 2539 se
570 2504 696 2528 cornua
721 2489 859 2536 scindit.
896 2490 934 2526 &
960 2489 1053 2526 Plin.
1071 2489 1133 2526 lib.
1158 2502 1220 2526 111.
1243 2500 1301 2527 10.

273 2559 297 2582 a
316 2544 428 2582 Locris
451 2542 575 2579 Italiae
595 2546 697 2588 frons
721 2541 843 2589 incipit
865 2567 876 2585 ,
913 2552 1042 2588 magna
1074 2540 1219 2576 Graecia
1245 2551 1305 2589 ap·

270 2595 421 2644 pellata,
452 2595 526 2632 δῖε.
545 2604 623 2641 cap.
654 2605 687 2638 ς.
716 2601 776 2641 per
794 2590 893 2639 finus
922 2590 1061 2627 lunatos
1088 2590 1153 2627 duo
1178 2604 1306 2628 cornua

273 2647 447 2684 emittens.
488 2643 631 2681 Ultima
651 2643 757 2691 igitur
777 2641 899 2679 Italiae
923 2653 987 2679 ora
1005 2640 1201 2679 Graeciam
1225 2644 1309 2690 qui-

276 2696 360 2733 dem
384 2693 691 2743 prospectantibus
713 2693 761 2730 est
791 2692 963 2740 Hydrus,
989 2691 1014 2728 fi
1035 2704 1120 2729 curn
1143 2693 1309 2741 Geogra-

276 2746 353 2794 phis
379 2746 422 2783 ad
439 2746 548 2793 ipsam
568 2745 761 2782 veritatem
782 2745 970 2790 exigamus
992 2742 1123 2780 verba:
1152 2743 1210 2780 scd
1231 2744 1310 2780 vul-

278 2807 342 2844 gus
374 2805 518 2843 propter
544 2795 773 2832 nobilitatem
808 2802 931 2840 portus
971 2792 1139 2830 ultimum
1174 2794 1311 2832 ferebat

278 2845 523 2883 Brundisium.
560 2845 607 2882 sic
638 2844 742 2881 Silius
767 2844 827 2881 lib.
847 2855 938 2881 vlu.
975 2849 1046 2880 Nec
1070 2857 1138 2881 non
1159 2844 1311 2881 Brundi-

271 2895 365 2946 stum
381 2924 389 2939 ,
418 2909 483 2946 quo
510 2893 630 2943 definit
654 2894 744 2931 Itala
764 2905 870 2932 terra.
888 2894 927 2931 δε
951 2894 1091 2932 Lucan.
1111 2895 1172 2933 lib.
1191 2907 1238 2933 11.
1265 2896 1311 2934 de

282 2946 415 2984 todem
433 2948 530 2984 loco.
558 2957 601 2985 ω’
617 2945 732 2981 adhuc
752 2973 762 2990 ‚
801 2946 967 2994 quamvis
978 2945 1159 2994 poſjederat
1177 2959 1313 2984 omnem

284 2999 448 3040 ltaliam,
476 3009 623 3032 extremo
643 2997 759 3043 sedeat
780 2996 870 3046 quod
893 2996 989 3032 litore
1009 3009 1179 3044 magnus,
1207 3003 1312 3034 Com-

284 3060 423 3084 munem
446 3058 562 3082 tamen
584 3049 638 3094 effe
655 3047 753 3085 dolet.
792 3046 952 3084 eundem
976 3047 1012 3082 &
1039 3047 1167 3084 Caesar
1190 3047 1251 3086 lib.
1282 3060 1313 3086 1.

282 3098 358 3136 Bel.
379 3097 461 3133 CiV.
482 3108 564 3133 cum
588 3097 800 3146 propinquis
825 3124 836 3141 ,
871 3101 1055 3132 Extremas
1087 3098 1212 3135 Italiae
1235 3107 1318 3147 par-

284 3158 332 3186 tes
353 3146 517 3196 appellat.
546 3146 680 3195 Neque
700 3159 762 3184 me
781 3147 939 3184 multum
961 3154 1115 3191 movet,
1143 3151 1243 3196 quod
1257 3161 1320 3187 va·

284 3199 457 3237 riaverint
475 3197 554 3234 iibri
576 3206 754 3243 quatuor;
787 3197 827 3234 Id
848 3200 885 3235 in
909 3196 1121 3235 nominibus
1139 3201 1291 3247 propriis
1305 3227 1316 3244 ,

281 3250 325 3287 ni
343 3248 409 3286 sint
427 3246 644 3284 usitatissima
660 3274 670 3289 ‚
696 3247 845 3284 solenne
864 3246 924 3284 est.
970 3247 1096 3294 Atque
1114 3249 1209 3285 adeo
1230 3261 1314 3287 cum

287 3298 387 3338 Italis
405 3297 489 3338 casu
505 3296 607 3337 recto
638 3298 777 3335 Graeca
806 3297 843 3336 &
875 3299 1001 3346 ignota
1031 3297 1152 3336 forma
1172 3298 1317 3339 librariis

2295 1039 2401 1097 Sed

1364 1171 1587 1221 displiceret,
1615 1172 1797 1209 continuo
1818 1178 1901 1209 nata
1923 1173 2034 1212 credo
2054 1175 2254 1215 istiusmodi
2271 1206 2281 1222 ,
2299 1179 2398 1216 Italis

1367 1236 1426 1260 ora
1440 1250 1449 1266 ,
1476 1222 1536 1260 seu
1556 1220 1640 1258 hora
1673 1224 1783 1270 (narn
1807 1222 1892 1259 hora
1912 1234 1978 1271 pro
1999 1238 2058 1262 ora
2078 1227 2300 1273 scribebant)
2327 1236 2401 1266 Ita-

1363 1274 1389 1309 li
1401 1272 1497 1322 stiva
1517 1301 1528 1317 ,
1566 1274 1604 1310 ὃς
1629 1273 1721 1309 Itala
1743 1272 1852 1322 fitva.
1908 1275 2082 1313 Aucron
2106 1278 2253 1316 Ειεετ.
2273 1280 2403 1319 Emi«.

1362 1324 1564 1362 Absentem
1581 1322 1685 1361 fuiffe
1711 1324 1892 1362 Ovidium
1908 1353 1919 1368 ,
1947 1338 2017 1363 nec
2036 1327 2180 1365 Romae
2203 1331 2400 1377 versatum,

1361 1386 1445 1412 cum
1462 1376 1642 1423 Augustus
1665 1387 1751 1412 eum
1774 1376 1900 1413 exsilio
1920 1378 2088 1424 puniret,
2116 1390 2262 1427 apparet
2283 1394 2328 1418 ex
2351 1383 2403 1419 E-

1358 1425 1484 1474 pistola
1513 1437 1585 1463 vit.
1615 1426 1722 1474 hujus
1749 1426 1839 1465 libri.
1861 1427 1916 1470 ybs.
1940 1441 1995 1475 54.
2063 1428 2132 1466 Sed
2165 1441 2208 1467 an
2242 1433 2276 1468 in
2304 1432 2399 1470 insu-

1357 1477 1390 1514 la
1420 1478 1530 1515 fuerit
1557 1489 1640 1514 cum
1664 1478 1862 1522 Maximo,
1884 1490 1960 1516 non
1984 1479 2147 1525 constat,
2176 1492 2245 1518 nec
2262 1482 2400 1520 ›verofi—

1361 1528 1451 1566 mile
1473 1539 1557 1565 curn
1579 1529 1660 1565 viro
1693 1529 1902 1566 doctissimo
1926 1530 2107 1568 existimo.
2135 1542 2220 1568 cum
2242 1543 2318 1581 quo
2348 1541 2403 1570 ta-

1362 1589 1448 1616 men
1468 1579 1588 1617 facere
1614 1591 1763 1628 nequeo
1785 1607 1796 1623 ‚
1836 1589 1875 1616 ut
1904 1581 2033 1617 ultima
2066 1582 2291 1630 conjungam
2314 1595 2400 1622 cum

1362 1630 1463 1666 Italis
1482 1642 1541 1665 ora
1555 1657 1565 1674 ‚
1586 1641 1670 1667 cum
1686 1631 1800 1678 magis
1813 1632 2012 1668 conveniat
2031 1632 2187 1680 jungere
2209 1636 2258 1680 τῷ
2280 1635 2374 1670 vidit
2387 1662 2399 1680 ,

1362 1688 1400 1718 ut
1420 1680 1546 1717 locum
1570 1680 1731 1725 indicet,
1752 1683 1788 1718 in
1810 1693 1886 1728 quo
1910 1682 1971 1718 fibi
1993 1683 2140 1720 ultimus
2162 1695 2247 1720 cum
2279 1685 2403 1722 Maxi-

1359 1742 1425 1768 mo
1444 1732 1552 1768 fuerit
1578 1725 1785 1780 congressus
1809 1734 1846 1769 &
1870 1732 2116 1781 colloquium.
2134 1733 2259 1772 locum
2282 1736 2401 1783 ipsum

1358 1790 1482 1819 tamen
1504 1792 1590 1818 curn
1605 1794 1682 1819 non
1700 1783 1873 1819 nominet
1887 1810 1898 1827 ,
1918 1795 2040 1832 neque
2053 1783 2116 1821 hic
2137 1785 2333 1823 necessario
2353 1787 2401 1825 de

1359 1831 1549 1869 Brundisio
1573 1841 1634 1869 aut
1656 1833 1729 1869 alio
1752 1833 1914 1880 oppido,
1943 1846 2005 1880 per
2036 1835 2139 1883 quod
2168 1836 2236 1873 iter
2264 1836 2300 1873 in
2323 1838 2402 1875 exi-

1357 1881 1451 1919 lium
1472 1884 1584 1918 iturus
1613 1882 1724 1925 fecit,
1751 1883 1946 1931 capiendus
1977 1883 2117 1928 Poe'ta;
2147 1897 2231 1923 cum
2259 1887 2297 1924 δε
2315 1896 2402 1927 ante

1362 1932 1524 1969 edietum
1554 1931 1707 1981 Augusti
1731 1932 1824 1970 diem
1839 1934 2056 1982 profec‘lionis
2075 1938 2238 1983 potuerit
2258 1938 2294 1975 in
2324 1938 2399 1978 alio

1361 1982 1503 2030 oppido
1525 1983 1736 2020 Maximum
1756 1983 1905 2026 vidisse,
1918 1997 1993 2033 quo
2014 1994 2102 2023 tunc
2116 1987 2401 2026 nuntius&ma-

1363 2032 1398 2068 la
1411 2034 1518 2079 fama
1533 2034 1632 2070 venit
1649 2034 1795 2082 irrogati
1816 2046 1835 2071 a
1856 2034 2007 2073 Caesare
2020 2035 2262 2075 exfilii.sedin
2276 2051 2312 2075 re
2323 2040 2393 2078 du-

1359 2082 1418 2121 bia
1448 2085 1485 2121 &
1506 2084 1644 2121 incerta
1668 2085 1777 2121 verba
1795 2084 1946 2133 perdere
1966 2086 2057 2124 nihil
2079 2089 2220 2126 attinet.
2245 2089 2378 2128 Eum.

1412 2134 1475 2182 87.
1504 2140 1598 2171 Inter
1634 2135 1813 2183 confessum
1843 2136 1975 2174 medius
2007 2136 2174 2187 dubieque
2219 2152 2400 2188 negantem

1358 2184 1591 2233 Haerebam.]
1630 2186 1684 2221 Tb
1707 2186 1839 2222 medius
1857 2187 1951 2225 abest
1972 2186 1992 2224 a
2013 2188 2228 2227 Sarraviano
2248 2192 2285 2227 &
2306 2191 2402 2228 duo·

1359 2235 1423 2272 bus
1444 2235 1532 2272 aliis.
1560 2234 1663 2271 Voff.
1696 2236 1832 2272 dubius.
1859 2237 1946 2274 alius
1970 2265 1981 2282 ,
2015 2239 2133 2275 medie.
2187 2239 2290 2287 Lege
2310 2251 2397 2278 cum

1361 2286 1514 2334 Argent.
1536 2286 1573 2323 &
1597 2285 1738 2323 Barber.
1770 2292 1865 2323 Inter
1890 2288 2069 2336 confeffum
2100 2287 2200 2326 dubie
2232 2290 2401 2342 dubieque

1359 2347 1555 2384 negantem.
1584 2335 1731 2375 Hfims.

1412 2400 1472 2445 89.
1501 2399 1728 2448 Exemploque
1763 2399 1857 2436 nivis
1878 2429 1888 2444 ,
1934 2414 2042 2449 quam
2075 2399 2189 2439 mollit
2218 2405 2403 2454 aquaticus

1359 2449 1533 2499 Austera]
1566 2451 1643 2487 Diu
1666 2449 1715 2486 est
1733 2450 1834 2498 quod
1852 2450 1959 2496 [olvit
1982 2451 2212 2491 scribendum
2235 2456 2322 2493 vidi.
2347 2456 2403 2494 id·

1361 2514 1435 2590 {iu}
1448 2502 1696 2550 fragmentum
1714 2499 1939 2539 Vaticanum
1963 2502 2170 2542 confirmat.
2186 2505 2343 2544 Metam.
2355 2518 2402 2546 11.

1392 2567 1544 2652 §Qippe
1561 2601 1647 2638 color
1669 2602 1763 2639 nivis
1780 2603 1852 2648 eft,
1879 2616 1987 2653 quam
2011 2618 2069 2641 nec
2093 2605 2238 2655 vestigia
2259 2607 2342 2646 duri

1415 2654 1605 2690 calcavere
1621 2653 1736 2701 pedis,
1765 2665 1824 2688 nec
1838 2653 1946 2701 fhlvit
1963 2656 2146 2704 aquaticus
2166 2659 2312 2705 Auster.

1364 2717 1511 2804 bineli<
1535 2716 1634 2752 nives
1648 2715 1783 2765 solutae
1799 2717 1924 2765 paffim
1945 2717 2041 2766 apud
2056 2718 2244 2760 Nostrum.
2280 2723 2404 2771 Luca·-

1366 2779 1433 2805 nus
1467 2778 1476 2804 1
1504 2778 1545 2803 ro
1569 2779 1621 2804 ix.

1673 2833 1782 2869 calido
1800 2846 1868 2871 non
1885 2846 1984 2883 ocyus
2003 2834 2137 2883 Austro

1419 2888 1490 2919 Nec
1512 2883 1658 2931 resoluta
1677 2885 1784 2922 cadit.

1367 2933 1460 2973 libro
1484 2946 1539 2973 lv·

1421 2984 1588 3034 Riphaeas·
1610 2985 1674 3023 huc
1684 2985 1783 3033 solve
1801 2985 1912 3024 nives.

1373 3047 1421 3086 fic
1443 3050 1480 3086 ὅ(
1501 3051 1584 3088 alibi
1606 3051 1721 3090 idem.
1759 3050 1904 3088 Solinus
1927 3062 1992 3099 cap
2027 3049 2084 3097 38.
2111 3060 2156 3086 ex
2175 3049 2319 3088 vetusto
2339 3061 2406 3090 co-

1373 3099 1454 3137 dice
1469 3128 1479 3144 ‚
1494 3115 1572 3138 vere
1592 3115 1669 3139 cum
1681 3102 1779 3138 nives
1791 3102 1933 3147 solvant
1947 3129 1957 3144 ,
1970 3111 2035 3147 pro
2046 3099 2242 3137 solvuntur.
2257 3102 2407 3142 Herus.

1375 3150 1532 3188 Reddidi
1576 3161 1699 3190 tamen
1732 3152 1845 3188 mollzt
1867 3178 1878 3194 ,
1922 3149 2035 3197 quod‘
2062 3161 2137 3187 non
2170 3154 2290 3189 minus
2323 3165 2407 3201 pro-

1375 3200 1462 3238 bum
1491 3202 1613 3240 haberi
1634 3202 1739 3251 poffit
1770 3203 1858 3237 haec
1885 3200 1964 3246 loca
1996 3200 2245 3248 spectantibus.
2275 3204 2407 3244 Horat.

1372 3263 1436 3289 ΠΙ.
1459 3252 1534 3289 Od.
1555 3262 1616 3300 24.
1644 3255 1790 3288 duratae
1813 3249 1876 3292 (ole
1905 3263 1999 3286 mves
2025 3278 2035 3293 ,

1372 3303 1458 3349 692.
1505 3303 1634 3339 Induro
1670 3301 1769 3339 nives
1794 3326 1804 3343 ,
1847 3301 1967 3349 inquit
1997 3299 2161 3348 Boreas,
2207 3304 2247 3342 ὃς
2280 3305 2407 3353 quidni
2458 3314 2459 3318 ’

2344 3355 2405 3394 hic
2441 3390 2443 3394 .

2074 3251 2205 3290 Noster
2233 3254 2326 3291 Met.
2353 3265 2407 3294 VI.
2468 3254 2471 3258 ’
