2495 3675
713 185 774 241 P.
849 180 1263 240 OVIDII

213 213 242 249 *1
250 210 314 262 42

1331 176 1926 243 NASONIS*

371 319 470 372 725
511 299 838 372 Tarquinius
856 298 1061 370 juvenis
1085 296 1254 354 socios
1277 296 1606 371 dapibusque
1634 316 1894 374 meroque

581 373 797 444 Accipit
814 412 829 436 ‚
867 385 1027 443 atque
1052 370 1148 425 illis
1171 372 1328 443 Rege
1354 384 1561 426 creatus
1586 371 1683 427 ait:

509 446 655 502 Dum
681 463 776 500 nos
801 441 1036 499 difficilis
1064 444 1217 515 pigro
1246 457 1393 500 tenet
1421 443 1605 499 Ardea
1641 445 1810 510 bello,

584 519 700 572 Nec
725 518 839 572 sinit
867 517 933 570 ad
960 517 1156 588 patrios
1184 536 1325 572 arma
1349 516 1550 573 referre
1578 516 1757 582 Deos;
1890 532 1893 533 ’

517 590 729 662 Ecquid
760 591 812 644 in
840 588 1029 644 officio
1055 602 1203 646 torus
1227 589 1302 644 est
1326 590 1557 645 socialis?
1599 591 1651 644 &
1682 594 1883 665 ecquid

373 685 474 735 730

585 662 918 734 Conjugibus
942 662 1129 718 nostris
1154 677 1336 718 mutua
1360 681 1485 718 cura
1508 662 1714 718 sumus?

517 736 759 808 Quisque
785 735 940 805 suam
961 737 1188 790 laudant.
1228 734 1408 789 studiis
1432 736 1721 791 certamina
1744 739 1987 796 crescunt
2003 763 2033 803 ς,

595 810 665 863 Et
691 808 902 864 fervent
928 810 1099 863 multo
1124 809 1408 881 linguaque
1436 825 1641 881 corque
1669 826 1836 867 mero,

521 881 701 954 Surgit
729 920 743 944 ,
783 882 867 937 cui
900 883 1103 936 clarum
1127 881 1351 936 dederat
1382 879 1608 936 Collatia
1632 898 1866 949 nomem

599 957 725 1011 Non
753 972 884 1027 opus
912 953 987 1008 est
1010 954 1212 1019 verbiS,
1252 953 1458 1009 credite
1483 954 1668 1018 rebus,
1709 957 1796 1012 ait.
2029 1016 2033 1020 ,

382 1049 480 1100 735
519 1032 646 1087 Nox
670 1026 920 1100 superest:
966 1028 1214 1083 tollamur
1238 1028 1415 1101 equi5‚
1449 1025 1762 1099 Urbemque
1789 1041 2043 1102 petamus.

601 1100 758 1158 Dffica
785 1102 1018 1174 placent:
1058 1100 1221 1157 frenis
1244 1099 1613 1173 impediuntur
1644 1103 1786 1176 equi.

241 1319 302 1359 sed
339 1326 427 1358 tunc
464 1315 568 1355 versu
598 1316 672 1366 seq.
699 1314 783 1365 lege
805 1341 815 1359 ,
847 1314 996 1364 jamque
1019 1313 1114 1365 pati.
1136 1313 1283 1353 Herus.

295 1399 378 1432 722.
406 1392 536 1435 Longas
566 1382 732 1431 obfid1'0ne
759 1381 910 1432 moras.]
967 1383 1098 1421 Livius
1125 1380 1171 1421 de
1196 1381 1284 1420 urbe

244 1438 401 1477 obseffa:
431 1444 472 1474 In
499 1437 541 1474 iis
561 1435 706 1476 stativis
734 1434 798 1483 (ut
811 1433 881 1481 fit)
919 1433 1013 1482 longo
1038 1433 1148 1482 magis
1177 1445 1285 1483 quam

246 1489 320 1526 acri
343 1488 447 1532 bello,
469 1488 557 1537 satis
575 1486 673 1524 liberi
703 1494 911 1522 commeatus
938 1493 1063 1529 erant,
1086 1483 1294 1534 primoribus

247 1550 369 1577 tamen
387 1539 496 1586 magis
517 1550 624 1586 quam
647 1534 831 1573 militibus.
869 1536 1046 1573 NEApor..
1073 1540 1199 1572 Lentus
1220 1547 1295 1571 mo-

249 1604 307 1627 ras
335 1591 476 1627 Mazar.
508 1588 651 1626 Zulich.
681 1584 785 1622 Voff.
810 1587 848 1622 &
876 1585 934 1623 sex
965 1585 1036 1623 alii.
1080 1585 1129 1623 fic
1159 1585 1294 1622 lentum

247 1640 402 1678 duellum
424 1639 533 1677 habes
554 1637 649 1686 apud
672 1636 874 1673 Horatium
892 1635 986 1673 libro
1004 1648 1032 1673 1.
1055 1635 1164 1683 Epist.
1186 1648 1230 1673 11.
1258 1638 1297 1673 ὃς

245 1692 306 1730 lib.
329 1704 375 1730 ιι.
404 1690 514 1739 Epist.
534 1700 580 1726 11.
609 1689 756 1726 Huius.
784 1686 874 1724 Non
897 1686 1057 1725 multum
1076 1686 1199 1725 refert.
1214 1687 1298 1726 infr.

247 1742 309 1781 lib.
329 1754 395 1780 111.
424 1752 514 1787 204.

301 1820 495 1870 Trafflaque
513 1824 614 1855 erant
632 1813 732 1864 longa
754 1813 843 1852 bella
857 1812 1048 1864 propinqua
1060 1818 1174 1856 mora}

253 1894 291 1934 δε
312 1908 328 1934 1
348 1895 458 1934 Trist.
478 1908 542 1934 111.
563 1895 599 1933 8.

306 1966 517 2012 Torpuerant
537 1961 637 2011 longa
652 1963 789 2012 peett‘ora
812 1960 925 2011 nostra
947 1973 1057 2001 mora.

253 2028 326 2066 Pro
357 2028 515 2066 omittere
539 2057 550 2074 ‚
599 2031 796 2068 contendere
817 2040 933 2080 pugna
963 2032 1116 2069 Putean.
1155 2029 1196 2068 &
1224 2028 1300 2068 duo

254 2078 326 2167 ΞΜ.
356 2085 583 2118 Contemnere
597 2091 751 2131 pugnam
768 2083 894 2121 Petav.
913 2084 952 2120 ὃς
975 2083 1156 2131 Excerpta
1169 2081 1302 2120 Voffii.

293 2142 341 2167 UR
350 2143 389 2167 M.

308 2204 391 2238 724.
419 2195 609 2242 Luditur]
645 2195 817 2234 Conditus
838 2182 876 2233 in
894 2209 922 2235 c.
940 2209 972 2233 o.
986 2209 1033 2235 m.
1050 2195 1153 2234 habet
1179 2194 1302 2234 Laeti.

258 2244 416 2281 conditus
434 2247 545 2283 etiam
566 2246 708 2284 Fames.

312 2314 396 2353 725.
422 2307 633 2354 Tarquinius
648 2307 826 2357 juvenis]
876 2307 1012 2345 Nescio
1033 2317 1096 2345 cur
1116 2306 1303 2356 ambigant

262 2354 476 2402 interpretes
496 2384 506 2400 ,
541 2370 584 2394 an
615 2359 676 2395 hic
706 2359 930 2407 Tarquinius
959 2357 1001 2395 stt
1025 2358 1154 2396 Sextus
1176 2385 1188 2404 ‚
1216 2368 1302 2396 cum

263 2403 310 2442 de
332 2406 467 2444 eodem
488 2408 609 2455 paullo
630 2409 709 2456 post
729 2409 902 2457 legerint:

317 2476 453 2507 Interea
467 2472 612 2520 juvenis
619 2472 770 2518 furiales
789 2473 897 2521 regius
913 2471 1004 2520 ignes

369 2523 538 2571 Concipit.

268 2601 305 2638 δε
329 2611 419 2638 mox
439 2600 618 2648 ipsemet,
645 2601 760 2640 multa
783 2599 905 2639 secum
930 2601 1058 2638 animo
1079 2599 1269 2638 volutans:

395 2676 554 2725 Cepimus
569 2677 727 2715 audendo
748 2663 893 2713 Gabios(

1090 2676 1215 2713 Nem.

273 2749 399 2798 Lege,
414 2752 563 2799 juvenes
577 2753 691 2801 βείω.
716 2754 773 2802 agi
794 2753 893 2790 enim
909 2751 954 2788 de
967 2758 1067 2798 patre
1089 2750 1317 2797 Tarquinio,

273 2812 350 2838 non
376 2801 473 2843 filio,
501 2816 596 2850 quae
626 2804 824 2854 sequuntur
853 2803 1031 2839 evincunt
1054 2828 1064 2844 ,
1092 2813 1134 2836 ex
1156 2800 1227 2837 iltis
1247 2812 1318 2847 rege

275 2861 408 2886 creatus
426 2853 486 2887 ait.
519 2854 663 2891 Herus.
701 2855 734 2892 Si
757 2853 950 2902 sequamur
972 2850 1163 2888 Heinfiutn
1179 2878 1189 2894 ‚
1215 2850 1319 2888 vide·

275 2909 334 2938 tur
355 2901 441 2939 alius
463 2901 532 2940 esse
552 2903 777 2953 Tarquinius
792 2932 801 2948 ‚
831 2911 1116 2951 nemperpater,
1136 2902 1201 2951 qui
1221 2902 1320 2939 exci-

278 2952 500 3000 pitjuvenes
523 2981 533 2996 ‚
574 2955 612 2991 &
635 2956 746 2999 alius,
775 2956 837 3001 qui
870 2965 954 3002 rege
989 2960 1127 2990 creatus
1160 2952 1229 2996 est,
1258 2952 1322 3001 qui

279 3009 355 3039 erat
382 3003 474 3038 inter
497 3003 667 3049 juvenes.
693 3005 752 3042 sed
772 3005 890 3042 sermo
914 3003 1097 3052 praesente
1119 3012 1218 3050 patre
1245 3014 1323 3040 non

280 3051 587 3091 videtui-habitus.
614 3066 727 3102 quare
747 3056 912 3100 antiquas
932 3054 1114 3090 editiones
1129 3053 1324 3101 &scriptos

281 3102 427 3140 codices
448 3107 485 3139 ὅ(
508 3104 707 3141 Fanensem
732 3104 842 3140 secuti
873 3106 1026 3151 legimus
1053 3130 1062 3146 ,
1090 3103 1256 3152 juvenis,
1283 3105 1321 3140 &

281 3153 446 3202 sequenti
475 3154 576 3191 versu
612 3166 697 3192 cum
729 3155 787 3191 stit
816 3154 949 3202 scriptis
974 3181 983 3196 ‚
1020 3164 1125 3202 atque
1152 3153 1222 3189 illis
1253 3166 1324 3201 rege

283 3213 440 3247 creatus,
470 3204 522 3239 ait
544 3233 553 3248 ‚
583 3206 629 3242 ita
650 3206 777 3242 omnia
799 3212 881 3253 apte
912 3204 1170 3241 cohaerebunt.
1201 3205 1323 3252 inepte

286 3255 468 3303 Crispinus
489 3269 528 3291 ex
547 3254 617 3292 illis
636 3257 810 3303 exponit,
838 3253 916 3303 post
935 3265 1097 3291 caenam.
1127 3254 1259 3293 Eum.

341 3330 425 3369 727.
451 3323 550 3358 Dum
574 3333 631 3358 nos
642 3321 804 3370 fhllicitos
824 3320 917 3370 pigro
946 3330 1035 3358 tenet
1054 3321 1176 3358 Ardea
1203 3319 1326 3369 belle]

2254 1177 2382 1235 Per-

1337 1309 1502 1360 Difficilis
1522 1310 1646 1349 Ardea
1674 1311 1819 1355 Arond.
1849 1313 1954 1356 Vols.
1971 1315 2117 1356 Zulich.
2142 1316 2244 1355 Maz.
2275 1314 2385 1353 Laeti

1337 1363 1472 1413 aliique
1502 1363 1721 1420 complures.
1767 1366 1805 1403 δι
1844 1366 1955 1407 reete.
2000 1368 2048 1406 fic
2082 1368 2211 1413 Janua
2240 1365 2390 1424 difficilis

1340 1414 2391 1518 tffifflsfflt1¹35}tatinga?ass‘zzizuftffl:

1346 1516 1388 1554 lis
1416 1527 1494 1554 non
1532 1523 1608 1554 erat
1639 1514 1808 1556 accessus.
1860 1519 1960 1557 Artis
1990 1520 2206 1558 Amatoriae
2235 1519 2328 1558 libro
2361 1529 2391 1556 1.

1348 1578 1435 1616 433·

1349 1681 1388 1720 H
1400 1637 1556 1682 Tempore
1576 1632 1726 1682 difficiles
1743 1636 1894 1674 veniunt
1909 1636 1958 1674 ad
1978 1645 2103 1675 aratra
2116 1635 2276 1687 juvenci.

1395 1694 1499 1723 ems.

1400 1744 1485 1790 728.
1514 1746 1577 1782 Ad
1597 1747 1729 1796 patrios
1755 1761 1858 1785 arma
1879 1750 2002 1797 refhrre
2025 1748 2143 1799 deon]
2193 1749 2335 1788 Petavii
2356 1748 2396 1787 ἃ

1353 1794 1414 1833 sex
1439 1796 1496 1833 alii
1518 1796 1735 1841 habent,ad
1760 1800 1894 1848 patrias
1913 1800 2037 1837 domos.
2065 1799 2125 1839 sed
2144 1799 2396 1839 nihilmutan-

1355 1845 1445 1885 dum
1468 1855 1569 1896 patet
1591 1859 1636 1886 ex
1657 1848 1766 1898 Epist.
1791 1863 1817 1887 1.
2291 1860 2293 1863 ·
2336 1862 2338 1864 ’

1406 1913 1555 1952 Ponitur
1571 1916 1621 1952 ad
1636 1916 1767 1965 patrios
1787 1916 1937 1955 barbara
1956 1919 2087 1968 praeda
2106 1919 2193 1958 deos.
2226 1918 2361 1958 Buttm-

1407 1987 1494 2026 729.
1520 1978 1656 2028 Ecquid
1674 1980 1711 2016 in
1734 1979 1835 2029 officio
1855 1991 1950 2019 torus
1967 1982 2010 2030 est
2030 1983 2189 2032 finialis?
2208 1983 2223 2033 ]
2279 1984 2402 2022 Num-

1354 2028 1444 2076 quid
1466 2040 1533 2066 nos
1562 2031 1750 2078 reciproce
1779 2041 1906 2070 amant
1933 2045 2066 2072 uxores
2098 2033 2275 2072 nostrae?
2311 2046 2402 2072 num

1358 2079 1501 2117 servant
1524 2081 1732 2130 conjugales
1758 2082 1879 2130 leges?
1908 2084 2031 2122 Neam.
2090 2084 2252 2134 Inciffimfh
2272 2086 2404 2123 Putea-

1355 2140 1458 2168 neus.
1484 2130 1574 2168 nihil
1594 2142 1708 2170 muta.
1722 2134 1854 2173 Cicer.
1867 2147 1894 2171 1.
1915 2134 1959 2173 ad
1984 2136 2061 2172 Att.
2080 2147 2107 2172 1.
2138 2135 2279 2183 Confido
2298 2135 2402 2172 illum

1356 2181 1395 2217 in
1412 2179 1515 2228 officio
1526 2183 1612 2226 fhre.
1640 2182 1689 2220 fic
1705 2184 1744 2220 ἃ
1764 2183 1882 2222 hostes
1895 2212 1905 2228 ‚
1935 2187 1996 2233 qui
2023 2185 2056 2222 se
2089 2185 2249 2229 dedunt,
2276 2185 2315 2221 in
2333 2184 2404 2232 offi-

1359 2231 1407 2267 cio
1433 2230 1491 2276 effe
1514 2231 1683 2270 dicuntur
1705 2233 1892 2271 Liv.vrn.
1913 2247 1967 2280 ¹9·
1994 2235 2123 2272 Caesar
2142 2247 2176 2272 v.
2190 2235 2234 2272 de
2256 2235 2342 2272 Bell.
2355 2236 2404 2273 G.

1359 2293 1391 2317 2.
1419 2282 1457 2318 ὃς
1479 2280 1600 2318 Servi:
1633 2283 1704 2321 vid.
1738 2284 1782 2321 ad
1804 2285 1982 2333 Quinctil.
2013 2297 2102 2323 vm.
2128 2285 2174 2323 de
2195 2285 2278 2323 Inst.
2298 2286 2405 2324 Orat.

1358 2342 1528 2380 prooem.
1551 2332 1679 2371 Burin.

1414 2413 1499 2448 732.
1528 2405 1572 2437 Et
1585 2403 1702 2448 servet
1726 2403 1873 2454 multa]
1931 2412 2081 2442 Fervent
2101 2405 2241 2443 Mazar.
2265 2405 2408 2444 Zulich.

1364 2450 1470 2489 Voff.
1493 2451 1668 2490 Arondel.
1692 2457 1727 2491 ὃς
1748 2456 1837 2492 octo
1856 2456 1914 2493 alii
1936 2468 1979 2492 ex
1994 2455 2320 2504 praestantioribus.
2341 2454 2409 2494 Su·-

1365 2501 1501 2551 periori
1526 2504 1634 2540 etiam
1668 2505 1793 2545 versu.
1824 2507 1979 2554 §Quisque
1998 2507 2106 2554 suam
2129 2505 2303 2552 laudant,
2330 2519 2408 2545 non

1371 2553 1520 2599 laudat,
1547 2554 1854 2602 Gottorphianus.
1881 2558 2044 2595 venuste.
2072 2557 2118 2595 de
2147 2569 2225 2608 quo
2250 2557 2333 2594 alibi
2358 2556 2409 2594 est

1371 2602 1526 2641 dietum.
1555 2604 1707 2642 Herus.
1921 2631 1925 2635 ι

1424 2665 1441 2695 7
1450 2665 1509 2702 33.
1535 2656 1648 2702 Surgit
1669 2655 1723 2692 cui
1739 2656 1919 2706 dederan]
1964 2657 2199 2695 Scribendum
2227 2656 2285 2693 vel
2314 2656 2412 2694 invi-

1371 2702 1415 2739 tis
1441 2705 1661 2742 membranis
1685 2733 1695 2749 ‚
1731 2708 1874 2756 Surgite.
1908 2714 1947 2744 ut
1971 2706 2145 2744 Collatini
2173 2706 2290 2745 socios
2323 2707 2415 2745 allo-

1371 2755 1516 2801 quentis
1534 2756 1651 2792 oratio
1671 2756 1756 2793 hinc
1776 2759 1936 2805 incipiat.
1964 2757 2110 2794 Heius.

1424 2827 1510 2864 733.
1537 2810 1683 2854 clarum
1701 2819 1855 2857 Collatia
1873 2819 2025 2869 nomen]
2053 2818 2279 2869 Tarquinius
2290 2820 2413 2859 Colla-

1372 2867 1469 2905 tinus
1491 2868 1610 2916 Egerii
1632 2869 1667 2905 F.
1697 2870 1819 2906 Nem.

1428 2928 1515 2966 737,
1543 2920 1762 2955 Pet-tulerant
1783 2919 2127 2968 dominos.]Montes
2137 2921 2238 2959 Maz.
2252 2921 2414 2959 Voffian.

1372 2968 1591 3018 protulerant
1613 2970 1762 3006 Putean.

1431 3029 1516 3067 739.
1545 3017 1637 3066 Fusts
1655 3029 1713 3067 per
1732 3020 1817 3056 colla
1838 3021 2004 3072 carmin]
2043 3022 2132 3058 Duo
2153 3021 2323 3058 vatican.
2346 3027 2418 3058 Ca-

1374 3067 1482 3118 pillis.
1507 3068 1674 3106 Cxofan.
1714 3071 1797 3109 Erat
1821 3071 1857 3108 id
1877 3072 1973 3120 apud
1995 3083 2083 3108 avos
2103 3072 2327 3109 vinolentiae
2350 3084 2421 3109 no-

1376 3128 1423 3156 ta.
1453 3120 1574 3157 ΝΕΑΡ.
1601 3120 1746 3169 Capillis
1764 3123 1874 3160 etiam
1899 3121 2124 3159 Arundel.&
2147 3123 2330 3159 innumeri
2344 3123 2419 3167 alii,

1377 3169 1437 3207 sed
1467 3181 1653 3218 perperam
1691 3181 1815 3209 tamen
1838 3187 1848 3215 ;
1893 3172 1988 3221 fusae
2031 3173 2130 3209 enim
2168 3185 2306 3209 coronae
2341 3172 2426 3220 sunt,

1383 3219 1543 3267 delapsae
1573 3219 1593 3257 a
1618 3223 1735 3269 capite
1763 3223 1802 3260 &
1830 3224 1878 3259 ita
1906 3222 2063 3264 solutae,
2087 3231 2127 3259 ut
2149 3234 2225 3270 pars
2249 3223 2365 3260 adhuc
2383 3222 2426 3259 in¹

1383 3271 1483 3358 cqllis
1500 3271 1688 3318 haereret,
1715 3281 1755 3310 ut
1781 3272 1897 3310 solent
1918 3270 1988 3310 effe
2018 3273 2134 3311 ebriis.
2160 3281 2200 3313 ut
2218 3286 2233 3312 1
2253 3275 2340 3312 Am.
2361 3284 2421 3311 vr.

2340 3377 2425 3410 Ma-
