2495 3675
448 179 622 237 FA

695 167 1389 232 STORUM
1499 174 1692 234 L113.

1765 180 1845 238 111.
2104 201 2206 249 203

347 295 501 354 Tum
527 295 759 369 primum
782 291 932 347 Dido
958 289 1085 344 felix
1113 285 1187 340 est
1214 285 1354 341 diffi'ca
1377 287 1572 353 sorori,

421 369 493 424 Et
518 382 890 443 quaecumque
915 363 1142 441 aliquam
1169 377 1399 433 corpore
1429 363 1611 434 pressit
1639 365 1879 426 humum.

349 444 558 516 Figitur
583 443 649 496 ad
675 441 914 496 Laurens
937 435 1146 504 ingenti
1169 432 1385 489 flamine
1412 436 1534 492 litus

204 523 309 574 600

424 516 648 588 Puppis:
690 512 771 573 δε,
806 506 1056 579 expofitis
1081 506 1360 570 omnibus,
1398 509 1573 566 hausta
1600 513 1756 586 perit.

342 591 460 663 Jam
483 590 599 660 pius
625 583 825 640 AEneas
848 597 1020 652 regno
1046 583 1278 653 nataque
1303 580 1485 637 Latini

424 660 628 716 Aucius
653 667 796 718 erat;
838 655 1064 726 populos
1099 653 1488 728 miscueratque
1515 657 1666 716 duos,

349 735 540 791 Litore
569 730 770 791 dotali,
812 727 925 782 solo
950 726 1237 782 comitatus
1261 728 1502 793 Achate,

421 805 703 860 Secreturn
727 801 876 857 nudo
902 800 1032 854 dum
1061 801 1200 872 pede
1228 802 1395 874 carpit
1422 803 1558 868 iter3

208 890 308 951 605
348 877 592 950 Adspicit
618 888 912 937 errantem,
949 890 1051 928 nec
1077 874 1301 929 credere
1328 875 1542 931 sustinet
1572 878 1782 935 Annam

425 949 562 1005 Esse.
601 948 733 1020 quid
760 948 816 1002 in
848 947 1035 1001 Latios
1064 946 1148 1000 illa
1177 949 1383 1003 veniret
1411 952 1602 1020 agros?

346 1026 496 1082 Dum
519 1023 699 1079 secum
728 1019 951 1076 AEneas:
994 1022 1152 1074 Anna
1187 1020 1292 1085 est,
1332 1020 1610 1079 Exclamat
1638 1025 1887 1081 Achates,

423 1097 516 1152 Ad
545 1112 747 1151 nomen
772 1095 947 1149 vultus
974 1091 1172 1147 sustulit
1198 1094 1280 1148 illa
1305 1094 1439 1151 suos.

349 1171 479 1244 Quo
505 1169 705 1242 fugiat?
747 1167 878 1239 quid
903 1167 1053 1238 agat?
1096 1184 1233 1239 quos
1259 1181 1431 1223 terrae
1459 1185 1674 1242 quaerat
1705 1171 1907 1227 hiatus?

211 1251 312 1303 610

424 1246 570 1300 Ante
598 1242 784 1296 oculos
814 1240 1034 1295 miserae
1059 1239 1163 1293 fata
1192 1240 1384 1296 sororis
1414 1257 1581 1298 erant.

351 1317 550 1381 Senfit‚
588 1317 641 1370 &
671 1314 980 1386 adloquitur
1007 1313 1269 1385 trepidam
1295 1314 1622 1386 Cythereius
1649 1318 1835 1374 heros:

427 1391 545 1446 Flet
571 1401 752 1443 tamen
776 1385 1058 1441 admonitu
1080 1386 1300 1450 mortis,
1337 1388 1522 1454 Elissa,
1560 1403 1698 1447 tuae.

65 1611 113 1651 'tis
131 1609 241 1648 etiam
267 1600 373 1643 Voff.
401 1599 722 1640 Aronde1.Petav.
739 1599 849 1648 prim.
869 1598 1042 1637 Ambros.
1071 1599 1110 1637 &

68 1660 175 1700 multi
193 1657 265 1696 alii.
305 1655 330 1693 ιὶ
358 1654 448 1690 votis
478 1651 622 1689 Zulich.
651 1649 673 1688 a
702 1661 816 1689 manu
834 1651 963 1699 prima.
990 1651 1113 1688 aliiae

66 1712 129 1751 vel
155 1720 211 1751 &u
234 1717 301 1757 pro
318 1706 346 1743 is
366 1704 428 1742 sex
447 1702 549 1746 libri,
572 1701 638 1739 lais.
666 1702 807 1739 Mazar.
828 1703 866 1739 &
893 1713 986 1739 unus
1005 1701 1111 1739 Med.

68 1763 136 1802 hic.
146 1762 270 1809 Lege,
296 1756 432 1801 Utitur,
464 1763 503 1790 at
524 1752 639 1790 votis:
668 1751 727 1789 hic
747 1765 879 1803 quoque
893 1752 997 1802 poscit
1009 1761 1112 1801 opem.

69 1813 155 1858 vel,
180 1812 246 1848 vix
275 1820 404 1859 quoque
425 1803 531 1856 poscit
560 1813 668 1854 opem.
724 1803 784 1842 De
805 1804 902 1841 votis
919 1811 1113 1841 nautarum

70 1862 352 1915 periclitantium
369 1857 452 1896 alibi
465 1855 643 1894 dicemus.
670 1856 815 1894 Hzms.
843 1854 1113 1904 Fortescripsit‚

70 1926 110 1954 at
132 1913 248 1953 votis.-
267 1909 317 1962 fic
334 1921 463 1962 quoque
476 1907 580 1957 poscit
597 1916 699 1957 opem.
724 1906 810 1945 licet
827 1917 905 1944 non
918 1914 1038 1944 utatur
1058 1917 1112 1943 ar-

71 1975 110 2006 te
133 1967 171 2004 &
192 1963 365 2008 habenis,
395 1962 432 1998 &
461 1959 628 1997 videatur
657 1958 864 2008 desperare,
892 1956 941 1995 fic
958 1969 1112 2006 quoque

70 2026 199 2057 tamen
219 2026 330 2064 opem
353 2011 477 2061 poscit.
505 2010 594 2054 nifi,
619 2011 705 2059 quia
724 2011 762 2047 in
784 2009 908 2047 multis
934 2009 1005 2054 est,
1034 2008 1110 2054 dis,

73 2068 244 2108 malimus
269 2094 279 2110 ,
323 2063 450 2102 utitur.
493 2074 515 2097 a
554 2060 645 2098 votis
683 2061 802 2112 disque
839 2059 974 2109 reposcit
1013 2070 1118 2103 opem.

34 2155 45 2163 ,
71 2118 246 2160 Heinsius
281 2116 393 2154 etiam
425 2113 655 2163 conjecerat,
676 2122 718 2150 ut
735 2111 827 2150 votis
855 2124 960 2161 usque
983 2111 1120 2161 reposcit

73 2181 174 2223 opem.
201 2168 332 2206 Euam.

127 2221 211 2272 596.
237 2216 390 2269 Oppofita
407 2215 545 2254 lumina
567 2214 655 2263 veste
686 2213 806 2264 tegit.]
851 2211 1014 2263 Appofita
1032 2213 1119 2261 veste

74 2271 156 2313 libri
176 2278 344 2322 quatuor.
365 2267 412 2305 sic
430 2267 490 2306 lib.
510 2279 561 2305 1v.
586 2279 630 2304 ex
649 2262 785 2315 scriptis
800 2294 810 2310 ,
835 2275 918 2302 ante
935 2265 1042 2302 oculos
1060 2274 1120 2314 ap-

73 2323 250 2374 posuitque
267 2333 426 2359 manum.
454 2319 566 2357 Initio
584 2326 709 2356 tamen
730 2317 808 2355 libri
834 2317 966 2366 hujus,

431 2380 544 2428 Vestae
557 2379 748 2428 fimulacra
758 2380 929 2425 ferumur

130 2434 304 2483 Virginem
327 2431 429 2469 oculis
448 2432 619 2480 opposuiffe
639 2442 779 2468 manus.

82 2487 228 2525 Hfims.
264 2482 354 2519 Vid.
377 2494 421 2518 11.
441 2482 522 2518 Art.
545 2482 626 2527 584.
783 2491 786 2494 ·

134 2560 220 2598 599.
248 2544 402 2583 Ducitur
421 2543 468 2579 ad
489 2541 679 2590 Laurens]
736 2540 841 2578 Silius
868 2539 1010 2579 Italicus
1033 2552 1124 2578 vm.

78 2601 328 2642 Punicorum:
356 2593 409 2637 J'ls.
431 2594 491 2641 65.

134 2668 220 2712 Ergo
240 2659 356 2709 agitur
375 2656 488 2706 pelago
501 2683 511 2700 ‚
540 2655 647 2693 Divis
663 2654 806 2692 inimica
817 2653 970 2703 fibique,
983 2696 994 2704 x

132 2712 238 2765 Qod
251 2714 287 2760 se
312 2721 379 2746 non
399 2707 531 2744 dederit
556 2707 713 2744 comitem
739 2705 778 2742 in
793 2709 954 2755 suprema
966 2703 1093 2754 fhrori,

135 2771 254 2803 Donec
269 2761 446 2810 sanatam
463 2757 583 2795 laceris
603 2756 822 2806 (miserabile)
849 2756 958 2802 velis,

136 2813 270 2854 Fatalis
291 2810 390 2848 turbo
411 2810 448 2845 in
468 2814 655 2846 Laurentes
675 2806 805 2857 expulit
823 2820 917 2844 oras:

137 2873 220 2905 ‚Non
240 2862 347 2906 caeli,
376 2873 444 2897 non
464 2859 527 2896 illa
538 2860 623 2907 fili,
652 2872 720 2895 non
735 2871 848 2907 gnara
870 2858 1063 2904 colentum,

140 2916 273 2955 Sidonis
291 2913 329 2950 in
353 2910 460 2948 Latia
479 2909 672 2960 trepidabat
690 2911 862 2958 naufraga
884 2908 991 2947 terrei.

92 2981 217 3020 NEAP.
244 2976 377 3025 Figitur
391 2975 531 3012 Mazar.
548 2973 691 3012 Zulich.
712 2972 817 3021 prim.
838 2971 1005 3009 Ambros.
1030 2971 1126 3009 Lae-

89 3033 130 3070 ti.
146 3027 248 3068 Voff.
268 3025 412 3065 Arond.
430 3026 468 3063 &
489 3024 548 3062 sex
567 3024 638 3062 alii.
653 3024 759 3061 bene.
786 3022 898 3072 idque
916 3022 1127 3060 dostiffimo

94 3080 292 3120 Gronovio
321 3088 374 3116 iv.
393 3075 480 3114 Obs.
503 3076 537 3113 8.
565 3075 720 3113 memini
743 3074 936 3121 probatum
953 3102 964 3119 ,
987 3086 1031 3111 ex
1063 3074 1128 3110 illis

94 3131 236 3180 Virgilii
249 3159 259 3174 ‚
284 3129 383 3168 liba.
400 3141 459 3177 45.
483 3126 681 3176 scopuloque
701 3123 820 3172 infixit
836 3135 947 3162 acuto.
965 3125 1127 3168 Ennius,

96 3180 255 3229 ‘Ionfillas
276 3182 437 3228 rapiunt,
467 3177 635 3226 configunt
657 3176 757 3213 littus
772 3203 781 3218 ‚
807 3175 974 3213 aduncas.
1008 3176 1128 3214 Luca·

95 3243 163 3270 nus
181 3231 225 3269 de
244 3229 345 3268 claffe
367 3229 523 3268 Caesaris
541 3226 812 3278 tempestatibus
828 3226 963 3276 jaeiata
976 3255 987 3275 ‚
1014 3227 1072 3266 lib.
1094 3238 1130 3265 v,

97 3283 186 3331 460.

150 3341 248 3393 Laffa
270 3340 477 3391 Palaestinas
497 3341 593 3382 uncis
612 3340 752 3392 confixit
771 3353 907 3381 arenas.

2102 1465 2218 1522 An-

1169 1598 1391 1638 Claudianus
1417 1601 1514 1642 bello
1546 1604 1748 1644 Gildonico
1773 1631 1783 1649 ,
1820 1616 1906 1654 491.

1218 1666 1397 1716 Qeaffatis
1415 1669 1508 1718 cupio
1526 1670 1684 1707 tellurem
1696 1668 1799 1719 figere
1823 1669 1947 1718 rostris.

1169 1740 1241 1767 nec
1259 1730 1360 1786 aliter
1386 1732 1607 1780 capiendum
1639 1734 1727 1772 illud
1761 1734 1950 1772 callistrati
1977 1733 2038 1772 lib.
2057 1743 2132 1770 vn.
2166 1730 2212 1768 de

1170 1780 1370 1826 incendio,
1393 1784 1497 1820 ruina
1517 1812 1528 1829 ,
1561 1785 1775 1834 naufragio:
1812 1786 1846 1822 Si
1875 1784 2013 1832 quando
2036 1783 2140 1821 navis
2159 1781 2218 1818 vel

1169 1830 1290 1889 infil‘la
1306 1859 1315 1875 ,
1347 1833 1406 1870 vel
1416 1835 1538 1879 frasta
1554 1862 1564 1879 ,
1596 1835 1694 1873 intra
1716 1835 1803 1883 finis
1819 1836 1896 1885 agri
1916 1837 2076 1886 cujusque
2093 1832 2218 1880 fueriti

1169 1882 1291 1931 mfiHa
1312 1894 1379 1932 pro
1398 1884 1524 1933 infixa.
1550 1898 1637 1925 nam
1660 1888 1697 1925 δε
1711 1887 1759 1926 fic
1778 1887 1893 1926 locuti
1914 1895 2068 1927 vetereS.
2104 1885 2221 1929 Sene:

1170 1945 1211 1973 ca
1230 1934 1394 1973 Hercule
1413 1936 1572 1976 Furemte
1595 1948 1683 1989 323.

1219 2004 1412 2053 Deprensus
1433 2003 1539 2055 haefit
1557 2006 1713 2054 Syrtium
1732 2005 1894 2044 brevibus
1913 2003 2018 2044 vadis
2030 2030 2041 2049 ,

1224 2057 1272 2090 Et
1288 2063 1392 2105 puppe
1406 2054 1487 2103 fixd
1503 2058 1620 2096 maria
1630 2058 1814 2108 superavit
1828 2058 1937 2108 pedes.

1176 2116 1214 2154 ὃς
1237 2118 1373 2170 Agam.
1394 2130 1477 2167 571.

1228 2192 1382 2223 Haerent
1401 2185 1514 2224 acutis
1535 2185 1673 2236 rupibus
1690 2185 1786 2236 fixae
1806 2194 1910 2224 rates.

1174 2255 1286 2299 atque
1306 2249 1394 2288 inde
1414 2250 1547 2289 Noster
1564 2250 1601 2289 in
1624 2251 1748 2298 Ibide,

1229 2314 1359 2363 Viscera
1369 2314 1419 2366 sic
1438 2316 1566 2367 aliquis
1587 2317 1742 2366 scopulus
1760 2327 1824 2355 tua
1838 2315 1925 2366 figat
1938 2342 1947 2358 ,
1975 2321 2015 2351 ut
2035 2310 2118 2350 olim

1278 2367 1369 2405 Fixa
1379 2367 1448 2416 sub
1464 2368 1609 2405 Euboico
1633 2370 1743 2418 Graja
1758 2370 1858 2416 fuere
1870 2366 1964 2418 finu.

1176 2434 1384 2482 Propertius
1399 2432 1492 2471 libro
1513 2445 1578 2471 111.
1603 2432 1707 2480 Eleg.
1727 2443 1783 2470 vr.

1231 2496 1296 2534 Ah
1315 2496 1416 2543 miser
1436 2495 1634 2543 Alcyonum
1651 2494 1795 2543 scopulis
1815 2492 1936 2542 affigat·
1954 2488 2091 2529 acutis!

1178 2556 1239 2594 ubi
1257 2556 1391 2606 affligar
1408 2568 1597 2606 perperam
1619 2563 1818 2603 reponunt.
1846 2554 1991 2591 Hnms.

1229 2619 1315 2657 602.
1345 2618 1601 2667 Miscueratque
1619 2617 1739 2667 duos.]
1777 2616 1967 2667 Trojanos
1996 2616 2034 2653 ὅτ
2054 2612 2222 2652 Latino&

1178 2671 1304 2708 NEAP.
1332 2674 1412 2706 Suos
1430 2670 1594 2707 Voffian.

1229 2732 1314 2774 607.
1343 2734 1457 2766 Anna
1485 2728 1528 2776 est
1550 2758 1561 2776 ,
1610 2727 1783 2766 exclamat
1813 2727 2008 2779 Achates]
2061 2726 2221 2772 Malim,

1177 2784 1290 2818 Anna
1311 2794 1364 2818 en.
1393 2781 1537 2819 Heius.

1230 2832 1317 2869 608,
1345 2831 1410 2868 Ad
1430 2845 1552 2868 nomen
1572 2831 1696 2869 vultus
1709 2830 1871 2881 substulit
1892 2829 1954 2868 illa
1966 2827 2077 2878 suos]
2108 2827 2222 2867 Liber

1179 2882 1259 2920 Urs.
1277 2882 1564 2930 sustinet.Statii‚
1582 2882 1741 2927 rettulit,
1770 2882 1879 2919 reete.
1908 2882 2076 2919 Cmmu.
2105 2879 2223 2918 Reae

1180 2933 1304 2971 multis
1329 2933 1441 2976 inest,
1469 2941 1531 2970 aut
1562 2933 1700 2969 rettulit
1720 2960 1730 2976 ‚
1765 2942 1826 2970 aut
1847 2931 2003 2979 sustinet.
2048 2932 2223 2969 Nestor.

1180 2984 1321 3021 Eadem
1345 2985 1496 3021 varietas
1515 2983 1550 3020 in
1569 2983 1666 3022 libris
1691 2983 1854 3028 Heinffi,
1884 2983 1942 3022 sed
1971 2982 2117 3029 vulgata
2142 2983 2227 3020 reti-

1182 3035 1315 3073 nenda.
1335 3033 1634 3081 vid.1ib.1x.824.
1663 3036 1916 3084 xr.Met.463.
1945 3033 2090 3072 &alibi.

1233 3088 1319 3135 609.
1346 3092 1422 3122 Heu
1443 3085 1597 3136 fugiat]
1653 3087 1733 3134 Qb
1754 3086 1876 3134 fugiat
1912 3087 2018 3134 prim.
2053 3081 2225 3121 Ambros.

1184 3137 1324 3175 Mazar.
1342 3135 1446 3175 voff.
1467 3136 1646 3176 Arondel.
1663 3138 1702 3176 &
1735 3138 1842 3176 multi
1860 3136 1933 3175 alii.
1962 3135 2061 3186 Qid
2081 3134 2225 3171 Zulich.

1186 3190 1329 3227 Heius.

1238 3241 1326 3289 609.
1353 3241 1448 3289 Qos
1461 3248 1570 3277 terrae
1584 3248 1727 3290 quaerat
1738 3238 1857 3275 hiatus
1869 3237 1901 3288 ἕ]
1933 3238 1991 3274 Ne
2004 3236 2120 3272 virum
2136 3233 2224 3279 aspi-

1189 3291 1283 3334 ciat,
1311 3292 1375 3339 qui
1405 3289 1519 3327 caussa
1542 3292 1671 3328 mortis
1698 3290 1855 3327 sororiae
1879 3316 1888 3331 ,
1919 3285 2144 3323 Carthassinis
2159 3293 2221 3319 OC-

1188 3340 1500 3428 Clli‘atae‚Cexsilii
1527 3341 1564 3380 &
1583 3340 1755 3380 infaustae
1774 3333 2210 3420 navigationisoh‘mzd

1410 3403 1429 3429 c
1458 3403 1477 3428 2.
2061 3393 2115 3422 12..
2209 3402 2225 3427 q
