2495 3675
457 168 1402 239 FASTORUM
1511 175 1820 242 L1ss.111.

338 295 586 371 Adspicit
611 299 739 362 hos,
776 310 837 352 ut
867 296 1009 350 forte
1036 288 1363 363 pependerat
1384 290 1631 355 aethere,
1671 307 1873 364 materg

414 371 485 425 Et
513 371 636 426 ferit
660 370 887 426 attonita
912 363 1126 437 peetora
1153 362 1295 416 nuda
1317 379 1515 418 manuS.

191 439 292 511 865
328 441 496 518 Inque
520 445 932 513 draconigenam
958 436 1149 491 nimbis
1175 436 1551 492 comitantibus
1574 438 1762 498 urbem

410 517 627 572 Desilit:
669 518 724 570 δε
753 526 900 567 natos
925 509 1082 580 eripit
1110 509 1236 563 inde
1264 509 1398 563 suos.

339 589 525 662 thue
552 591 728 657 fugam
755 584 988 657 rapiant,
1027 582 1162 636 aries
1190 580 1526 638 nitidissimus
1551 602 1683 641 auro

405 661 678 716 Traditur.
704 659 788 712 ille
815 657 958 711 vehit
990 672 1083 725 per
1110 654 1244 707 freta
1274 655 1431 724 longa
1457 655 1610 713 duos.

330 734 545 789 Dicitur
575 731 782 786 infirma
812 747 983 784 cornu
1009 725 1229 782 tenuisse
1254 725 1449 781 sinistra

404 804 621 859 Femina
639 828 651 866 ;
670 821 795 858 cum
825 803 893 856 de
916 803 966 855 se
992 800 1207 854 nomina
1230 799 1359 854 fecit
1387 818 1572 873 aquae.

333 877 479 933 Pene
505 877 651 932 fimul
676 875 863 948 periit,
901 874 1032 928 dum
1055 874 1167 926 vult
1190 872 1500 928 succurrere
1527 876 1695 947 lapsae

397 950 611 1014 Frater3
652 950 707 1003 ἅτ
732 963 970 1003 extentas
999 946 1223 1017 porrigit
1248 963 1418 1018 usque
1445 965 1643 1004 manus,

324 1021 511 1077 Flebat
536 1062 552 1086 ‚
591 1035 648 1076 ut
671 1020 850 1077 amiffa
875 1020 1075 1093 gemini
1101 1017 1349 1089 consqrte
1389 1020 1609 1090 pericli,

397 1095 663 1150 Caeruleo
682 1094 918 1167 junPtam
944 1093 1146 1148 nescius
1173 1089 1276 1145 effe
1308 1091 1446 1173 Deo.

186 1165 287 1239 875
325 1167 605 1223 Litoribus
634 1168 781 1222 τεθεὶς
805 1168 936 1222 aries
961 1166 1020 1220 fit
1049 1165 1217 1218 sidus:
1259 1178 1310 1216 at
1337 1165 1490 1236 hujus

399 1241 652 1297 Pervenit
680 1242 737 1296 in
765 1240 996 1295 Colchas
1021 1255 1177 1292 aurea
1204 1238 1318 1291 lana
1346 1238 1557 1294 domos,

2098 202 2208 258 227

191 803 293 871 870

2048 1316 2191 1375 Tres

42 1462 126 1491 cum
145 1451 246 1491 hunc
268 1449 404 1489 menda
431 1449 597 1490 laborare
635 1451 755 1490 variae
791 1449 968 1505 lectiones
1002 1447 1082 1485 satis

41 1503 206 1553 probant.
243 1511 393 1550 corrupto
429 1501 594 1540 Sarravii.
626 1510 793 1548 corruptos
823 1500 972 1537 Petavn.
1011 1512 1085 1555 cor-

33 1563 161 1603 ruptus
207 1554 268 1600 (&
306 1552 545 1592 emendatum
584 1553 756 1599 corrupto)
804 1563 894 1606 cum·
915 1552 1085 1597 sangume

45 1604 173 1641 nuntia
203 1601 291 1639 bella
321 1604 520 1641 Mazarian.
552 1616 631 1640 cum
660 1601 822 1650 sanguine
848 1610 957 1637 etiam
988 1601 1082 1656 Vos-

43 1653 130 1691 fian.
159 1655 196 1690 &
219 1655 278 1691 sex
298 1654 368 1690 alii.
387 1654 426 1690 δε
445 1656 491 1691 ita
513 1654 601 1691 alios
627 1654 745 1701 legere
768 1651 906 1688 Marsus
928 1660 1084 1688 notavit.

40 1717 119 1741 cum
139 1717 277 1740 munere
304 1715 396 1741 unus
419 1704 561 1742 Heinlii
583 1706 620 1742 ὅζ
649 1713 718 1741 tres
736 1703 805 1740 alii.
833 1702 893 1740 sed
920 1703 1082 1739 maxime

43 1755 162 1803 placet
178 1755 283 1792 unius
307 1755 441 1792 codicis
459 1754 571 1792 lectio
589 1783 598 1797 ,

94 1820 161 1858 Hic
179 1833 308 1870 quoque
327 1830 502 1869 corruptus
517 1849 525 1864 ‚
551 1830 609 1869 pro
621 1820 753 1870 semine
775 1821 921 1858 nuntiat
934 1848 945 1865 ,
974 1819 1087 1857 Helles

148 1876 194 1907 Et
206 1870 347 1920 juvenis
370 1870 502 1920 Phryxi
513 1873 645 1918 funera
658 1875 749 1920 sorte
762 1873 845 1921 peti.

44 1934 194 1970 nuntius
212 1942 399 1982 corruptus
418 1936 562 1972 nuntiat
578 1963 588 1978 ‚
606 1935 751 1984 Phryxo
766 1937 802 1973 &
819 1936 928 1974 Helle
951 1937 1086 1975 maeta-

43 1983 87 2020 tis
101 1983 259 2028 ‚semina
279 1986 377 2023 recte
396 1985 593 2024 surrectura
606 2014 616 2029 ,
646 1988 681 2022 δε
699 1988 815 2035 fruges
833 1987 997 2026 daturam
1019 1989 1086 2026 tel-

43 2031 184 2070 lurem:
210 2047 295 2073 nam
326 2035 411 2074 dura
431 2037 490 2074 illa
513 2038 763 2085 interpretatio
794 2038 962 2083 videtur,
998 2053 1092 2076 nun-

46 2083 115 2120 tius
139 2094 317 2134 corruptus
345 2100 422 2123 cum
447 2088 575 2133 semine
595 2116 604 2131 ‚
638 2087 675 2126 id
704 2087 752 2126 est
773 2116 784 2132 ‚
821 2101 932 2137 quem
966 2100 1093 2128 corru-

45 2144 143 2182 perat
166 2135 234 2172 Ino
250 2165 259 2178 ‚
287 2138 607 2185 quemadmodum
632 2139 671 2176 &
690 2147 795 2176 antea
816 2139 954 2176 semina
974 2141 1088 2178 seren·

47 2183 90 2222 da
115 2186 290 2224 torrendo
321 2197 540 2236 corruperat.
579 2198 675 2226 certe
703 2197 793 2226 tunc
819 2189 968 2227 deberet
997 2191 1066 2239 legi

47 2247 125 2271 cum
138 2237 307 2285 sanguine
328 2238 438 2275 Helles
455 2239 524 2287 peti
538 2241 670 2287 funera
690 2239 836 2287 Phryxi.
863 2241 994 2278 BuRM.

100 2285 186 2333 859.
212 2293 320 2336 Usque
344 2289 595 2338 recusantem]
624 2296 734 2338 thue
754 2290 830 2328 duo
853 2301 1006 2329 veteres.
1034 2305 1089 2330 re-

49 2334 150 2373 ffius.
181 2338 311 2375 deinde
325 2340 557 2388 compulerunt
575 2341 739 2389 sequenti
757 2342 860 2379 versu
873 2371 883 2387 ‚
920 2354 986 2390 pro
1000 2355 1088 2378 com-

46 2386 205 2433 pulerant
224 2400 330 2429 ,curn
351 2390 565 2428 Petaviano.
595 2402 687 2428 unus
702 2391 925 2438 Puteaneus,
954 2403 1089 2443 compu-

51 2434 154 2471 lerint
176 2449 183 2473 :
213 2439 382 2484 proxime
404 2440 559 2477 versum.
589 2442 731 2477 Herus.

102 2501 186 2539 861.
215 2503 325 2539 Velan·
354 2513 502 2552 tempora
531 2505 673 2554 vittis]
737 2506 794 2542 Ex
823 2507 893 2544 ritu
923 2516 1088 2555 recept0.

50 2551 150 2590 Alibi
171 2552 302 2591 Noster
333 2553 378 2591 de
415 2554 586 2602 ryladem
617 2558 654 2592 ὅ(
680 2555 848 2594 Orestem
873 2557 1090 2595 immolatu-

50 2613 87 2641 l'a
100 2615 110 2639 2

99 2652 224 2703 Sparsit
244 2653 341 2704 aqud
361 2664 471 2703 captos
491 2655 626 2701 lustrali
646 2656 757 2698 Graia
767 2657 945 2705 sacerdos,
986 2696 997 2704 .

154 2704 304 2740 Ambiat
325 2715 363 2740 ut
380 2705 509 2751 fulvas
528 2706 642 2753 infula
663 2707 760 2753 longa
779 2720 912 2745 comas:

100 2759 265 2805 Dumque
278 2765 383 2803 parat
394 2756 537 2804 sacrum
550 2785 559 2801 ‚
580 2758 666 2793 dum
685 2758 783 2794 velat
801 2768 952 2808 tempora
971 2758 1089 2804 vittis,

156 2810 252 2842 Dum
272 2806 395 2842 tardae
415 2808 542 2854 cauffas
561 2808 701 2843 invenit
720 2809 784 2845 illa
803 2822 928 2847 morae.

54 2867 228 2905 Numi..
281 2867 401 2904 Ramis
430 2867 553 2905 Ursm.
593 2869 752 2917 Nauger.
782 2869 922 2908 Mazar.
946 2870 1090 2910 Zulich.

54 2918 198 2955 Arond.
213 2919 317 2966 prim.
341 2918 509 2956 Ambros.
530 2921 566 2956 δε
590 2921 695 2966 prim.
729 2919 869 2958 Farnes.
890 2930 1089 2971 utrumque

55 2967 158 3005 bene.
185 2969 242 3006 sed
263 2969 394 3019 sequor
414 2969 625 3007 vetustiores
646 2969 805 3008 codices.
829 2970 878 3009 fic
900 2972 997 3021 apud
1010 2973 1096 3012 Vir-

55 3018 115 3067 gil.
132 3018 191 3056 lib.
209 3030 279 3057 vir.

233 3105 293 3113 -—-
317 3085 436 3123 induit
455 3086 548 3124 albos

111 3139 201 3171 Cum
222 3136 319 3172 vitta*
342 3138 468 3181 crines,
497 3149 573 3174 tum
594 3151 735 3176 ramum
757 3139 901 3178 innectit
920 3141 1045 3179 olivae.

62 3197 161 3234 Nihil
184 3201 292 3247 magis
325 3202 475 3239 obvium
508 3204 602 3251 apud
636 3208 764 3252 po‘e'tas
795 3207 833 3244 in
855 3206 1094 3257 descriptione

59 3247 290 3336 Vifflaelmtum
314 3261 381 3337 gut
399 3252 669 3294 sacrificiorum.
696 3257 841 3297 Heme.
867 3258 956 3297 Vid.
971 3267 1097 3297 tamen

63 3309 126 3337 xxi.
201 3311 218 3336 e
239 3327 247 3335 .
268 3312 308 3347 5¹
340 3328 349 3339 .
710 3326 730 3354 ς

1193 1445 1279 1497 863.
1311 1452 1406 1484 Forte
1417 1448 1659 1501 pependerat]
1700 1456 1796 1489 Forte
1809 1455 1966 1504 pependit
1994 1455 2032 1493 in
2053 1455 2190 1496 aethere

1139 1497 1292 1536 Putean.
1312 1499 1348 1535 &
1372 1499 1482 1543 alius,
1513 1500 1577 1538 nisi
1601 1502 1703 1546 quod
1721 1503 1779 1540 ille
1809 1506 1951 1543 aethera
1974 1507 2137 1545 habebat.

1192 1549 1259 1594 865
1306 1555 1412 1599 Inque
1428 1553 1703 1600 Draconigenam
1728 1552 1744 1603 ]
1784 1556 2062 1606 Draconigendm
2093 1557 2190 1596 male

1138 1598 1292 1636 habebat
1313 1600 1479 1648 Scaliger.
1511 1611 1548 1639 ut
1562 1603 1601 1640 lit
1616 1605 1894 1652 Draconigentim
1915 1608 2044 1644 urbem.
2073 1609 2190 1646 Intel-

1137 1649 1216 1698 ligit
1229 1653 1330 1688 enim
1354 1655 1416 1690 τὴν
1439 1654 1506 1687 τῶν
1518 1656 1693 1698 Σπαρτῶν
1705 1656 1820 1693 πόλιν.
1839 1669 1937 1706 'quae
1950 1659 1996 1695 est
2010 1658 2192 1696 Boeotio-

1139 1711 1219 1738 rum
1251 1701 1419 1738 Thebae.
1445 1702 1503 1737 ὃιὲι
1530 1707 1610 1745 τοῦς
1645 1705 1687 1739 ἐκ
1706 1708 1774 1741 ’τῶν
1794 1711 1856 1742 τοῦ
1882 1708 2071 1753 ὃριὶκσντος
2095 1708 2191 1745 ὀδόν-

1141 1764 1210 1787 των
1230 1754 1425 1794 Σπαρτούς.
1453 1753 1541 1790 DAN
1576 1755 1717 1792 HEINS.
1743 1760 2012 1807 Draconigeram
2035 1759 2190 1810 quidam

1141 1814 1185 1838 ex
1209 1803 1475 1840 vetustioribus.
1504 1803 1563 1841 sed
1583 1805 1718 1842 frustra.
1748 1806 1893 1846 Hiems.

1193 1852 1277 1896 867.
1308 1860 1438 1901 Fugam
1461 1856 1641 1904 capiant.]
1696 1857 1748 1894 Ita
1780 1857 1883 1906 saepe
1912 1859 2013 1909 loqui
2049 1868 2192 1899 veteres

1141 1903 1297 1941 ostendit
1317 1904 1542 1943 doc'riffimus
1565 1906 1731 1945 Davisius
1763 1908 1807 1946 ad
1836 1911 1934 1947 Hirt.
1965 1911 2050 1948 Bell.
2077 1912 2192 1950 Alex.

1141 1965 1218 2002 cap.
1242 1956 1296 1992 16.
1323 1955 1381 1992 sed
1403 1956 1543 2004 rapiant
1571 1966 1640 1994 tres
1662 1958 1752 1996 libri.
1778 1961 1881 2008 quod
1904 1962 2023 1999 multo
2047 1962 2193 2011 elegan-

1146 2004 1215 2041 tius
1252 2006 1290 2043 &
1314 2006 1399 2043 huic
1435 2007 1522 2044 loco
1553 2010 1850 2048 convenientius.
1884 2012 1965 2049 Val.
2005 2011 2121 2050 Flacc.
2153 2023 2189 2051 v,

1146 2066 1234 2100 272.
1758 2068 1762 2072 ’

1200 2106 1302 2154 Rapit
1321 2106 1399 2143 inde
1411 2109 1551 2156 fugam.

1145 2155 1194 2192 ita
1215 2157 1338 2205 passim
1363 2158 1463 2193 viam
1478 2186 1488 2201 ‚
1515 2159 1603 2204 iter,
1623 2160 1696 2198 &c.
1723 2169 1845 2210 rapere.
1875 2162 1973 2200 Vide
1995 2162 2040 2201 ad
2061 2163 2190 2203 Sih'um

1078 2219 1088 2236 ν
1145 2206 1206 2243 lib.
1233 2219 1295 2244 111.
1318 2219 1374 2256 33.
1405 2208 1533 2246 Eoum.

1197 2256 1282 2294 868.
1310 2265 1374 2294 Per
1384 2260 1483 2303 freta
1495 2260 1634 2310 longa.]
1658 2261 1803 2310 Quibus
1821 2264 1944 2312 postea
1965 2276 2105 2302 nomen
2121 2263 2191 2302 fuit

1147 2307 1418 2356 Hellespontus.
1446 2311 1571 2348 Nem.

1199 2358 1282 2401 870.
1313 2362 1415 2408 Dese
1432 2360 1614 2411 nominas]
1664 2363 1798 2411 Densae
1818 2365 1961 2401 nomina
1973 2365 2059 2411 jecit
2079 2376 2190 2414 aquae

1144 2409 1314 2447 Vatican.
1333 2411 1622 2449 unus.Heins1us
1643 2415 1844 2461 corrigebat
1858 2416 2006 2463 saevae,
2038 2416 2094 2451 vel
2114 2427 2191 2452 cae-

1144 2472 1210 2496 cae.
1239 2472 1310 2507 ego
1331 2460 1420 2497 nihil
1443 2471 1561 2498 muto.
1592 2462 1662 2498 vid.
1686 2476 1710 2499 1.
1739 2464 1848 2500 Trist.
1867 2477 1892 2501 1.
1916 2477 1976 2509 90.
2024 2464 2153 2502 Buitm.

1197 2509 1280 2552 872.
1309 2510 1518 2559 Extentas.]
1547 2511 2013 2562 Extenfasrnulti.vid.sup.
2034 2515 2190 2564 §311253m

1145 2560 1299 2594 Exaelas
1319 2570 1423 2596 unus.
1457 2570 1618 2597 externas
1638 2562 1737 2600 alius.
1771 2564 1913 2613 porrigit
1931 2564 1993 2601 illa
2012 2564 2099 2603 duo.
2128 2567 2188 2605 ille

1146 2608 1318 2646 totidem.
1339 2609 1402 2657 ipse
1429 2622 1532 2648 unus.

1196 2658 1283 2708 873.
1312 2659 1433 2695 Flebat
1464 2671 1503 2698 ut
1537 2661 1657 2710 amiJJa
1683 2663 1813 2710 gemini
1841 2666 1986 2713 conserte
2026 2665 2186 2718 pericli]

1143 2707 1238 2746 Scite
1267 2711 1305 2746 ὃς
1335 2710 1543 2757 prudenter.
1604 2712 1664 2750 Ad
1685 2715 1878 2752 fraternam
1908 2718 2091 2754 caritatem
2125 2718 2192 2757 ali-

1143 2759 1232 2807 quid
1255 2760 1364 2797 etiarn
1386 2763 1631 2809 periculorum
1656 2767 1875 2803 communio
1889 2766 2113 2815 adjunxerat.
2134 2768 2191 2808 ida

1145 2821 1219 2858 que
1250 2810 1361 2848 docet
1390 2813 1500 2849 etiam
1531 2814 1593 2851 lib.
1615 2826 1641 2851 1.
1680 2816 1931 2865 Metamorph.
1959 2817 2009 2855 ‘de
2042 2819 2192 2868 Deuca}

1142 2859 1245 2897 lione
1261 2861 1436 2908 Pyrrham
1456 2864 1687 2912 alloquente:

1196 2916 1226 2946 O
1241 2910 1356 2957 fhror,
1385 2912 1402 2947 ὂ
1422 2914 1566 2962 conjux,
1596 2914 1775 2957 §foemina
1786 2916 1861 2964 sola
1875 2918 2058 2966 superstes,

1204 2962 1325 3008 §Luam
1346 2975 1522 3000 commune
1549 2965 1638 3001 mihi
1654 2979 1780 3014 genus,
1810 2970 2033 3017 &patruelis
2055 2971 2167 3021 origog

1201 3012 1337 3048 Deinde
1357 3024 1449 3049 torus
1461 3015 1588 3063 junxit
1601 3043 1611 3059 ,
1639 3029 1732 3052 nunc
1750 3018 1819 3065 ipsa
1833 3020 1983 3067 pericula
1997 3021 2168 3071 jungunt.

1153 3061 1277 3099 Immo
1298 3075 1386 3100 vero
1407 3067 1564 3112 pericula
1585 3070 1824 3113 communia,
1853 3079 1891 3108 ut
1920 3071 2029 3110 docet
2052 3072 2193 3111 Aristo-

1151 3112 1238 3149 teles
1251 3140 1260 3155 ,
1289 3114 1450 3151 Homines
1466 3129 1507 3153 ex
1525 3116 1674 3154 inimicis
1694 3120 1819 3156 amicos
1829 3121 1990 3168 efficiunt.
2019 3124 2114 3161 lilius
2127 3135 2190 3162 au-

1151 3170 1227 3199 tem
1252 3164 1343 3201 haec
1361 3166 1469 3203 verba
1493 3167 1570 3204 sunt
1587 3167 1646 3205 lib.
1663 3180 1699 3206 v.
1717 3169 1762 3207 de
1785 3171 2007 3218 Republica:
2037 3176 2189 3218 Sovsiyet

1152 3214 1222 3256 γὰρ
1249 3217 1312 3250 καὶ
1346 3219 1427 3258 τοῦς
1448 3217 1610 3263 ἐχθῐςσυς
1632 3220 1647 3255 ὁ
1671 3222 1775 3262 κοινὸς
1795 3222 1917 3268 φόβος.
1944 3222 1980 3260 id
2000 3224 2068 3266 est,
2098 3228 2189 3257 Con-

1145 3263 1241 3347 jggit
1276 3264 1367 3301 enim
1411 3267 1519 3305 etiam
1563 3269 1799 3320 inimiciffimos
1838 3272 2025 3309 communis
2068 3281 2192 3310 metus·

1174 3326 1324 3353 „loram

1335 3365 1394 3404 Ff
1415 3378 1436 3403 2.
2021 3369 2105 3419 873.
2131 3374 2199 3417 Ge»,
