2495 3675
716 197 824 253 ·P.
899 152 1315 254 oV1D11

252 222 357 270 224

1388 195 1917 257 NASONIS

553 309 710 367 Mille
738 310 856 368 Dea
883 311 959 368 est
985 329 1238 384 operum:
1279 324 1429 367 certe
1458 311 1572 368 Dea
1603 316 1852 371 carminis
1880 317 1963 372 illa
1989 320 2078 375 est.

633 386 688 439 Si
716 403 957 447 mereor,
999 385 1181 440 studiis
1207 385 1337 438 adsit
1365 385 1533 440 amica
1559 388 1708 442 meis,

422 458 449 513 8
457 476 521 527 35
558 456 778 512 Coelius
803 476 874 513 ex
901 460 1008 512 alto
1033 475 1137 529 qua
1163 474 1316 512 mons
1343 458 1624 514 descendit
1651 461 1704 515 in
1731 479 1991 534 aequum,

635 530 747 585 Hic
776 530 864 584 ubi
889 548 999 583 non
1022 531 1172 601 plana
1196 529 1298 594 est,
1335 531 1424 585 sed
1450 549 1618 606 prope
1643 536 1791 605 plana
1818 535 1898 589 via
1925 536 2030 602 est;

556 603 727 659 Parva
764 603 888 656 licet
914 602 1092 657 videas
1126 602 1331 674 Captae
1356 604 1575 660 delubra
1603 607 1912 672 Minervae,

641 676 797 748 Quae
824 674 938 728 Dea
965 675 1121 729 natali
1148 676 1327 746 coepit
1353 676 1546 731 habere
1571 679 1681 733 suo,

564 748 811 806 Nominis
834 747 887 801 in
915 748 1081 802 dubio
1106 747 1272 802 caussa
1300 748 1388 802 est.
1412 750 1631 820 capitale
1660 770 1912 808 vocamus

422 823 524 892 840

272 1098 426 1136 quoque
439 1113 449 1131 ‚
459 1085 519 1124 ubi
531 1085 576 1124 de
590 1083 881 1134 Quinquatribus
893 1084 987 1134 agit,
998 1083 1175 1122 convietus
1181 1092 1319 1133 parcus,

274 1148 470 1187 proparto‚
493 1137 746 1175 scribendum:
770 1137 1038 1185 Oropraesentia
1052 1147 1114 1173 tua
1125 1149 1248 1184 augeas
1260 1135 1321 1171 ho-

274 1202 391 1226 norem
411 1188 578 1235 festorum
607 1187 754 1224 dierum.
810 1192 936 1235 Nempe
958 1187 1145 1223 Minervae
1166 1185 1232 1222 tibi
1263 1186 1320 1234 fh-

276 1240 387 1277 lemne
417 1240 457 1275 de
483 1239 608 1287 scholis
638 1248 759 1274 notum
787 1236 831 1283 est
853 1264 863 1280 ,
915 1247 954 1272 ut
975 1239 1051 1283 fere
1076 1249 1239 1273 memores
1258 1240 1321 1284 su-

274 1303 353 1328 mus
379 1290 485 1327 etiam
508 1290 703 1339 procedente
728 1301 814 1325 aevo
837 1286 1022 1336 puerilium
1041 1287 1231 1334 feriarum.
1258 1286 1323 1322 Ad

272 1355 352 1378 eum
387 1340 478 1378 diem
515 1340 712 1377 convitium
756 1339 821 1375 tibi
852 1350 1019 1387 paramus
1055 1336 1237 1385 agrestibus
1263 1337 1323 1374 ho·

274 1391 415 1440 lufiulis
438 1401 582 1439 parcum
602 1407 613 1427 :
654 1390 737 1441 quia
770 1390 926 1425 luxuries
956 1388 1099 1437 offendit
1133 1393 1248 1424 Deam
1266 1389 1323 1437 fh-

274 1442 402 1479 briam.
437 1443 695 1490 Hieronymus
736 1440 1022 1477 Commentario
1051 1440 1087 1476 in
1118 1438 1321 1486 Epistolam

274 1491 376 1529 Pauli
399 1492 443 1529 ad
463 1492 662 1540 Ephesios:
692 1491 893 1528 Minervale
912 1503 1041 1527 munus
1055 1517 1066 1534 ,
1086 1489 1176 1538 quod
1189 1493 1322 1526 Gram-

275 1544 425 1580 maticus
444 1554 488 1582 φ’
511 1542 636 1579 Rhetor
651 1542 859 1590 insumptus
871 1540 1060 1586 domesticos
1071 1551 1134 1576 aut
1153 1541 1190 1578 in
1202 1540 1323 1589 templi

269 1594 390 1642 stipem
405 1593 658 1641 autsordidum
671 1591 891 1629 convertebat
909 1591 1058 1628 lucrum.
1069 1591 1321 1629 Tertullianus

276 1645 323 1682 de
342 1644 573 1682 Idololatria:
604 1643 695 1693 Qis
724 1642 959 1691 ludimagister
980 1639 1015 1690 fi
1045 1655 1113 1678 non
1142 1641 1322 1679 tabularia

274 1695 444 1732 idolorum
465 1721 476 1739 ,
504 1693 750 1744 Qinquatria
766 1699 889 1730 'tamen
910 1691 1190 1742 frequentabat?
1216 1692 1324 1742 ipsam

271 1747 427 1795 primum
450 1748 535 1782 novi
559 1744 714 1794 discipuli
730 1743 853 1792 stipem
873 1744 1060 1781 Minervae
1083 1754 1127 1783 ω’
1143 1743 1263 1780 honori
1281 1755 1326 1784 (9·

277 1796 413 1833 nomini
431 1799 612 1843 consecrat.
650 1794 942 1843 Quinquatribus
972 1793 1192 1832 feriabantur
1222 1794 1323 1833 disci-

278 1847 366 1895 puli.
394 1847 538 1884 Laudat
557 1845 692 1884 Plinius
706 1846 742 1883 in
762 1845 927 1883 Naturali
947 1844 1108 1883 Historia
1127 1844 1325 1894 pulcherri-

279 1909 380 1935 mam
402 1897 580 1946 pieturam
591 1897 695 1946 pueri
710 1895 998 1944 Quinquatribus
1014 1895 1184 1933 ludentis.
1213 1904 1323 1946 atque

277 1948 352 1987 huc
382 1949 491 1986 etiam
524 1948 649 1986 drama
679 1947 867 1985 comicum
897 1946 1099 1999 Pomponi-i
1127 1948 1324 1996 Quinqua-

280 2000 348 2036 tria
373 1999 504 2037 Nonio
527 1998 707 2036 Marcello
733 1997 877 2035 laudata
897 1997 1146 2037 referendum.
1188 1998 1222 2036 Si
1244 1999 1324 2047 quis

280 2050 564 2087 Gronovianam
583 2049 628 2087 de
647 2049 751 2086 thure
773 2048 1024 2097 conjeeturam
1036 2047 1178 2086 mavult
1191 2077 1201 2094 ‚
1229 2060 1325 2098 quae

277 2101 322 2138 ad
345 2101 530 2150 vulgatam
559 2100 761 2138 lediionem
785 2101 933 2148 propius
961 2098 1126 2144 accedit,
1155 2099 1324 2149 castigare

277 2153 437 2199 poterit,
465 2152 566 2188 thure
577 2151 676 2188 brevi
687 2150 1019 2199 censumsraudare.
1046 2161 1131 2187 nam
1146 2150 1242 2188 feros
1253 2152 1327 2188 hoc

278 2203 366 2240 loco
399 2202 585 2250 magistros
614 2202 686 2239 dici
718 2201 763 2238 ad
797 2213 875 2239 rem
904 2213 982 2239 non
1003 2201 1100 2238 facit.
1127 2214 1201 2237 aere
1229 2201 1328 2238 brevi

280 2253 426 2300 optime
451 2252 594 2290 videtur
620 2250 838 2299 respondere
865 2251 905 2288 iis
927 2279 938 2295 ‚
973 2263 1069 2299 quae
1099 2251 1145 2289 de
1166 2252 1327 2289 Medicis

281 2304 451 2351 proxime
478 2301 698 2350 praecessere
720 2330 731 2346 ,
766 2313 851 2339 narn
872 2302 910 2339 δί
929 2302 966 2339 hi
984 2313 1029 2339 ex
1047 2301 1150 2340 lucro
1169 2303 1331 2341 honora·

279 2355 411 2403 rioque
428 2353 597 2395 nonnihil
617 2354 812 2390 Minervae
834 2351 1103 2392 consecrabant.

333 2422 487 2453 Munera
507 2416 546 2453 de
569 2416 687 2464 vestris
703 2426 815 2465 pauca
836 2419 956 2463 referte
977 2421 1080 2452 Deae.

280 2478 344 2519 ubi
372 2479 612 2529 significanter
639 2481 759 2527 referte
787 2485 880 2516 Deae
905 2479 995 2517 dixit
1018 2507 1029 2523 ‚
1057 2479 1233 2517 nimirum
1266 2491 1328 2518 cu·

278 2531 338 2579 jus
370 2532 486 2568 favori
517 2532 607 2568 haec
637 2530 708 2578 ipsa
748 2542 899 2568 munera
935 2530 1144 2567 ferebantur
1168 2540 1331 2578 accepta.

285 2582 410 2619 Locus
424 2582 535 2619 etiam
555 2582 773 2618 Tertulliani
790 2609 800 2625 ‚
823 2583 859 2618 δε
878 2592 974 2630 quae
1001 2580 1182 2629 subjungit
1200 2581 1334 2618 Noster

284 2631 329 2667 de
343 2632 518 2678 discipulis
530 2660 539 2676 ,
550 2633 627 2668 satis
639 2632 862 2669 subindicant
875 2660 884 2673 ‚
895 2643 953 2668 aes
964 2630 1051 2667 illud
1063 2631 1173 2668 breve
1192 2632 1338 2679 capien-

284 2680 372 2718 dum
386 2682 455 2719 effe
466 2682 510 2720 de
526 2683 613 2730 stipe
627 2694 813 2720 novorum
829 2680 1085 2727 discipulorum
1103 2708 1113 2723 ‚
1135 2692 1245 2728 quam
1262 2682 1338 2718 Mi-

283 2741 417 2768 nervae
438 2732 598 2782 Magistri
611 2732 778 2770 dedicare
790 2739 891 2768 erant
902 2731 1007 2767 soliti.
1035 2742 1090 2765 aes
1102 2729 1203 2765 breve
1215 2730 1326 2766 etiam

284 2781 378 2828 apud
402 2783 589 2820 Avienum
621 2783 779 2820 occurrit
803 2781 935 2818 Fabula
969 2791 1135 2817 xxxviii.
1163 2785 1205 2816 'Ie
1223 2778 1329 2825 simul

285 2844 361 2867 aere
392 2832 489 2868 brevi
517 2833 623 2869 debile
646 2832 772 2881 vulgus
801 2841 900 2868 emet.
934 2832 981 2868 ita
1014 2831 1053 2867 &
1080 2842 1136 2866 aes
1158 2839 1327 2879 parvum.

283 2890 393 2928 parvo
414 2896 489 2918 aere
508 2894 698 2932 recuperare
727 2881 927 2928 thesaurum
949 2881 1138 2919 Petronio.
1183 2880 1326 2918 Viden-

285 2931 351 2968 dus
377 2933 421 2968 ad
451 2934 716 2981 Symmachum
749 2934 892 2980 Juretus
923 2932 1014 2969 libro
1039 2943 1110 2969 vir.
1143 2931 1210 2979 Ep.
1245 2943 1326 2979 129.

287 2982 428 3030 exiguae
438 2983 537 3030 stipis
562 2997 643 3020 aera
667 2984 796 3021 Noster
823 2985 860 3021 in
881 2983 1051 3020 Ponticis.
1073 2991 1199 3020 contra
1217 2994 1325 3030 gran·

286 3032 327 3068 de
342 3046 395 3068 aes
414 3032 574 3070 Senecae
597 3034 663 3080 Ep.
677 3033 1002 3070 xrx.Columellae
1023 3032 1115 3069 libro
1135 3044 1225 3069 vm.
1246 3043 1325 3080 cap.

287 3084 342 3120 16.
372 3082 574 3119 Ammiano
597 3082 812 3119 Marcellino
844 3082 904 3119 lib.
924 3095 1010 3120 xxx.
1033 3082 1135 3130 quod
1153 3083 1227 3120 aliis
1248 3095 1326 3119 ma-

279 3146 391 3182 gnum
409 3146 464 3169 aes
483 3133 624 3170 dicitur.
652 3144 717 3180 pro
744 3131 918 3181 discipulos
936 3133 1089 3168 attrahit
1107 3131 1172 3168 illa
1191 3146 1294 3170 novos
1308 3161 1319 3178 ,

280 3194 449 3222 veterum
464 3183 656 3225 nonnulli,
678 3183 846 3218 attrahet.
864 3181 967 3230 quod
989 3183 1100 3218 malo.
1128 3183 1165 3219 in
1190 3185 1319 3221 Maza-

635 820 913 892 Ingenium
940 821 1145 876 sollers:
1186 821 1454 892 ingeniosa
1483 822 1596 878 Dea
1623 824 1713 879 est

2304 958 2420 1022 An,

1377 1085 1549 1143 codicum
1573 1115 1584 1133 ,
1622 1097 1716 1144 quos
1750 1088 1904 1128 minoris
1925 1090 1978 1128 rei
2009 1100 2119 1130 vocat
2139 1090 2313 1132 Heinsius
2341 1095 2429 1144 (sed-

1375 1146 1470 1192 inter
1483 1149 1575 1187 quos
1597 1138 1771 1184 Jumanus
1792 1140 1829 1178 ὃς
1850 1140 2057 1192 Cantabrig.
2083 1143 2204 1182 bonae
2223 1154 2335 1184 notae
2361 1159 2426 1185 co-

1378 1187 1498 1236 dices)
1527 1191 1719 1238 recipiatur
1733 1219 1742 1234 ,

1430 1256 1708 1354 N‘Scpw‘smba
1722 1285 1733 1302 ‚
1760 1262 1899 1302 Deam,
1927 1260 2026 1309 censu
2037 1260 2215 1309 fraudata
2227 1289 2239 1308 ,
2267 1263 2427 1313 Magistri

1519 1317 1637 1344 erntte.

1378 1384 1448 1410 nec
1468 1384 1535 1411 vos
1554 1373 1740 1423 Magistri,
1766 1376 1869 1414 turba
1900 1377 2007 1416 censu
2028 1378 2193 1418 fraudata
2216 1407 2227 1425 ,
2267 1379 2424 1429 spernite

1378 1424 1501 1461 Deam
1517 1452 1528 1468 ,
1555 1436 1650 1475 quae
1671 1426 1766 1464 culta
1794 1427 1951 1465 ubertim
1978 1428 2082 1467 vobis
2102 1430 2230 1468 reddet
2248 1442 2291 1469 ea
2308 1458 2319 1477 ‚
2343 1433 2427 1481 qui-

1378 1474 1443 1512 bus
1483 1475 1609 1525 iniqua
1641 1488 1709 1514 vos
1745 1478 1894 1516 fortuna
1926 1487 1988 1516 aut
2027 1479 2288 1529 discipulorum
2320 1482 2428 1521 dolus

1376 1525 1570 1564 fraudavit.
1609 1526 1707 1564 Nam
1734 1527 1916 1577 quidquid
1940 1529 2104 1568 summus
2136 1531 2350 1571 Gronovius
2372 1533 2431 1571 di·
2455 1544 2458 1548 ’

1376 1584 1457 1621 cat,
1484 1578 1547 1614 vix
1568 1577 1793 1626 persuadebit
1815 1580 2019 1629 elegantiae
2047 1580 2179 1619 Ovidii
2202 1583 2427 1630 convenire,

1377 1636 1417 1665 ut
1436 1628 1574 1665 dicatur
1598 1628 1734 1666 Latine
1755 1657 1764 1672 ,
1801 1631 1951 1679 spernite
1973 1631 2142 1675 fraudare
2168 1632 2304 1679 censum
2321 1643 2422 1680 ture,

1381 1690 1448 1726 pro
1479 1690 1555 1716 non
1585 1681 1775 1727 poeniteat
1803 1681 1940 1730 aliquid
1960 1681 2148 1721 detrahere
2173 1684 2428 1731 patrimonio,

1380 1728 1483 1778 quod
1512 1731 1548 1767 in
1584 1738 1640 1774 tus
1667 1731 1899 1779 impendatis.
1946 1731 1988 1769 In
2012 1732 2112 1770 idem
2136 1734 2430 1774 incommodum

1381 1779 1508 1818 incidit
1540 1780 1683 1819 Heinsii
1723 1782 1937 1820 emendatio
1959 1810 1970 1827 ,
2017 1784 2056 1821 δε
2093 1783 2197 1822 satius
2239 1785 2430 1825 crederem

1379 1838 1469 1869 tunc
1493 1830 1676 1880 vulgatam
1697 1833 1853 1870 retinere
1867 1860 1877 1876 ‚
1904 1834 2006 1882 cujus
2026 1834 2086 1871 hic
2106 1835 2202 1872 ordo
2224 1834 2334 1881 esset,
2359 1848 2432 1875 nec

1379 1892 1448 1919 vos
1470 1882 1536 1919 feri
1567 1883 1723 1931 magistri
1752 1911 1762 1928 ‚
1791 1884 1896 1921 turba
1925 1884 2088 1922 fraudata
2120 1885 2250 1929 censu,
2278 1886 2436 1935 spernite

1380 1931 1452 1970 scil.
1483 1937 1597 1969 Deam
1618 1961 1628 1976 ,
1667 1945 1762 1982 quae
1794 1935 1968 1981 proximo
1999 1935 2101 1974 versu
2128 1937 2320 1975 nominata
2350 1938 2436 1978 fuit.

1380 1982 1482 2032 quod
1504 1982 1530 2021 fi
1553 1983 1696 2022 admitti
1722 1983 1839 2033 posset
1870 1985 1961 2023 haec
1989 1986 2133 2025 locutio
2157 1988 2306 2037 spernite
2326 1989 2436 2036 frau-

1380 2034 1488 2078 dare,
1512 2045 1582 2083 ego
1604 2043 1702 2073 certe
1727 2036 1876 2073 mallem
1899 2037 2112 2075 rescribere:

1431 2108 1504 2140 Nec
1521 2116 1583 2139 vos
1603 2111 1705 2159 parte
1723 2108 1836 2140 Deam
1856 2102 1972 2153 censies
1982 2104 2157 2151 fraudare
2175 2105 2330 2154 magistri

1506 2158 1667 2203 Sperntte.

1381 2217 1441 2256 sed
1458 2230 1536 2256 non
1556 2227 1647 2267 puto
1662 2246 1672 2261 ,
1703 2220 1743 2256 &
1763 2219 1891 2257 locum
1913 2220 2032 2258 adhuc
2061 2221 2159 2260 forte
2187 2221 2261 2260 alio
2289 2222 2425 2262 auxilio

1385 2281 1493 2318 egere
1514 2269 1636 2307 credo.
1664 2269 1794 2307 Euam.

1438 2331 1523 2381 831.
1550 2330 1692 2379 §Quique
1724 2344 1840 2367 moves
1871 2331 2039 2381 coelum]
2081 2332 2241 2372 Coelum
2268 2334 2314 2371 est
2337 2336 2430 2379 γλύ-

1384 2381 1496 2429 <pam
1522 2395 1530 2418 ε
1556 2393 1632 2430 quo
1653 2393 1728 2418 non
1749 2393 1863 2424 unus,
1890 2382 1948 2419 sed
1969 2384 2087 2430 plures
2106 2393 2267 2422 utuntur.
2297 2386 2425 2422 Nem.

1386 2432 1565 2480 Caestrum
1586 2432 1785 2481 quemdam
1818 2433 1938 2480 legere
1956 2433 2042 2471 dicit
2066 2434 2253 2482 Pignorius
2276 2435 2320 2472 de
2347 2436 2430 2473 Ser-

1387 2486 1442 2522 vis
1480 2494 1562 2532 pag.
1600 2495 1680 2530 175.
1729 2483 1826 2520 Edit.
1856 2484 2009 2531 prioris,
2047 2483 2107 2522 sed
2136 2486 2209 2534 ipse
2227 2487 2317 2524 nihil
2349 2498 2432 2524 mu-

1387 2543 1450 2573 tat.

1443 2598 1529 2648 831.
1557 2597 1796 2648 Tabulamque
1824 2599 1988 2636 coloribus
2017 2599 2128 2649 uris.]
2183 2600 2334 2647 Quique
2355 2598 2433 2636 estis

1390 2649 1587 2736 ξγκαυςαὶ.
1616 2650 1675 2686 De
1696 2650 1900 2688 encaustice
1928 2652 2092 2700 loquitur
2119 2652 2157 2687 δε
2184 2649 2368 2687 Ausonius
2395 2650 2434 2687 in

1420 2711 1468 2736 is:

1437 2761 1533 2798 Ceris
1550 2760 1690 2796 inurens
1700 2761 1900 2809 januarum
1919 2757 2058 2794 limina.

1387 2813 1512 2850 Nam.
1539 2811 1716 2848 Coloribus
1737 2811 1855 2859 imples
1874 2810 2014 2844 Mazar.

1439 2877 1523 2926 832.
1554 2876 1679 2913 Mellia
1696 2877 1785 2923 saxa
1807 2871 1955 2922 manta]
2015 2870 2126 2909 Addit
2159 2872 2197 2912 δί
2223 2883 2429 2911 marmora-

1382 2928 1475 2965 rios:
1504 2927 1564 2964 sed
1583 2928 1646 2964 hic
1664 2928 1792 2964 Publio
1812 2937 1888 2962 non
1911 2935 2014 2959 mens
2033 2933 2167 2960 omnes
2190 2924 2264 2960 fere
2278 2924 2426 2971 opifices
2469 2937 2472 2944 ·

1380 2989 1575 3021 numerare
1601 3005 1610 3019 ‚
1650 2976 1734 3013 inde
1767 2975 1814 3012 fic
1846 2975 1980 3012 claudit
2006 2974 2097 3010 haec
2127 2973 2298 3011 disticha.-
2325 2974 2425 3010 Mille

1381 3033 1457 3065 Dea
1477 3028 1520 3073 est
1549 3037 1695 3075 operum.
1722 3027 1852 3074 quibus
1883 3025 1941 3062 fax
1968 3023 1987 3060 a
2025 3023 2222 3061 Laetantio
2240 3025 2424 3062 Firmiano

1380 3078 1440 3116 lib.
1460 3090 1487 3114 1.
1509 3088 1586 3124 cap.
1610 3089 1664 3121 17.
1692 3082 1780 3112 Sunt
1797 3087 1841 3115 <9⁰
1858 3075 1948 3111 aliae
1963 3084 2077 3118 artes,
2105 3088 2258 3124 quarum
2282 3084 2424 3125 reperto-

1382 3142 1433 3165 res
1454 3127 1630 3164 humanae
1658 3127 1753 3163 vitae
1779 3127 1969 3176 plurimum
2000 3125 2203 3174 profuerunt
2224 3140 2235 3169 ;
2274 3138 2334 3162 cur
2355 3135 2421 3161 non

1377 3179 1485 3216 etiam
1506 3178 1575 3214 illis
1595 3176 1772 3214 attributa
1786 3178 1875 3226 sunt
1895 3175 2048 3224 templa?
2070 3175 2132 3222 sed
2159 3176 2326 3213 nimirum
2349 3175 2423 3212 Mi·

282 3233 619 3279 riniano‚attrahet
637 3233 701 3281 ipse
721 3232 950 3282 novos.quod
962 3233 1049 3280 quid
1061 3232 1122 3269 fibi
1136 3233 1221 3270 velit
1237 3245 1315 3271 non
1375 3241 1487 3266 nerva
1513 3228 1581 3275 est,
1603 3241 1689 3278 quae
1721 3241 1836 3264 Omnes
1863 3226 2028 3276 repperit,
2057 3226 2194 3282 ideoque
2220 3226 2274 3263 illi
2299 3224 2424 3281 Opificf5

277 3283 456 3335 affequor.
484 3285 626 3321 Heres.
656 3284 738 3320 Hae
767 3295 898 3321 omnes
925 3283 1049 3321 turbae
1078 3282 1169 3320 mihi
1190 3284 1316 3321 facilli·
1364 3279 1586 3329 supplicant.-
1615 3291 1687 3327 ergo
1710 3278 1754 3315 ab
1767 3278 1830 3325 ‚his
1843 3277 2007 3327 sordibus
2030 3282 2203 3314 Minerva
2221 3276 2420 3326 ascendum

270 3347 333 3375 me
363 3334 462 3386 posse
483 3335 663 3385 componi
692 3333 862 3374 videntur
883 3361 893 3380 ‚
932 3333 956 3372 fi
984 3333 1095 3372 lectio
1121 3333 1179 3371 illa
1200 3335 1311 3374 trium
1371 3335 1515 3369 coetum.
1546 3329 1726 3379 Neapor.

2221 3377 2308 3428 833.
2328 3372 2418 3414 Mit-
