2495 3675
239 180 339 251 534

709 159 771 237 Ρ.
845 148 1901 234 ov1D11NA50N1s

963 327 1511 407 ELEGIA
1607 294 1750 392 xj

631 493 654 548 ἶ
676 494 792 565 quis
816 490 988 544 adhuc
1013 486 1126 540 istic
1150 481 1393 539 meminit
1418 477 1638 534 Nasonis
1664 473 1861 528 ademti
1878 512 1893 536 ‚

707 566 777 620 Et
807 559 1036 632 superest
1063 557 1167 611 fine
1194 573 1280 609 me
1305 570 1502 608 nomen
1529 552 1582 605 in
1610 546 1757 603 Urbe
1785 562 2000 606 meum;

546 636 884 710 Suppositum
910 631 1064 685 stellis
1090 644 1379 700 numquam
1405 623 1741 695 tangentibus
1767 635 1968 691 aequor

627 710 726 765 Me
750 707 875 761 sciat
900 705 955 758 in
981 704 1158 758 media
1183 703 1362 754 vivere
1388 696 1638 751 barbarie.

405 805 436 855 5
551 784 890 839 Sauromatae
918 777 1168 846 cingunt,
1205 775 1313 828 fera
1342 787 1497 841 gem,
1536 767 1820 838 Bessique,
1857 764 2168 835 Getaeque:

625 855 803 926 Quam
831 867 941 905 non
968 848 1187 919 ingenio
1212 846 1427 900 nomina
1452 843 1611 912 digna
1639 841 1789 895 meo!

548 929 696 984 Dum
722 939 894 978 tamen
920 940 1040 976 aura
1070 932 1246 990 tepet;
1289 916 1472 972 medio
1498 913 1840 968 defendimur
1865 908 2009 965 Istro,

617 1001 705 1054 Ille
729 998 829 1051 suis
855 994 1084 1067 liquidus
1108 992 1241 1047 bella
1265 988 1469 1060 repellit
1493 986 1655 1058 aquis,

551 1075 627 1128 At
656 1089 778 1125 cum
803 1067 957 1122 tristis
986 1067 1152 1121 hiems
1178 1061 1464 1135 squalentia
1488 1058 1709 1130 protulit
1735 1074 1826 1111 ora
1844 1092 1859 1119 ‚

409 1166 477 1204 10

623 1145 905 1214 Terraque
933 1155 1238 1193 marmoreo
1264 1133 1491 1188 candida
1519 1129 1651 1185 fasta
1675 1130 1794 1201 gelu
1823 1128 1926 1182 est:

556 1217 736 1286 [Dum
761 1226 905 1287 patet
933 1215 986 1265 &
1014 1210 1211 1265 Boreas
1238 1208 1293 1260 &
1318 1207 1410 1260 nix
1436 1202 1622 1274 injefiia
1649 1202 1740 1256 sub
1766 1202 1972 1262 Ατᾶος

624 1290 774 1345 Tum
801 1288 968 1359 liquet
993 1285 1080 1338 has
1105 1293 1290 1356 gentes
1314 1296 1412 1334 axe
1440 1288 1703 1332 tremente
1730 1274 1954 1348 premi]

256 1510 261 1527 '
309 1508 350 1546 '1ss
379 1504 588 1556 Meminit.]
620 1508 756 1540 Memor
775 1500 818 1549 est
837 1499 1007 1539 Bernens.
1026 1497 1062 1535 δε
1081 1495 1227 1544 Junian.

316 1569 350 1606 3.
376 1557 582 1607 Suppofitam
588 1555 695 1603 stellis
707 1565 903 1602 numquam
914 1548 1132 1600 tangentibus
1145 1543 1301 1603 aequem]

258 1608 374 1658 Supra
397 1609 498 1657 Eleg.
517 1621 555 1646 v.

311 1672 482 1709 Proxima
490 1669 659 1722 fideribus
677 1667 779 1705 tellus
801 1662 1073 1716 Erymanthidos
1090 1661 1191 1709 Ursae

364 1728 426 1759 Me
437 1733 540 1760 tenet.

1358 1553 1459 1582 verat
1471 1571 1481 1588 ‚

1411 1614 1499 1647 Tum
1515 1608 1648 1659 pariter
1667 1613 1813 1653 Boreas,
1838 1617 1882 1648 (φ’
1908 1620 1978 1645 nox
1999 1604 2159 1644 habitare
2165 1602 2233 1652 sub
2255 1604 2377 1643 Arelas
2395 1618 2402 1624 ·
2480 1604 2482 1634 l

2480 1658 2481 1673 r

1359 1681 1399 1712 ut
1425 1673 1586 1711 habitare
1616 1686 1682 1722 pro
1705 1674 1844 1710 habitat
1866 1673 1907 1710 sit
1938 1672 2097 1721 positum
2116 1699 2126 1716 ‚
2155 1669 2256 1720 quod
2277 1677 2399 1709 tamen

1358 1725 1480 1763 durius
1503 1752 1513 1768 ,
1550 1725 1635 1774 quia
1665 1737 1756 1762 mox
1787 1724 1894 1774 liquet
1917 1723 1981 1759 has
2007 1733 2122 1771 gentes
2144 1721 2316 1770 sequitur.
2338 1722 2399 1759 nix

260 1787 432 1824 ConAN.
461 1792 648 1836 Nusquam
668 1782 890 1832 tangentibus
911 1794 1017 1830 ugnus
1037 1780 1121 1827 Jun.
1134 1789 1228 1827 quae
1247 1777 1301 1815 ul·
1355 1775 1490 1823 jaffi‘ata
1509 1775 1654 1824 plurimi
1673 1776 1773 1813 editi.
1792 1774 1946 1824 subjeft'a
1969 1772 2137 1810 Leidens.
2157 1772 2293 1820 agitata
2314 1773 2401 1809 Mo-

261 1838 353 1875 tima
377 1848 452 1874 vox
481 1838 570 1885 quid
603 1836 688 1872 velit
710 1835 843 1872 nescio.
862 1832 1002 1880 lepidus
1021 1842 1111 1868 vero
1131 1830 1188 1866 ille
1203 1830 1304 1865 Mat·

260 1888 384 1925 tainus
396 1914 406 1932 ‚
419 1899 530 1936 quam
545 1888 638 1924 bene
658 1886 788 1924 Ovidii
808 1884 915 1922 verba
933 1882 1091 1930 ceperit,
1105 1879 1213 1916 index
1227 1879 1303 1927 ejus

262 1937 444 1982 declarat,
473 1939 508 1975 in
540 1949 616 1986 quo
646 1936 790 1982 posuit,
810 1931 1137 1984 suppofitumstellis
1154 1942 1302 1979 aequor,

258 1999 339 2026 non
362 1988 489 2026 videns
510 1986 711 2036 suppofitam
734 1986 778 2023 ad
799 1999 852 2021 ine
875 1982 946 2021 effe
968 1981 1215 2020 referendum.
1243 1979 1304 2016 sed

259 2038 431 2077 sexcenta
473 2039 702 2087 ignorantiae
741 2038 778 2073 ὃ(
816 2033 1054 2072 festinationis
1080 2030 1304 2078 turpissimae

264 2089 415 2137 vestigia
443 2089 622 2126 indicibus
643 2088 710 2125 suis
730 2085 904 2135 impressit
924 2082 1086 2121 Gallulus
1107 2081 1164 2119 ille
1188 2080 1306 2118 Ludi·

259 2140 443 2189 magister.
465 2140 596 2177 Euam.

318 2213 353 2249 4.
379 2202 593 2252 Barbaria]
631 2201 795 2238 Barbarie
814 2195 1113 2244 Hamburgenfis.
1141 2194 1189 2232 fic
1213 2194 1305 2233 infra

258 2251 320 2291 lib.
343 2265 398 2292 lv.
426 2254 527 2303 Eleg.
551 2266 574 2290 x.
596 2252 651 2294 ΧΤ.
672 2264 731 2288 22.
758 2258 899 2287 veteres
923 2248 1082 2286 codices.
1110 2247 1256 2284 Hiems.

310 2311 348 2348 6.
377 2312 499 2359 Quam
521 2310 626 2360 non]
665 2313 767 2360 Qae
791 2324 858 2346 non
881 2321 1012 2347 omnes
1035 2310 1109 2346 fere
1129 2309 1245 2358 scripti
1269 2310 1308 2346 δε

259 2360 414 2409 quidam
435 2363 535 2400 editi.
556 2373 600 2402 ey
625 2375 693 2399 non
713 2364 751 2401 P.
772 2361 898 2400 Servii.
922 2361 1013 2411 quod
1043 2373 1111 2396 non
1140 2359 1309 2398 Bernens.

261 2412 354 2450 nihil
377 2422 490 2450 muta.

315 2473 350 2505 7.
379 2462 650 2512 Defendimur.]
679 2461 981 2500 Arcemurasolis
1002 2461 1133 2498 calore.
1146 2461 1311 2498 Marini.

256 2513 352 2551 Non
374 2525 393 2551 a
418 2513 515 2558 sole,
543 2514 602 2551 sed
624 2515 666 2551 ab
689 2515 870 2555 hostibus,
899 2514 943 2549 de
971 2512 1101 2558 quibus
1130 2514 1306 2558 proximis

260 2563 420 2602 versibus
443 2565 627 2602 meminit.
657 2566 832 2602 Micrm..
862 2562 1092 2610 Defendimur
1112 2562 1203 2598 ui'tro
1221 2562 1306 2608 Jun.

261 2623 353 2650 mox
366 2642 376 2657 ‚
405 2614 547 2664 liquidis
565 2626 696 2652 omnes
710 2615 783 2651 fere
804 2614 935 2661 scripti.

320 2675 376 2700 10.
405 2670 575 2715 Terraque
603 2678 793 2703 marmoreo
824 2665 868 2712 est
898 2662 1048 2700 candida
1063 2662 1165 2708 sabia
1183 2661 1303 2711 gelu.]

264 2711 407 2750 Ibidem
423 2725 431 2752 ι

494 2784 652 2832 adstricto
671 2796 765 2823 terra
784 2782 916 2835 perusta
934 2782 1024 2832 gelu.

268 2830 438 2871 CiorAN.

325 2900 381 2927 11.
410 2897 507 2947 pam
526 2901 620 2941 patet
643 2904 686 2934 (φ
709 2899 830 2931 Boreas
858 2904 902 2932 ω’
923 2893 984 2930 nix
1007 2893 1133 2942 injeHa
1146 2893 1214 2942 sub
1235 2897 1310 2930 Ar-

268 2940 372 2994 eia]
389 2947 463 2977 Nix
486 2943 643 2981 habitare
665 2946 771 2982 multi
793 2954 943 2982 veteres.
966 2945 1002 2980 Sc
1025 2958 1093 2980 nox
1115 2945 1201 2981 duo.
1222 2955 1309 2980 nam

269 2988 317 3025 de
337 3001 534 3046 nive-mox
554 2994 724 3042 sequitur.
753 2997 862 3032 etiam
886 2995 930 3031 de
955 2995 1092 3038 Borea,
1120 2995 1178 3032 seu
1193 2995 1313 3043 Aqui·

267 3038 368 3077 lone.
397 3040 500 3089 P1get
519 3042 670 3081 diversas
683 3045 858 3081 leftiones
873 3044 1060 3082 corradere
1075 3046 1195 3095 ,quod
1208 3057 1313 3082 com-

267 3090 388 3146 plures
410 3091 488 3129 fint.
527 3094 615 3130 milri
640 3097 736 3131 enim
762 3104 885 3132 totum
917 3094 1091 3132 distichon
1123 3108 1189 3143 pro
1213 3096 1316 3133 adul-

268 3148 390 3196 terino
412 3143 470 3179 est.
509 3143 684 3180 Proximo
702 3153 824 3181 tamen
836 3143 939 3180 versu
958 3154 1135 3192 pro-patet
1155 3158 1315 3194 repon0‚

269 3188 379 3245 liquet
399 3204 442 3229 ex
462 3195 626 3240 quinque
647 3194 792 3241 scriptis.
820 3194 867 3231 est
899 3195 999 3230 enim
1032 3195 1156 3232 odiosa
1181 3198 1315 3244 repeti-

269 3247 337 3278 tio.
367 3242 506 3280 Hatris.
549 3244 772 3292 Corruptum
794 3244 864 3281 elle
885 3244 1025 3280 versum
1049 3246 1154 3282 facile
1177 3258 1313 3284 conce-

267 3290 340 3337 do,
357 3303 435 3332 non
463 3303 588 3334 tamen
614 3294 731 3335 statim
755 3294 977 3344 ejiciendum
1000 3321 1010 3342 ,
1042 3295 1080 3334 ὃς
1111 3304 1208 3335 certe
1233 3309 1312 3338 non

1358 1827 1448 1870 reti,
1467 1837 1550 1863 tunc
1563 1826 1732 1870 statimur
1754 1831 1897 1862 Boream
1917 1825 2064 1872 Regius.
2092 1824 2188 1860 forte
2221 1833 2286 1870 pro
2310 1822 2406 1872 pati·¹
2481 1824 2484 1838 ¹

1359 1889 1453 1914 mur.
1474 1890 1532 1914 nos
1560 1876 1721 1914 habitare
1733 1875 1798 1925 sub
1817 1885 1920 1912 antro
1947 1887 2051 1913 unus.
2090 1872 2205 1924 quid?
2227 1872 2251 1910 sl
2267 1872 2403 1922 legere·

1360 1934 1441 1972 tur,

1414 1996 1502 2030 Tum
1518 1995 1648 2043 pariter
1660 2001 1791 2033 Borean
1805 2022 1814 2039 ,
1828 2005 1871 2034 (φ
1881 1994 2009 2031 noctem
2030 1990 2190 2028 habitare
2202 1991 2269 2039 sub
2280 1995 2402 2038 Areia,

1463 2049 1552 2081 Tum
1578 2047 1687 2096 liquet
1707 2046 1770 2083 has
1788 2056 1903 2095 gentes
1923 2057 1989 2081 axe
2008 2043 2135 2091 rigente
2149 2043 2272 2091 premi.

1360 2111 1519 2154 vehaxe
1529 2115 1702 2160 fremente
1716 2143 1725 2159 ,
1739 2115 1858 2151 ventis
1881 2114 1919 2150 &
1942 2111 2122 2159 procellis.
2145 2119 2316 2158 premente
2329 2119 2407 2158 pre·

1361 2163 1411 2199 mi
1430 2163 1575 2209 Junian.
1596 2167 1634 2202 δε
1654 2166 1770 2202 Servii
1788 2165 1870 2201 cod.
1887 2164 1946 2200 sed
1967 2163 2039 2198 hoc
2061 2161 2108 2197 est
2129 2160 2307 2197 hariolari.
2329 2161 2405 2196 ele-

1361 2222 1493 2261 ganter
1513 2225 1602 2251 vero
1634 2228 1702 2251 nox
1738 2216 1775 2251 &
1806 2220 1927 2250 Boreas
1958 2211 2121 2246 habitare
2146 2209 2211 2255 sub
2240 2212 2332 2245 arcio
2352 2209 2408 2246 di·

1362 2273 1514 2309 cuntur,
1541 2267 1626 2313 quia
1650 2266 1816 2313 perpetui
1836 2275 1898 2311 per
1927 2270 2045 2299 totam
2075 2261 2237 2297 hiemem
2260 2260 2308 2297 ibi
2328 2259 2406 2297 sen-

1362 2314 1514 2352 tiuntur.
1542 2317 1599 2353 Sic
1618 2317 1663 2353 ad
1686 2315 1746 2353 illa
1766 2313 1942 2361 Propertii
1964 2324 2009 2350 11.
2029 2323 2080 2348 ix.
2106 2323 2161 2357 17.

1416 2377 1516 2426 Qid
1537 2377 1600 2415 tibi
1614 2378 1811 2427 jucundum
1826 2376 1922 2426 ficcis
1943 2374 2106 2412 babitare
2125 2374 2297 2413 medullis.

1365 2439 1576 2478 Pafferatius
1608 2440 1720 2478 docet
1746 2439 1918 2477 homines
1951 2437 1989 2473 δε
2021 2447 2075 2473 res
2103 2434 2284 2480 habitare,
2313 2445 2408 2484 quae

1368 2500 1520 2528 manent
1549 2492 1610 2528 diu
1633 2518 1644 2534 ,
1690 2492 1727 2527 &
1757 2498 1935 2537 perpetuo
1965 2486 2044 2523 sunt
2079 2487 2114 2523 in
2144 2486 2266 2534 aliquo
2294 2485 2404 2530 loco,

1361 2549 1552 2590 tamquam
1567 2541 1687 2579 sedem
1700 2541 1883 2588 posuerint
1898 2538 1982 2575 illie.
2007 2536 2102 2573 sicin
2119 2536 2233 2572 culina
2247 2535 2406 2572 habitare

1361 2592 1511 2629 Petron.
1533 2604 1611 2640 cap.
1635 2604 1668 2628 2.
1698 2592 1757 2628 ubi
1783 2591 1867 2627 vide
1885 2596 2003 2626 notas.
2023 2587 2069 2624 lic
2083 2586 2281 2637 poffeffhrem
2306 2587 2404 2623 ltali-

1363 2642 1393 2677 ci
1412 2642 1521 2679 litoris
1553 2643 1784 2690 Aquilonem
1806 2640 1899 2677 dixit
1922 2639 2113 2676 Petronius
2135 2649 2212 2684 cap.
2238 2649 2318 2683 1¹4·
2344 2636 2409 2673 ubi

1362 2692 1463 2739 plura
1485 2693 1561 2741 ejus
1580 2694 1719 2740 generis
1739 2691 1906 2728 dedimus
1923 2717 1932 2734 ,
1950 2699 2045 2738 quae
2068 2688 2153 2725 huic
2174 2684 2407 2726 locutioniil·

1364 2743 1564 2779 lustrandae
1584 2743 1726 2790 optime
1748 2744 1898 2779 faciunt.
1922 2739 2049 2776 Mami.
2070 2738 2129 2775 lib.
2152 2750 2176 2774 1.
2198 2750 2256 2786 75.

1419 2798 1578 2843 Tuncque
1601 2795 1639 2829 in
1660 2793 1793 2839 desertis
1816 2789 2002 2828 habitabat
2026 2788 2197 2824 montibus
2218 2801 2358 2825 aurum.

1367 2843 1428 2881 ubi
1449 2843 1575 2893 aliquis
1597 2845 1691 2881 forte
1713 2842 1881 2879 latitabat
1909 2840 2058 2882 mallet,
2107 2837 2165 2876 sed
2189 2851 2234 2876 ne
2257 2848 2408 2876 movea-

1366 2902 1425 2931 tur
1451 2894 1585 2945 aliquid
1601 2922 1612 2939 ,
1648 2907 1691 2932 en
1717 2894 1784 2931 alia
1815 2891 1960 2929 Manilii
1981 2891 2064 2927 loca
2087 2890 2222 2926 eodem
2244 2890 2336 2927 libro
2354 2886 2411 2932 Jlss.

1371 2956 1453 2993 13²--
1734 2963 1740 2969 ·

1766 2993 1997 3043 flammaeque
2019 2991 2186 3028 micantes

1417 3048 1518 3095 {Quae
1537 3046 1662 3083 mundi
1677 3047 1785 3091 fecere
1803 3044 1911 3080 oculos
1925 3071 1935 3089 ,
1965 3043 2196 3090 habitantque
2210 3050 2269 3090 per
2289 3051 2385 3079 omne

1421 3104 1562 3145 Corpus.

1358 3147 1409 3185 ·&
1433 3159 1485 3183 xv,
1506 3147 1559 3188 Μ’.
1583 3148 1666 3195 265.

1423 3197 1525 3233 Mille
1537 3199 1602 3245 sab
1620 3198 1680 3233 hoc
1701 3195 1865 3233 habitant
1886 3203 1991 3232 artesi

1370 3261 1436 3285 axe
1455 3248 1582 3295 rigente
1599 3249 1707 3296 premi
1728 3246 1865 3283 dierum
1889 3253 1929 3282 ut
1950 3245 2011 3282 lib.
2038 3256 2085 3282 11.
2110 3255 2193 3293 190.

1417 3296 1623 3348 Parrhasiae
1639 3296 1747 3350 gelide
1768 3295 1914 3346 Virginis
1932 3308 1998 3334 axe
2010 3304 2158 3345 premor.
2185 3295 2320 3385 Burlzm.
2338 3347 2413 3381 Nn

2276 3356 2316 3395 3..
2403 3384 2408 3387 Α

2295 1347 2404 1406 Nix
2453 1302 2479 1363 ’Ξ

1357 1490 1590 1541 improbabili
1628 1488 1841 1539 conjectura
1881 1488 1973 1527 olim
2014 1485 2188 1526 Heinsius
2228 1485 2406 1535 emenda-7
2478 1474 2480 1510 f
