2495 3675
649 149 1281 209 TRISTIUM
1355 153 1551 216 ιη.
1626 119 1762 218 uf

2144 187 2240 238 533
2286 262 2289 263 7

226 278 326 334 415
363 258 512 320 Nee,
547 255 640 328 qui
664 255 934 328 descripfit
959 255 1230 328 corrumpi
1257 257 1451 313 semina
1477 258 1738 327 matrum,

448 328 649 385 Eubius
669 370 686 394 ,
724 330 965 399 impurae
991 329 1244 384 conditor
1271 330 1529 387 historiae.

367 405 485 460 Nec
512 403 604 474 qui
634 401 935 473 composuit
959 417 1129 471 nuper
1157 402 1479 473 Sybaritida‚
1515 407 1681 478 fugit:

441 478 558 531 Nec
586 493 721 548 quae
751 471 1068 527 concubitus
1092 490 1202 527 non
1228 488 1440 532 tacuere
1465 479 1599 533 suos,

371 551 613 620 Suntque
638 565 698 601 ea
721 544 1006 599 doetorum
1033 549 1396 604 monumentis
1423 553 1587 606 mixta
1613 552 1880 618 virorum,

225 644 330 696 420

134 823 267 887 Jungit
286 835 454 884 Aristides
477 830 613 883 Milesia
636 830 795 869 carmina
808 830 921 880 fhcro.

82 903 278 945 Beroaldus
308 903 342 940 in
377 898 662 938 Commentario
684 897 721 934 in
749 896 898 945 Apuleji
920 895 1127 934 Metamor-

83 954 211 1004 phosin
233 957 384 1001 poetam
408 951 479 989 dici
507 948 689 987 Aristiden
712 958 732 984 a
763 948 956 984 Marciano
977 946 1126 994 Capella

82 1006 236 1044 affirmat
260 1032 269 1049 ,
306 1002 464 1040 addut‘to
499 1001 573 1038 hoc
602 999 702 1036 loco.
739 995 953 1046 diverfitaris
989 997 1127 1034 delicias

81 1053 234 1104 Milefias
256 1053 421 1100 Aristidis
440 1055 538 1101 po‘e'ta
557 1055 705 1087 Graecus
723 1048 915 1097 composuit.
943 1048 1013 1086 Sed
1034 1049 1126 1086 nihil

80 1106 151 1146 ‘tale
178 1105 273 1153 apud
302 1105 534 1142 Marcianum
557 1100 679 1139 exstat.
732 1098 912 1147 Imposuit
942 1098 1124 1137 Beroaldo

80 1157 263 1196 memoria
277 1184 286 1200 ‚
297 1155 385 1193 dum
407 1155 509 1192 illum
524 1151 703 1190 Marciani
714 1150 842 1188 locum
858 1149 995 1199 cogitat
1016 1150 1124 1188 initio

77 1208 160 1247 libri
179 1218 222 1244 11.
252 1213 349 1242 Nam
378 1216 464 1242 certe
482 1203 617 1252 mythos
635 1202 791 1239 Poeticae
806 1200 914 1238 etiam
943 1200 1126 1250 diverfita-

82 1259 129 1297 tis
139 1257 274 1294 delicias
287 1255 453 1303 Milesias,
473 1255 696 1302 historiasque
708 1251 913 1289 mortalium
929 1280 938 1296 ,
947 1252 1125 1302 postquam

80 1310 194 1359 lupera
209 1308 433 1355 conscenderit
448 1306 500 1355 ‚se
517 1305 718 1353 amiffuram
731 1302 962 1350 formidabat.
993 1303 1127 1341 Lucia-

78 1370 146 1399 nus
168 1371 246 1397 non
273 1358 352 1396 satis
382 1366 504 1405 aperte
527 1355 688 1399 indicat,
715 1352 868 1402 prosarie
893 1354 1061 1391 oratione
1079 1365 1125 1391 an

79 1409 180 1449 versa
200 1411 334 1447 fuerint
353 1408 479 1456 scripta
502 1404 678 1444 Aristidae
701 1403 863 1442 Milesia:
894 1407 998 1441 Πάνυ
1019 1404 1061 1443 δή
1080 1417 1127 1448 με

79 1459 151 1498 ὑπὸ
176 1461 237 1498 ’νῦν
265 1460 371 1503 ’ὄρθρον
394 1458 412 1499 ἦ
445 1459 512 1494 τῶν
543 1456 746 1503 ἀχολεὶςων
768 1467 828 1490 σου
850 1455 968 1499 λόγων
988 1455 1126 1499 αἱμύλη

80 1513 145 1549 καὶ
175 1513 332 1557 γλυκεῖαι
359 1507 460 1546 πειθὼ
495 1507 750 1556 κκτεύφροινεν·
789 1503 850 1546 ὦς’
880 1505 1004 1551 ὀλίγον
1030 1505 1125 1548 δεῖν,

75 1561 278 1608 ,Ἀριςεῑδκς
308 1559 466 1606 ἐνόμιζον
495 1557 582 1596 εἶναι
601 1586 613 1604 ,
650 1558 723 1599 ’τοῖς
750 1557 984 1599 Μιλησιακοῖς
1004 1556 1125 1602 λόγοις

78 1614 395 1658 ὑπερκαλούμενος.
424 1611 482 1649 ubi
496 1610 596 1656 λόγοι
617 1620 684 1657 pro
704 1606 842 1645 fabellis
863 1606 1036 1645 videntur
1056 1619 1125 1656 po-

76 1665 141 1708 ni,
167 1662 364 1712 quomodo
386 1661 488 1706 λόγοι
506 1660 708 1702 Akola-scot,
737 1658 860 1706 passim
891 1658 986 1706 apud
1010 1658 1124 1696 Grae-

79 1726 158 1754 cos.
182 1714 251 1752 Sed
273 1725 341 1751 nec
362 1713 570 1750 Plutarchus
599 1711 677 1748 satis
696 1709 868 1758 exprimit
889 1721 966 1758 quo
987 1709 1124 1746 sermo-

76 1766 134 1804 nis
163 1775 296 1812 genere
330 1763 436 1801 libelli
467 1761 517 1799 illi
545 1762 683 1799 fuerint
713 1759 940 1808 conscripti,
987 1759 1049 1796 ubi
1078 1759 1124 1797 de

78 1816 192 1854 Craffl
212 1814 313 1852 clade
331 1815 414 1863 agit.
432 1812 490 1851 sed
513 1824 534 1849 a
554 1812 689 1850 Parthis
711 1810 907 1848 vicstoribus
928 1811 997 1847 hos
1017 1810 1126 1848 libros

77 1867 119 1904 in
137 1866 408 1913 impedimentis
422 1863 533 1901 Rustii
552 1861 656 1901 fuiffe
679 1862 851 1899 inventos
864 1888 875 1906 ‚
900 1861 938 1898 ὅ(
953 1859 972 1898 Ξι
987 1861 1124 1899 Surena

82 1917 221 1955 Orodis
241 1917 335 1954 duce
361 1914 508 1952 Senatui
529 1913 799 1952 Seleuciensum
830 1912 1033 1956 exhibitos,
1062 1913 1124 1950 cui

75 1967 308 2006 luculentum
331 1963 567 2016 praebuissent
582 1971 842 2013 argumentum
866 1963 1047 2001 Romanis
1069 1964 1124 2000 in-

77 2018 232 2057 sultandi
251 2027 359 2067 atque
381 2016 579 2060 illudendi,
608 2014 712 2064 quod
730 2026 777 2052 ne
800 2015 893 2051 inter
921 2025 1021 2051 arma
1043 2015 1124 2063 qui-

77 2069 165 2107 dem
198 2068 259 2106 fibi
291 2078 494 2117 temperare
521 2065 662 2115 possent
683 2077 702 2103 a
729 2062 892 2113 legendis
909 2065 1122 2113 hujusmodi

78 2119 274 2168 impudicis
294 2132 336 2157 ac
357 2119 541 2157 obscaenis
566 2117 703 2156 libellis.
742 2116 866 2153 Locus
888 2115 934 2153 est
955 2115 1098 2164 insignis
1112 2142 1122 2160 ‚

76 2181 190 2218 quern
216 2178 335 2208 totum
366 2182 413 2207 ne
436 2170 582 2208 mutatis
608 2167 759 2218 quidem
789 2166 904 2205 verbis
934 2166 1124 2215 Appianus

77 2219 250 2259 Parthicis
268 2221 336 2258 suis
354 2220 512 2258 inseruit.
537 2228 692 2267 uterque
707 2219 881 2259 Ξικόλαςα
902 2217 1028 2263 βιβλὶκ
1057 2219 1125 2254 τῶν

81 2266 269 2317 Ἀριςεὶδσυ
287 2273 537 2314 Μιλησιακῶν,
560 2271 598 2308 &
619 2271 828 2309 Μιλησίακκ
852 2268 1126 2311 &nonae-wavra

60 2331 226 2361 vocant.
252 2321 450 2371 quomodo
473 2321 570 2359 Naso
594 2319 731 2368 Milefia
748 2319 897 2357 crimina
921 2321 994 2357 hoc
1015 2320 1100 2356 loco
1115 2347 1125 2364 ,

79 2374 119 2411 &
138 2373 220 2410 alibi
238 2373 377 2410 libellos
398 2373 596 2410 amatorios
615 2383 634 2408 a
657 2371 690 2408 se
718 2371 940 2419 conscriptos
962 2370 1035 2417 pari
1057 2381 1127 2407 no-

77 2424 180 2461 mine
212 2423 360 2459 crimina
389 2435 464 2459 non
496 2434 573 2459 uno
603 2422 694 2459 loco
723 2421 888 2469 appellat.
943 2421 1119 2458 Ceterum

74 2472 259 2512 Aristiden
274 2473 496 2509 Historicum
511 2500 520 2515 ‚
545 2471 646 2520 quod
660 2472 867 2509 Plutarchus
888 2472 923 2508 iii
944 2471 1121 2509 Parallelis

75 2523 281 2562 minoribus
298 2522 480 2559 Milesium
505 2523 715 2567 frequenter
733 2522 910 2569 appellat,
938 2531 978 2560 ut
997 2523 1120 2561 distin-

75 2583 163 2623 guat
196 2574 239 2610 ab
270 2573 344 2610 aliis
371 2573 534 2620 ejusdem
573 2573 735 2610 nominis
763 2572 1014 2620 scriptoribus,
1041 2585 1120 2611 non

75 2625 214 2675 patriae
237 2624 313 2672 ejus
335 2624 370 2661 id
401 2623 476 2660 dari
507 2624 662 2670 opinor,
690 2622 748 2660 sed
779 2623 896 2671 scripti
914 2623 1042 2661 ludicri
1066 2636 1120 2662 ar-

0 2697 3 2713 ι
77 2682 281 2732 gurnent0‚
310 2685 386 2722 quo
419 2673 643 2720 potissimum
677 2673 933 2712 celebrabatur.
986 2675 1120 2723 Neque

78 2736 178 2763 enim
198 2725 318 2762 noster
346 2723 568 2767 subdidisset,
600 2723 721 2771 Pulsus
741 2724 907 2771 Aristides
926 2737 985 2761 nec
1002 2736 1121 2776 gamen

79 2775 161 2813 urbe
181 2776 249 2823 sua'
275 2775 318 2821 est
340 2803 350 2819 ,
387 2774 410 2812 si
435 2777 545 2823 patria
569 2774 754 2812 Milesium
787 2773 1001 2813 credidisset.
1038 2789 1122 2814 cum

77 2825 200 2863 Mileti
222 2825 420 2873 periculum
443 2837 518 2862 non
540 2825 626 2863 esset
640 2853 650 2869 ‚
668 2837 715 2862 ne
734 2827 814 2873 quis
830 2826 880 2862 ob
896 2826 1024 2863 lasciva
1044 2827 1125 2864 scri-

79 2883 140 2924 pta
155 2876 342 2924 juberetur
364 2876 531 2919 exulare,
560 2877 620 2913 ubi
649 2877 848 2913 maximam
873 2874 974 2913 fuisse
1004 2878 1128 2915 omnis

80 2925 245 2964 lasciviae
274 2927 556 2973 impunitatem,
595 2935 705 2975 atque
736 2929 846 2963 etiam
876 2926 1021 2964 laudem
1044 2928 1124 2976 quis

81 2975 219 3013 nescit?
249 2976 388 3014 Alludit
415 2986 538 3014 autern
571 2978 645 3014 hoc
676 2984 910 3025 pentametro
938 2977 1058 3015 noster
1079 2979 1123 3015 ad

83 3026 230 3063 exilium
250 3028 392 3064 alterius
415 3027 592 3065 Arillidae
607 3055 616 3071 ‚
639 3035 895 3075 cognomento
917 3027 1027 3074 Justi,
1054 3029 1123 3066 viri

83 3078 215 3124 optimi
238 3077 533 3127 sanctissimisque
553 3077 716 3116 moribus
736 3077 918 3123 instrum,
946 3081 1050 3128 quod
1060 3090 1123 3117 ve·

85 3135 129 3163 10
149 3137 236 3163 mox
256 3128 352 3165 addit
368 3142 376 3165 ε

136 3176 242 3213 Vertit
261 3179 438 3225 Aristiden
458 3179 570 3227 Sisena
585 3208 595 3223 ‚
624 3193 683 3216 nec
701 3179 810 3227 obfuit
828 3177 884 3216 illi

104 3232 107 3234 ’
185 3226 345 3272 Historiae
367 3241 476 3278 turpes
497 3230 665 3280 inseruiffl?
687 3231 781 3268 locos.

443 619 869 689 Muneribusque
897 616 1116 671 Ducum
1142 618 1353 690 publica
1383 623 1513 678 saria
1540 639 1736 698 patent.

2119 701 2227 758 Ne-

1182 830 1242 889 sed
1271 833 1346 872 hoc
1377 835 1454 874 vult
1474 837 1606 874 Noster
1628 866 1637 883 ,
1675 840 1763 878 Non
1786 848 1929 879 tantum
1962 851 2038 878 non
2069 839 2223 878 obfuisse

1183 883 1327 923 Sisenae
1354 887 1455 934 quod
1487 888 1660 927 Ariilidae
1691 892 1855 929 Milesios
1884 891 2020 929 libellos
2049 894 2222 935 verterit,

1181 934 1240 972 sed
1262 948 1308 973 ne
1326 937 1364 992 *id
1392 938 1540 986 quidem
1557 967 1566 982 ‚
1597 942 1696 988 quod
1718 943 1883 980 liiiloriae
1908 943 1987 980 suae
2009 944 2110 990 operi
2132 942 2222 979 serio

1182 993 1303 1034 turpes
1318 999 1428 1034 jocos
1449 990 1541 1032 ‚hoc
1555 992 1601 1027 est
1615 1020 1624 1035 ,
1654 992 1846 1031 obscaenas
1878 994 2101 1031 narrationes
2131 993 2224 1030 inse-

1184 1038 1304 1093 ruerit.
1334 1038 1475 1076 Sisenae
1492 1041 1636 1078 historia
1657 1044 1780 1091 passim
1806 1045 1848 1081 ab
1868 1044 2024 1092 antiquis
2043 1054 2228 1090 gramma·

1182 1094 1262 1125 ticis
1283 1089 1422 1144 citatur.
1451 1091 1635 1129 Mihsiaca
1664 1095 1740 1143 ejus
1763 1107 1782 1132 a
1814 1094 1978 1132 Charilio
2006 1094 2226 1141 frequenter.

1182 1137 1273 1175 Duo
1298 1140 1405 1188 igitur
1425 1139 1549 1189 scripta
1564 1142 1705 1181 Sisenae
1725 1145 1860 1183 diversa
1877 1146 1936 1182 liic
1952 1146 2065 1192 tangit
2084 1145 2226 1184 Noster.

1182 1191 1309 1238 Atque
1329 1191 1415 1227 hinc
1446 1191 1493 1228 est
1517 1220 1526 1236 ,
1564 1194 1664 1240 quod
1697 1196 1753 1232 M.
1772 1197 1915 1234 Tullius
1947 1195 2037 1232 libro
2060 1195 2104 1232 de
2128 1196 2225 1233 Ora·

1180 1248 1285 1284 tore,
1313 1241 1464 1291 Sisenam
1479 1270 1489 1287 ‚
1518 1243 1654 1280 tloiflum
1676 1248 1795 1284 virum
1818 1275 1828 1291 ,
1861 1246 1982 1293 studiis
2005 1246 2137 1292 oprimis
2161 1247 2220 1282 de-

1182 1291 1297 1328 ditum
1310 1319 1320 1335 ‚
1341 1305 1492 1340 gnarum
1511 1294 1729 1342 reipublicae,
1752 1310 1820 1333 non
1831 1296 1905 1346 fine
1915 1297 2055 1342 facetiis
2069 1324 2078 1340 ,
2096 1298 2220 1345 appel-

1181 1341 1242 1380 lat.
1269 1343 1407 1380 Heius.
1435 1343 1571 1392 Milefia
1591 1347 1749 1383 carmina
1770 1347 1937 1385 Beriiens.
1958 1359 2034 1384 non
2056 1348 2221 1396 intelligo

1182 1392 1286 1430 haec.
1311 1394 1457 1432 Merula
1477 1396 1632 1443 explicat
1652 1398 1802 1446 ingenio
1823 1398 1886 1436 suo
1906 1398 2224 1443 accommodavit,

1182 1452 1244 1480 aut
1264 1443 1368 1481 fimul
1390 1446 1594 1493 composita
1611 1446 1753 1495 scripsit.
1781 1450 1874 1486 foi-te
1895 1448 2088 1496 legendum
2104 1476 2114 1492 ‚
2136 1450 2224 1494 jua-

1181 1493 1237 1530 xit
1249 1495 1420 1542 Aristides
1432 1496 1567 1545 Milesza
1588 1498 1863 1548 criminascenae
1875 1528 1884 1543 ,
1905 1499 1940 1534 id
1954 1499 2001 1536 est
2019 1499 2168 1536 lascivos
2181 1501 2222 1537 &

1181 1545 1390 1593 impudicos
1409 1558 1531 1584 mores
1560 1548 1813 1595 Milesiorum,
1841 1550 1986 1587 inseruit
2016 1550 2052 1586 δε
2079 1550 2222 1588 miscuit

1179 1595 1305 1634 fabulis
1329 1597 1418 1635 suis:
1448 1597 1507 1635 sed
1527 1600 1612 1647 quia
1645 1608 1767 1638 tamen
1798 1611 1976 1648 nusquam
2004 1602 2146 1648 reperio
2169 1602 2226 1638 A·

1180 1646 1337 1685 ristidem
1350 1647 1487 1686 fabulas
1506 1648 1668 1687 docuisse
1681 1680 1689 1695 ,
1704 1652 1851 1689 haereo.
1880 1651 2063 1694 Francius,
2085 1654 2197 1688 traxit
2210 1679 2222 1695 ‚

1180 1696 1264 1741 vel,
1285 1699 1396 1736 vexit.
1430 1699 1528 1736 idem
1552 1701 1590 1737 δε
1610 1710 1800 1740 notaverat
1825 1701 2089 1739 ssi‘oulzhusiuin
2114 1702 2222 1746 velle,

1182 1747 1305 1784 vinxit
1320 1749 1488 1793 Aristides
1500 1749 1636 1798 Milesia
1653 1751 1801 1789 crimina
1818 1753 1919 1799 socco.
1941 1752 1986 1788 de
2007 1750 2224 1798 Milefiishis

1181 1797 1267 1835 vide
1287 1797 1463 1837 Mauffac.
1483 1800 1528 1837 ad
1549 1800 1729 1849 Harpocr.
1750 1804 1786 1841 in
1805 1802 1995 1846 Δερμὶςης-
2023 1802 2155 1839 BURM·

1232 1864 1315 1909 416.
1342 1871 1502 1912 Impurae
1523 1866 1673 1904 conditor
1694 1866 1877 1916 historiae]
1909 1866 2144 1905 Credendum
2159 1869 2226 1914 est,

1179 1914 1340 1953 Eubium
1354 1916 1564 1954 historicum
1585 1918 1619 1954 iii
1635 1918 1711 1967 ejus
1735 1918 2039 1967 opereliillotiam
2062 1919 2221 1968 aliquam

1179 1964 1333 2014 posuisse
1354 1994 1364 2011 ,
1401 1979 1472 2016 qua
1505 1970 1714 2016 exponebat
1740 1970 1944 2006 foeminam
1975 1969 2132 2019 aliquam
2157 1983 2225 2019 po-

1179 2017 1282 2054 tione
1303 2017 1340 2055 &
1370 2017 1556 2056 veneficiis
1577 2028 1719 2067 partum
1749 2019 1965 2068 corrupisse:
1985 2020 2086 2069 quod
2105 2033 2220 2069 quum

1180 2068 1307 2105 fecerit
1330 2096 1341 2113 ,
1378 2068 1522 2106 videtur
1551 2070 1640 2107 alios
1669 2071 1851 2119 ejusmodi
1882 2072 2020 2108 crimen
2052 2071 2224 2112 docuisse.

1181 2118 1373 2156 MERULA.
1418 2118 1460 2156 In
1489 2119 1577 2157 Mss.
1598 2122 1695 2158 varie
1716 2133 1855 2159 nomen
1881 2120 2064 2166 scribitur,
2087 2122 2222 2168 Elaeus,

1180 2168 1287 2205 Ebius
1308 2197 1319 2213 ‚
1346 2168 1481 2206 Eubous
1501 2197 1510 2212 ‚
1548 2170 1691 2208 Eubilus
1713 2198 1723 2216 ,
1753 2177 1865 2208 Etuus
1885 2199 1894 2214 ,
1931 2172 1966 2209 in
1990 2172 2195 2212 Berl'manni
2212 2203 2222 2219 ,

1181 2219 1342 2258 Eubolus.
1370 2219 1541 2258 Heinsius
1563 2233 1628 2269 pro
1648 2220 1838 2271 descripsit,
1867 2222 2029 2269 legebat,
2057 2226 2220 2272 praestri-

1178 2270 1335 2318 pfit‚vel
1356 2298 1366 2315 ,
1393 2271 1570 2320 praecepit.
1593 2272 1726 2309 deinde
1748 2274 1951 2310 immundae
1972 2273 2126 2319 historiae
2150 2283 2221 2312 tres

1180 2321 1272 2358 libri.
1292 2321 1338 2359 de
1359 2323 1433 2359 hoc
1457 2322 1562 2358 Eubio
1581 2323 1669 2360 nihil
1691 2324 1781 2361 mihi
1804 2324 1952 2361 constat.
1974 2324 2119 2360 Eubulos
2141 2325 2218 2372 plu-

1180 2382 1234 2409 res
1254 2373 1367 2416 novi,
1395 2372 1454 2410 sed
1477 2372 1590 2410 obstat
1610 2373 1772 2422 ‘syllabae
1795 2375 1972 2412 secundae
1994 2374 2146 2419 modus,
2170 2387 2223 2413 ne.

1180 2422 1244 2460 hic
1264 2424 1477 2471 recipiatur;
1492 2423 1640 2461 Graecis
1652 2426 1752 2462 enim
1766 2425 1952 2469 Εὔβουλος.
1971 2426 2076 2461 Eubii
2094 2425 2219 2462 Philo-

1176 2472 1278 2522 sophi
1293 2473 1591 2512 Stoicimeminit
1614 2475 1783 2524 stephan.
1806 2476 1841 2512 in
1865 2470 2063 2512 Ἃσκάλων.
2085 2475 2217 2514 Buiim.

1228 2550 1310 2584 417.
1341 2544 1412 2575 Nec
1432 2537 1493 2587 q'ui
1522 2538 1700 2587 composuit
1721 2547 1824 2587 nuper
1853 2536 2090 2587 Sybaritida]
2137 2539 2217 2575 He-

1177 2590 1346 2626 mitheon
1371 2589 1531 2638 Sybarita
1555 2590 1608 2636 (ut
1639 2589 1754 2626 scribit
1776 2590 1957 2626 Lucianus
1988 2590 2024 2625 in
2047 2590 2217 2626 oratione

1177 2639 1220 2676 ad
1242 2639 1462 2677 ineruditum
1480 2667 1490 2684 ,
1518 2641 1579 2687 qui
1601 2640 1737 2677 multos
1749 2641 1961 2687 emptitabat
1979 2639 2218 2686 libellos)mi-

1177 2689 1289 2728 rificas
1311 2691 1406 2738 leges
1435 2689 1641 2737 conscripsit
1665 2717 1674 2733 ‚
1702 2690 1899 2738 quomodo
1931 2689 2082 2726 insanire
2104 2702 2227 2738 opor--

1176 2749 1272 2786 teat,
1302 2742 1337 2778 &
1364 2741 1471 2785 velli,
1500 2743 1596 2787 pati,
1625 2752 1666 2778 ac
1683 2741 1800 2778 facere
1823 2741 1891 2777 illa.
1918 2740 1978 2776 De
1998 2740 2104 2788 hujus
2123 2744 2217 2788 poe·

1176 2799 1236 2828 tae
1276 2791 1402 2829 libellis
1434 2791 1715 2828 obscoenisliino
1755 2800 1972 2838 argumento
2004 2791 2229 2839 compositis

1177 2842 1351 2879 nimirum
1373 2841 1547 2878 intellexit
1568 2842 1744 2879 Martialis
1764 2843 1823 2879 lib.
1836 2854 1907 2878 x—ii.
1926 2853 1973 2878 eo
1995 2842 2096 2879 versu
2111 2869 2121 2886 ,
2142 2841 2228 2890 ἐξάἸ

1178 2902 1312 2928 certant
1334 2892 1532 2941 Sybariticis
1554 2892 1686 2929 libellis.
1728 2893 1785 2928 De
1809 2892 2052 2941 Sybaritarum
2074 2893 2218 2930 luxuria

1180 2942 1293 2979 multa
1316 2942 1440 2979 Suidas
1462 2944 1498 2978 ὅ(
1519 2942 1659 2979 Strabo.
1687 2943 1877 2980 MERULA.
1914 2943 1972 2980 De
1994 2942 2115 2980 Eubio
2135 2944 2219 2980 alias

1177 2993 1267 3029 nihil
1296 3000 1424 3028 extat:
1463 2992 1508 3029 de
1535 2992 1743 3040 Sybaritidis
1771 3002 1895 3030 autem
1926 3001 2054 3031 autore
2087 2994 2221 3031 Hemi-

1176 3043 1315 3079 theone
1356 3043 1466 3080 etiarn
1513 3043 1710 3081 Politianus
1746 3044 1938 3081 annotavit
1977 3044 2127 3081 Miscell.
2157 3055 2220 3081 xv.

1176 3094 1355 3130 Micni..
1384 3093 1476 3130 Puto
1497 3094 1693 3142 legendum
1709 3122 1720 3138 ,
1745 3104 1876 3143 turpem
1895 3093 2104 3141 sybariaeida.
2140 3095 2229 3131 ile--

1178 3145 1347 3181 mitheon
1378 3144 1563 3192 cynaedus
1598 3144 1761 3193 Sybarita
1802 3145 2042 3192 turpislirnum
2085 3144 2216 3182 librum

1175 3193 1363 3243 scripsitde
1383 3207 1420 3232 re
1433 3194 1601 3232 Venerea
1618 3224 1626 3239 ,
1644 3195 1738 3243 apud
1754 3195 1959 3232 Lucianum
1983 3195 2067 3237 πρὸς
2088 3194 2227 3229 'Arreti--

1170 3244 1305 3282 ὃευτον.
1341 3245 1444 3282 Idem
1467 3247 1502 3282 in
1533 3246 1797 3294 Pseudologisla
1822 3245 2014 3282 Misthonis
2032 3243 2226 3291 Sybaritae-

81 3301 158 3347 pion
178 3292 232 3330 ita
245 3293 519 3345 intelligendum
550 3296 622 3342 est,
650 3305 691 3336 ut
717 3298 931 3346 interpretes
960 3298 1114 3345 volunt,
1172 3297 1346 3336 meminit
1363 3296 1555 3343 turpiffinii
1585 3296 1777 3346 scriptoris.
1802 3296 1887 3335 hinc
1906 3293 2088 3344 Sybaritica·
2108 3291 2224 3327 libelli*

1350 3346 1416 3383 Xx
1429 3357 1450 3383 x
1479 3357 1499 3395 3
2119 3341 2223 3389 apud..
