2495 3675
495 162 1444 233 FASTORUM
1553 167 1855 229 L1ssssl.

393 293 611 366 Proque
640 303 787 346 metu
817 286 1073 361 populum
1096 282 1203 337 fine
1229 282 1281 336 vi
1307 282 1485 353 pudor
1512 283 1619 354 ipse
1641 284 1873 356 regebat.

464 367 650 420 Nullus
674 377 811 424 erat,
844 358 992 429 justis
1021 355 1253 412 reddere
1277 354 1424 425 jura,
1466 355 1629 410 labor.

391 439 479 495 Nil
507 437 633 492 mihi
659 450 784 488 cum
807 432 944 486 bello
970 449 983 484 ε
1021 446 1210 502 pacem
1235 427 1519 501 postesque
1546 428 1758 483 tuebar:

472 510 544 564 Et
570 508 769 561 clavem
797 502 1106 564 ostendens,
1142 500 1329 564 Haeo,
1366 502 1465 564 ait,
1504 519 1645 555 arma
1672 519 1820 573 gero,

254 599 357 656 255
395 579 651 639 Prefferat
676 594 767 631 ora
792 576 958 630 Deus,
997 588 1124 629 tune
1152 572 1222 627 fic
1249 573 1424 628 nostra
1449 591 1541 629 ora
1571 573 1811 638 resolv0,

467 652 624 707 Voce
651 651 769 703 mesi
793 665 952 703 voces
978 647 1227 702 eliciente
1254 645 1377 699 Dei.

394 726 538 781 Cum
565 735 647 777 tot
679 721 776 775 sint
796 720 944 791 Jani,
982 739 1077 775 cur
1104 718 1200 773 stas
1228 718 1455 773 sacratus
1479 719 1534 773 in
1562 736 1697 783 un0‚

465 797 581 851 Hie
609 795 700 848 ubi
722 793 900 863 juncta
924 793 1052 847 foris
1082 792 1277 863 templa
1305 792 1512 846 duobus
1539 791 1728 845 habes?

390 869 479 925 Ille
506 884 663 923 manu
689 867 924 920 mulcens
952 882 1241 937 propexam
1273 865 1338 918 ad
1368 863 1581 932 pectora
1607 863 1850 928 barbam,

253 948 381 999 260·

111 1161 159 1196 ex
179 1153 515 1206 praestantioribus,
551 1163 635 1191 tunc
647 1151 697 1204 fic
717 1153 828 1201 nostra
845 1165 904 1191 ora
925 1153 1055 1201 resolvo
1086 1159 1157 1191 tres

112 1207 318 1246 Farnefiani
342 1218 387 1244 ex
410 1205 559 1254 optimis
583 1206 622 1242 δε
643 1205 924 1243 Arundelianus.
943 1203 1159 1254 placet..nis2

113 1259 218 1297 malis
231 1285 242 1303 ‚
267 1257 314 1308 fic
333 1270 391 1294 ora
409 1269 462 1305 ego
480 1256 595 1303 nostra
615 1255 754 1305 resolvo.
786 1257 931 1294 Hrms.

165 1338 251 1373 257.
278 1331 370 1362 Cum
394 1334 443 1362 tot
455 1322 674 1372 fintJani.]
704 1323 795 1360 Non
814 1322 973 1370 templa,
1000 1329 1040 1360 ut
1061 1321 1163 1358 bardi

112 1377 264 1427 quidam
296 1377 536 1423 interpretum
571 1373 715 1410 volunt.
766 1374 894 1410 Unum
926 1372 995 1409 fuit
1024 1373 1162 1419 praeci-

113 1440 229 1476 puum
252 1428 399 1464 Romae
421 1427 503 1471 Jani
527 1424 706 1470 templum
723 1451 733 1467 ,
761 1431 796 1460 at
812 1422 892 1468 Jani
916 1421 1046 1469 plures.
1083 1422 1161 1459 Oc·

114 1479 225 1516 currit
246 1474 424 1525 saepicule
448 1477 484 1512 in
502 1473 677 1522 lapidibus
695 1474 833 1521 primus
854 1499 865 1517 ‚
892 1472 988 1510 imus
1019 1472 1058 1510 &
1081 1483 1159 1511 me-

114 1528 196 1567 dius
212 1557 222 1573 ‚
252 1536 291 1566 ut
313 1528 348 1563 in
372 1527 467 1563 hoc:

168 1593 215 1630 C.
245 1590 464 1628 IVLIVS
494 1590 536 1626 C.
566 1589 611 1625 L.
639 1587 1084 1627 NICOMACHVS

168 1642 205 1679 A
234 1640 398 1678 IANO
427 1639 596 1677 PRIM.
625 1639 761 1677 PAL.

119 1691 326 1730 &inisto:

170 1742 215 1780 C.
244 1742 519 1780 LEPIDVS

169 1792 214 1832 C.
243 1793 288 1830 L.
318 1791 649 1830 ANICETVS

167 1845 205 1881 A
235 1843 396 1881 IANO
426 1844 642 1881 MEDIO

115 1907 188 1946 'Imi
213 1907 253 1946 fit
269 1909 414 1946 mentio
433 1909 477 1947 ab
501 1909 663 1947 Horatio
684 1908 745 1947 lib.
769 1911 891 1957 primo
910 1910 1070 1961 Epistola
1094 1912 1166 1960 pri-

119 1958 192 1997 ma.
219 1959 288 1997 Sed
309 1960 347 1997 hi
367 1968 437 1997 tres
459 1959 497 1996 in
520 1960 604 1997 foro
628 1969 730 1998 erant
750 1961 939 2000 Romano.
978 1964 1165 2001 Excitatos

120 2019 213 2058 puto
242 2020 340 2047 anno
372 2021 509 2048 mxxx.
539 2008 559 2047 {1
591 2011 724 2048 Fulvio
753 2011 887 2050 Flacco
912 2014 1087 2051 Censore:
1120 2014 1166 2052 de

121 2070 225 2109 quo,
261 2060 441 2104 curavit,
476 2061 595 2109 inquit
624 2062 754 2099 Livius
783 2062 844 2100 lib.
876 2076 952 2102 xm.
980 2064 1018 2100 in
1048 2063 1103 2101 his
1124 2075 1168 2104 ω·

122 2109 273 2147 cloacam
297 2110 619 2148 circumducendam
634 2140 644 2155 ‚
671 2123 716 2151 <9⁶
728 2115 850 2157 sorum
859 2113 1043 2163 porticibus
1054 2115 1168 2152 taber-

123 2160 243 2210 nisque
268 2160 520 2206 claudendum‚
547 2173 591 2202 (9⁴
609 2163 726 2208 Janos
741 2173 808 2200 tres
822 2165 1013 2212 faciendos.
1050 2165 1166 2214 Suspi-

91 2249 98 2252 ,
122 2221 250 2249 cantur
272 2212 379 2259 igitur
399 2212 492 2249 altae
510 2213 724 2251 eruditionis
744 2214 833 2259 viri,
862 2227 928 2261 pro
951 2217 1169 2254 marmoreis

123 2261 273 2299 arcubus
295 2264 333 2298 &
354 2263 540 2300 fornicaris
557 2263 827 2303 transitionibus
847 2266 965 2312 Janos
985 2267 1167 2315 accipien-

124 2311 222 2349 dos:
259 2311 389 2349 Graeci
423 2313 648 2361 interpretati
681 2313 825 2358 ἀψίδεις.
852 2318 891 2354 &
920 2329 999 2355 non
1031 2317 1068 2355 id
1089 2317 1167 2355 satis

127 2361 281 2410 explicat
302 2363 498 2400 Suetonius
528 2367 565 2401 in
587 2365 775 2413 Augusto,
805 2366 889 2404 cuin
910 2368 960 2406 ait
980 2381 988 2405 :
1021 2368 1170 2417 Pompeji

127 2425 257 2461 quoque
270 2413 426 2457 statuam
447 2424 565 2451 contra
585 2415 716 2452 theatri
735 2417 806 2465 ejus
827 2417 956 2466 regiam
980 2431 1169 2455 marmoreo

129 2460 228 2504 Jano
250 2463 435 2512 supposuit.
467 2464 557 2502 item
585 2465 678 2503 haec
712 2469 904 2506 Ammiani
935 2469 1168 2506 Marcellini:

131 2516 198 2546 Per
227 2511 340 2554 Janos
369 2524 411 2550 ω’
433 2513 514 2555 fora
543 2513 731 2550 clamitant
748 2518 857 2563 saepe.
883 2519 920 2553 ὃς
943 2518 1171 2565 Spartianus,

131 2571 176 2596 ex
197 2560 458 2596 emendatione
487 2572 707 2608 magnorum
733 2565 895 2600 virorum
914 2591 923 2606 ‚
951 2566 987 2600 in
1009 2566 1169 2602 Severo:

132 2615 241 2658 Opera
256 2609 394 2657 publica
406 2610 589 2658 praecipua
610 2611 682 2658 ejus
698 2611 832 2657 exstant
845 2641 855 2656 ,
876 2613 1109 2660 septizonium
1131 2626 1174 2654 ω’

131 2660 286 2696 thermae
321 2659 523 2696 severianae
549 2676 560 2695 .-
600 2661 670 2704 ejus
697 2662 842 2710 denique
870 2664 977 2699 etiam
1008 2664 1105 2707 Jani
1135 2665 1172 2700 in

132 2709 398 2746 Transtiberimi
425 2710 554 2757 regione
579 2710 626 2746 ad
649 2720 787 2760 portam
806 2713 866 2759 sui
890 2707 1060 2756 hominia
1091 2728 1173 2764 quo-

134 2773 214 2846 'aum
235 2762 355 2807 forma
374 2760 600 2807 intercidens,
621 2761 746 2809 statim
766 2763 864 2812 usum
879 2763 1056 2813 pullicum
1075 2764 1173 2803 invi-

163 2810 201 2848 it.
230 2812 402 2848 Neavor..

188 2890 273 2926 257.
297 2884 370 2916 Cur
382 2878 604 2928 sicsacratus
623 2881 661 2917 in
683 2895 748 2918 uno
760 2881 844 2930 es?]
874 2882 1030 2921 Veteres
1041 2882 1172 2920 editio‘

139 2939 203 2966 nes
231 2930 268 2966 ὃς
291 2929 370 2966 Urs.
391 2930 501 2974 liber,
530 2931 837 2979 curstassacratus
858 2933 895 2969 in
917 2944 1009 2972 uno?
1033 2934 1176 2982 sequor.

141 2979 309 3016 Ciorau.
338 2980 526 3019 Editiones
547 2983 746 3021 nonnullae
765 2995 848 3021 cuin
863 2984 1079 3033 quibusdam
1094 2985 1176 3022 scri·

141 3030 233 3077 ptis,
261 3043 321 3066 cur
340 3029 390 3078 sic
409 3034 570 3079 sacratus
596 3033 634 3069 in
666 3046 732 3070 uno
752 3048 793 3071 es.
831 3034 955 3083 Lege,
984 3048 1066 3079 cur,
1096 3035 1173 3079 dic,

132 3079 294 3128 ſscratus
314 3081 351 3116 in
370 3095 435 3117 uno
452 3091 511 3119 cs?
532 3084 675 3120 Herus.
704 3090 744 3120 In
765 3084 833 3120 imo
853 3084 929 3122 duo
951 3086 1108 3123 codices.

191 3130 275 3173 258.
302 3131 369 3167 Hic
395 3132 453 3168 ubi
478 3133 603 3180 templa
626 3134 714 3180 soris
730 3137 852 3181 janli‘a
874 3135 1002 3173 duobus
1024 3135 1178 3185 habes?]

145 3177 288 3218 Publius
319 3182 448 3220 victor
474 3183 519 3220 de
546 3184 654 3221 Urbis
684 3186 919 3233 regionibus:
958 3187 1053 3232 Jani
1087 3188 1179 3231 duo,

148 3227 277 3266 celebris
296 3243 522 3269 mercatorum
541 3234 640 3270 locus.
678 3235 789 3273 Erant
809 3237 915 3285 igitur
935 3237 1009 3275 duo
1030 3238 1109 3284 Jani
1130 3238 1182 3275 sa-

150 3277 237 3323 eella
252 3281 511 3370 ,TofiverIotiiis
530 3285 666 3336 templa
680 3313 692 3332 ‚
714 3287 754 3326 in
776 3288 860 3328 foro
882 3287 1015 3341 Boario
1044 3290 1081 3328 ὃς
1103 3289 1182 3338 Ro-⁴

299 3343 346 3370 m·
422 3361 430 3374 .

470 941 721 997 Protinus
750 939 959 994 Oebalii
985 939 1165 994 retulit
1189 955 1335 993 arma
1359 936 1497 992 Titi.

2151 1005 2255 1063 Ut-'

1213 1162 1350 1196 man0,
1379 1151 1439 1190 vel
1457 1149 1625 1190 Piscarioi
1653 1157 1764 1200 atque
1784 1149 1833 1188 ita
1850 1145 2128 1197 intelligendum
2148 1145 2196 1186 est
2215 1144 2261 1193 115

1211 1202 1276 1240 lud
1296 1203 1443 1240 Horatii
1466 1203 1503 1240 in
1526 1202 1637 1251 Epist.
1661 1202 1755 1239 libro
1786 1213 1813 1238 1.
1840 1199 1950 1247 Epist.
1974 1211 2003 1236 1.

1446 1253 1528 1291 haec
1548 1254 1670 1300 Janus
1679 1251 1841 1301 summus
1862 1249 1907 1287 ab
1925 1249 1995 1287 imo

1271 1303 1440 1340 Perdocet.

1218 1353 1292 1391 Vel
1314 1354 1468 1401 spatium
1491 1354 1579 1393 illud
1593 1383 1603 1399 ,
1628 1353 1732 1404 quod
1754 1361 1829 1392 erat
1849 1353 1943 1390 inter
1962 1358 2160 1401 utrumque
2180 1350 2262 1397 Jani

1217 1405 1682 1453 templum‚accipiendum
1698 1404 1756 1442 est.
1770 1404 1941 1441 Ciorrm.
1960 1402 2113 1440 Piscario
2127 1403 2163 1439 δε
2175 1402 2266 1439 boa·

1218 1455 1286 1493 rio.
1314 1455 1441 1493 Sextus
1467 1455 1594 1494 Ruffus
1609 1458 1644 1494 in
1659 1457 1829 1504 Regione
1846 1467 1936 1492 vm.
1965 1453 2141 1502 Templum
2153 1452 2262 1498 Jani,

1208 1507 1332 1554 forum
1349 1506 1536 1555 piscarium
1551 1535 1560 1551 ,
1589 1508 1711 1554 sorum
1735 1506 1903 1543 boarium.
1933 1505 2052 1553 Hujus
2074 1502 2163 1540 vero
2187 1514 2265 1540 cer-

1215 1556 1372 1595 tussitus
1385 1559 1474 1602 fuit,
1502 1558 1599 1596 unde
1622 1557 1735 1595 calida
1759 1557 1816 1594 illa
1838 1568 1932 1605 aqua
1956 1556 2069 1598 exiit,
2098 1553 2267 1591 adversus

1218 1606 1376 1646 Tatium
1395 1636 1405 1652 ‚
1432 1608 1515 1655 Jani
1535 1607 1670 1657 oper-3,
1699 1617 1737 1645 ut
1759 1607 1862 1656 fingit
1884 1607 1942 1643 hic
1953 1604 2050 1652 apud
2074 1604 2267 1642 Nostrum.

1214 1657 1314 1696 Eum
1337 1658 1464 1697 locum
1481 1659 1604 1697 dixere
1617 1659 1758 1706 antiqui
1770 1656 1947 1694 Laurolas.
1975 1654 2265 1693 Varrolib1·01V.

1216 1709 1263 1747 de
1286 1709 1331 1747 L.
1352 1709 1396 1747 L.
1425 1710 1590 1746 Lautolae
1621 1709 1645 1745 ἐι
1677 1708 1847 1744 lavando.-
1872 1706 1964 1754 quod
1985 1706 2033 1742 ibi
2051 1706 2098 1741 ad
2121 1705 2266 1750 Janum

1218 1761 1397 1809 geminum
1419 1773 1530 1809 aquae
1552 1758 1843 1805 calidaesuerint.
1871 1757 2047 1794 Numi.

1271 1823 1357 1861 259.
1386 1811 1449 1848 Ille
1474 1825 1585 1849 manu
1603 1809 1754 1848 mulcens
1767 1819 1951 1859 propexam
1970 1808 2017 1843 ad
2034 1809 2166 1857 pefiora
2187 1806 2269 1843 bar-

1219 1861 1344 1912 bam.]
1375 1868 1416 1899 In
1435 1865 1562 1911 peHore
1580 1863 1710 1911 legitur
1728 1862 1766 1899 in
1786 1859 1878 1898 libro
1892 1857 2125 1908 Ursinizquo
2149 1858 2268 1896 modo

1222 1913 1271 1952 est
1291 1913 1388 1963 apud
1406 1913 1510 1963 Virg.
1532 1913 1593 1951 lib.
1616 1925 1649 1950 x.
1679 1911 1765 1961 838.
2066 1915 2068 1917 '

1449 1964 1552 2013 fusus
1569 1972 1750 2013 propexam
1770 1962 1808 1999 in
1829 1962 1956 2010 perflare
1973 1960 2129 1999 barbam.

1223 2015 1395 2054 C10FAN.
1423 2015 1481 2053 Sic
1508 2016 1726 2064 plerumque
1746 2012 1879 2061 sculpta
1894 2041 1904 2057 ,
1932 2013 2028 2060 picta
2048 2013 2091 2050 ab
2113 2011 2270 2061 antiquis

1223 2067 1304 2115 ejus
1333 2066 1492 2114 effigies,
1519 2074 1560 2104 ut.
1590 2065 1707 2114 capita
1736 2064 1794 2102 illa
1815 2064 1916 2112 supra
1936 2063 2116 2112 fastigium
2139 2063 2271 2110 templi

1224 2116 1347 2155 eidem
1379 2117 1423 2154 ab
1455 2117 1622 2165 Augusto
1653 2115 1851 2154 consecrati
1879 2115 1915 2151 in
1945 2114 2029 2151 foro
2062 2114 2269 2151 Romano:

1222 2167 1283 2206 sed
1303 2168 1340 2205 in
1361 2167 1516 2205 denariis
1533 2167 1778 2216 Fontejorum
1798 2164 1875 2203 vidi
1898 2164 2008 2202 etiam
2029 2164 2161 2210 Janum
2175 2171 2274 2200 aeta·

1223 2225 1260 2256 te
1280 2217 1458 2257 adultum.
1490 2219 1668 2255 NEAPOL.
1698 2217 1807 2254 Forte
1826 2214 2055 2253 scribendum
2070 2242 2080 2259 ,
2108 2214 2146 2250 in
2166 2215 2274 2263 peffilo-

1224 2281 1278 2307 ra.
1298 2277 1337 2308 ut
1356 2269 1406 2308 est
1426 2270 1463 2307 in
1487 2281 1564 2307 uno
1586 2268 1777 2306 Mediceo.
1805 2266 1853 2303 ita
1875 2266 1979 2303 Silius
1998 2266 2058 2303 lib.
2079 2277 2168 2303 xm.
2182 2276 2272 2313 310.

1279 2333 1375 2341 —-
1518 2320 1674 2369 propexis
1695 2319 1733 2355 in
1752 2319 1886 2367 pestora
1906 2316 2033 2353 barbis.
2247 2363 2275 2370 .-

1226 2370 1359 2410 Statius
1371 2383 1417 2409 11.
1440 2371 1564 2409 Theb.
1586 2383 1647 2420 97.
1676 2369 1791 2413 dixit,
1808 2375 2143 2421 propexaquemenro
2161 2370 2274 2402 Cam-

1227 2422 1300 2460 ties.
1332 2422 1407 2460 vid.
1438 2421 1484 2459 ad
1507 2434 1570 2459 111.
1594 2424 1726 2459 Amor.
1747 2433 1772 2456 1.
1789 2431 1820 2465 7.
1849 2419 1993 2454 Hrms.
2028 2416 2208 2452 Prcltxam
2226 2414 2275 2449 ad

1219 2475 1355 2521 pestora
1383 2473 1554 2510 Francos.
1583 2471 1776 2520 promissam
1800 2469 1887 2506 alter
1916 2468 2054 2504 Mazar.
2087 2473 2273 2515 perpexam

1227 2521 1303 2557 duo
1323 2523 1394 2557 alii.

1277 2570 1362 2606 260.
1391 2567 1663 2618 OebaliiTatI.]
1695 2570 1791 2607 Nam
1816 2568 1936 2606 Sabini
1957 2568 2027 2604 τῶν
2047 2565 2277 2610 Λακεδαιμαέ

1227 2617 1301 2654 view
1318 2618 1467 2654 ἄποικιι.
1481 2618 1658 2655 NEAPOL.
1687 2620 1880 2656 Vossianus
1900 2630 1965 2666 pro
1988 2617 2127 2655 diversa
2143 2617 2276 2655 lectio-

1226 2679 1289 2712 ne,
1311 2667 1393 2705 Titi.
1415 2668 1570 2715 optime.
1597 2681 1644 2705 ne
1657 2669 1911 2707 Tatiinonicn
1934 2669 2156 2706 inconcinne
2169 2680 2277 2716 repe-

1227 2725 1333 2755 tatur.
1362 2717 1382 2756 {1
1404 2718 1524 2763 Tito⁹
1549 2719 1652 2767 quod
1675 2720 1791 2757 Tatio
1819 2730 2043 2768 praenomen
2065 2746 2075 2763 ,
2111 2719 2205 2756 Titii
2233 2720 2274 2758 δε

1229 2767 1434 2813 Titienses,
1462 2769 1508 2806 de
1525 2770 1653 2818 quibus
1671 2770 1733 2807 lib.
1756 2783 1819 2808 111.
1841 2770 1895 2808 κη’.
1912 2781 1990 2818 131.
2013 2782 2175 2817 agemus.
2194 2770 2277 2807 Ser-

1230 2820 1311 2857 vius
1342 2820 1385 2857 ad
1405 2820 1467 2857 lib.
1489 2832 1560 2857 vu.
1594 2820 1697 2869 Virg.
1726 2832 1808 2862 710.
1838 2820 2010 2870 Priscique
2029 2821 2210 2868 (Qaeirites,
2237 2821 2276 2858 id

1232 2869 1276 2916 est
1297 2869 1427 2907 Sabini.
1449 2870 1548 2918 prisci
1566 2881 1683 2907 autem
1702 2871 1773 2907 ideo
1787 2899 1795 2914 ,
1825 2871 1906 2920 quia
1924 2871 1992 2920 post
2004 2872 2126 2917 foedus
2144 2872 2215 2907 Titi
2233 2882 2277 2911 ω’

1232 2921 1369 2958 Romuli
1379 2920 1511 2969 placuit
1528 2932 1587 2965 ,ut
1609 2920 1707 2971 quasi
1722 2935 1809 2958 unm
1823 2924 1863 2957 de
1878 2916 2007 2957 duobus
2016 2921 2278 2970 populusfieret.

1232 2970 1279 3008 fic
1301 2972 1513 3008 veterrimus
1532 2971 1651 3009 codex
1674 2972 1872 3010 Leideniis.
1895 2974 1932 3008 &
1954 2973 2089 3020 Georg.
2114 2985 2158 3010 11.
2191 2985 2279 3021 533.

1232 3022 1284 3057 Sic
1297 3022 1404 3067 fhrtis
1428 3023 1573 3059 Etruria
1595 3024 1716 3060 crevit.
1741 3023 1801 3061 ubi
1819 3023 2031 3060 Sclioliastcs
2048 3023 2202 3061 ineditus
2225 3025 2277 3061 bi-

1234 3072 1439 3110 bliothecae
1471 3073 1686 3111 Leidenfis:
1728 3074 1908 3121 Eleganter
1939 3073 2081 3110 Italiam
2114 3074 2277 3110 Etruriae

1229 3123 1354 3171 junxit
1369 3151 1379 3167 ‚
1407 3124 1572 3173 quoniam
1595 3125 1635 3160 de
1651 3124 1762 3172 primo
1783 3125 1937 3174 loquitur
1960 3125 2095 3162 Romuli
2112 3124 2249 3172 imperio
2263 3150 2274 3166 ,

1237 3174 1356 3210 Titum
1378 3175 1537 3223 collegam
1557 3174 1786 3224 ejusintclligi
1799 3176 1890 3212 vult.
1929 3175 2135 3224 Propertius
2152 3175 2273 3212 lib.iv.

1236 3224 1337 3274 Eleg.
1361 3237 1414 3264 xv.

1288 3290 1435 3345 Romula
1455 3304 1496 3328 ne
1513 3291 1641 3337 faciem
1661 3291 1807 3346 laedere}
1825 3291 1922 3343 hasta
1941 3293 2021 3332 Titi.

1470 3341 1506 3391 D
2238 3338 2281 3389 ΞΕ
