2495 3675
455 165 1094 227 TRISTIUM

1169 165 1222 221 L
1260 185 1281 221 1
1318 185 1364 220 B.
1438 146 1495 221 Ι.ν
1554 167 1762 225 Eme.
1804 170 1862 228 II.

2113 184 2212 242 455

210 293 271 345 15
346 274 736 346 Terribilisque
762 273 938 329 Notus
956 272 1112 344 jaetat
1138 288 1255 326 mea
1282 267 1449 332 diebu
1492 288 1815 345 precesque,

422 350 512 403 Ad
543 365 677 420 quos
706 347 1023 408 mittuntur,
1063 356 1176 399 nori
1200 343 1318 398 finit
1345 344 1422 398 ire
1447 343 1610 398 Deos,

352 420 503 493 Ergo
527 423 674 475 idern
704 419 877 481 venti,
916 435 982 472 ne
1006 416 1175 472 eauffa
1201 416 1375 470 laedar
1401 417 1455 471 in
1481 419 1612 480 una,

430 495 674 567 Velaque
700 491 879 545 nescio
903 507 1013 560 quo
1030 529 1044 553 ,
1082 504 1316 562 votaque
1341 489 1514 544 nostra
1538 489 1751 545 ferunt?

131 632 280 694 ⁸20

356 567 457 623 Me
484 569 762 625 miserum,
800 563 980 634 quanti
1010 577 1219 617 montes
1246 564 1531 617 volvuntur
1558 565 1839 637 aquarum!

422 641 540 711 Jam
559 639 667 708 jam
694 635 925 688 tacturos
955 635 1118 689 sidera
1145 636 1345 690 summa
1369 651 1537 707 putes,

352 714 598 785 Quantae
627 706 850 763 didufio
881 707 1148 762 subfidunt
1176 726 1408 780 aequore
1439 709 1619 765 valles!

419 785 535 854 Jam
556 780 662 853 jam
689 780 911 835 taeiuras
940 781 1163 834 Tartara
1192 782 1339 852 nigra
1365 796 1532 853 putes,

348 858 714 930 Quocumque
740 854 1020 924 adspiciaS,
1062 854 1190 908 nihil
1219 855 1293 907 est
1317 854 1410 908 nifi
1441 868 1637 924 pontus
1669 855 1723 909 &
1750 859 1868 919 ae'r,

423 928 692 984 fluetibus
718 926 806 980 hic
832 926 1099 986 tumidus,
1141 926 1367 981 nubibus
1395 927 1481 981 ille
1511 929 1705 982 minax.

202 1021 269 1073 25
344 1003 487 1059 Inter
512 1015 803 1073 utrumque
831 999 1066 1054 fremunt
1093 999 1311 1053 immani
1337 1000 1549 1054 turbine
1575 1001 1736 1056 venti.

425 1075 636 1138 Nescit,
677 1074 762 1128 cui
790 1072 1015 1127 domino
1046 1086 1252 1141 pareat,
1289 1071 1431 1126 unda
1458 1073 1629 1127 maris,

350 1149 489 1205 Nam
517 1146 687 1202 modo
715 1162 986 1218 purpureo
1012 1145 1148 1200 vires
1173 1145 1313 1216 capit
1344 1143 1516 1199 Eurus
1543 1146 1607 1199 ab
1634 1159 1784 1201 ortu:

425 1221 585 1277 Nune
614 1219 897 1293 Zephyrus
922 1218 1039 1273 sero
1069 1218 1287 1290 vespere
1314 1217 1488 1274 missus
1513 1219 1680 1273 adest:

65 1438 164 1478 denti
184 1436 287 1475 versu
302 1464 312 1481 ,
341 1433 434 1471 nobis
446 1432 584 1481 aliquid
600 1431 743 1476 ‚Berns
765 1430 912 1479 Junian.
926 1430 963 1469 &
984 1430 1114 1469 More-

65 1493 104 1530 ti.
131 1488 291 1536 distemus
313 1488 412 1524 alius.
434 1484 554 1520 abillo
575 1482 744 1521 Bernens.

35 1543 39 1545 ’
120 1553 178 1590 Ις.
195 1541 324 1585 Jaclat
343 1549 417 1573 mea
436 1534 583 1584 verba]
613 1534 817 1571 Dictaeum
837 1531 944 1570 Polit.
972 1532 1111 1572 &osto

65 1592 152 1630 aliis.
181 1602 267 1627 nam
299 1590 341 1624 τῦ
369 1586 475 1623 verba
506 1583 751 1634 praecesserat.
786 1584 932 1621 Heius.
980 1584 1112 1622 Codex

63 1641 183 1680 Voffii
197 1669 207 1684 ,
228 1641 346 1689 jac‘lat
365 1651 444 1674 mea
463 1646 548 1673 vota
561 1645 748 1685 precesque.
775 1643 816 1673 ut
842 1634 947 1682 saepe
966 1646 1051 1671 vota
1074 1636 1113 1673 &

60 1702 171 1744 preces
192 1692 407 1741 junguntur.
447 1688 484 1724 δί
516 1695 604 1725 tunc
625 1694 724 1723 'mox
758 1696 843 1723 cum
866 1685 1037 1723 omnibus
1059 1686 1114 1724 fe-

31 1759 35 1763 ·
62 1755 103 1784 re
135 1743 271 1790 scriptis
295 1738 492 1789 legendum
512 1765 523 1783 ‚
570 1736 745 1787 verbaque
771 1736 883 1784 nostra
904 1738 1041 1784 ferunt.
1073 1745 1115 1775 ut

65 1793 180 1843 Epist.
198 1805 243 1830 11.
262 1805 322 1838 ις.

116 1856 335 1906 Demophoon
353 1851 469 1890 ventis
488 1859 531 1891 <9³
545 1848 653 1887 verba
673 1860 716 1891 (9¹
737 1849 819 1887 vela
838 1847 971 1897 dedisti.

68 1919 107 1958 &
133 1930 220 1955 vm.
249 1918 346 1955 Met.
365 1926 451 1966 134.

355 1990 503 2002 -—··
531 1978 656 2015 inania
675 1977 774 2015 venti

117 2033 226 2072 Verba
239 2035 386 2081 ferunt,
410 2031 568 2080 idemque
588 2039 668 2066 tuas
690 2056 701 2072 ,
736 2029 895 2077 ingrate,
923 2028 1086 2075 carinas,

73 2099 113 2138 &
133 2099 228 2137 alibi.
247 2096 362 2148 posset
383 2098 420 2134 δε
443 2096 514 2144 legi
543 2105 628 2132 cum
650 2094 810 2141 Juniano
832 2093 870 2131 δε
891 2093 988 2132 alio:

122 2160 251 2207 Jaetat
271 2172 347 2196 mea
360 2159 440 2196 vela
455 2186 465 2203 ,
487 2167 662 2207 precesque
684 2167 756 2215 eye.

74 2231 175 2281 quod
205 2230 421 2269 conveniret
455 2225 719 2277 sequentibus,
765 2223 913 2273 velaque
947 2222 986 2260 &
1032 2232 1119 2261 vota

74 2281 207 2320 Bunm.

128 2346 184 2382 19.
213 2338 275 2369 Me
293 2331 477 2381 miserum,
496 2327 623 2379 quanti
643 2334 775 2364 montes
796 2324 996 2362 volvuntur
1005 2338 1119 2375 aqua-

77 2396 155 2422 rum
169 2384 206 2433 !]
234 2381 476 2432 Hyperbole,
505 2380 630 2427 Elegia
650 2389 716 2415 111.

124 2453 247 2485 Monte
264 2459 322 2484 nec
338 2445 476 2492 inferior
496 2452 614 2491 prorae
626 2468 635 2484 ,
660 2438 825 2488 puppique
843 2450 1007 2475 recurvae

183 2496 294 2546 Infilit
307 2525 316 2540 ‚
340 2508 382 2536 <9¹
398 2495 502 2543 pic'los
520 2491 679 2529 verberat
697 2488 793 2526 unda
814 2494 914 2525 Deos.

60 2548 124 2587 -Et
142 2547 267 2585 Eleoia
290 2559 324 2584 x.
998 2572 1009 2580 .

131 2577 238 2647 Ιηᾳιιῖ
259 2596 400 2635 modum
421 2592 552 2631 tumuli
571 2602 723 2628 concava
736 2587 850 2638 surgit
869 2601 976 2638 aqua.

79 2649 250 2688 Ciorim.

135 2712 192 2750 19.
221 2695 457 2746 Volvuntur]
511 2696 566 2731 Ut
595 2689 809 2741 respondeat
830 2689 992 2740 sequenti
1016 2690 1127 2739 subfi-

55 2761 66 2777 0
80 2751 184 2796 dunt,
201 2750 346 2789 mallem
361 2750 420 2786 hic
434 2776 443 2791 ,
462 2746 636 2783 tolluntur
648 2771 658 2789 ,
687 2741 746 2780 sed
765 2754 842 2780 non
864 2741 1127 2781 addicuntma·

82 2802 249 2850 nuscripti
271 2801 431 2839 codices.
463 2798 595 2834 Euan.

132 2865 192 2889 21.
221 2855 388 2899 §Quantae
407 2846 605 2894 diductae]
636 2847 743 2883 Unus
771 2846 892 2884 Vatic.
914 2846 952 2883 ὅ(
973 2843 1127 2888 Maffei,

87 2902 267 2946 deductae,
297 2914 359 2951 per
378 2916 405 2938 e.
434 2901 546 2938 C10f.
572 2897 727 2934 Deducta
746 2897 804 2934 vel
821 2896 959 2934 diducto
981 2895 1128 2944 plurimi

84 2953 212 3001 scripti.
251 2953 338 2991 editi
367 2953 442 2989 fere
474 2960 606 2987 omnes
627 2978 635 2992 ‚
672 2947 809 2984 diducto
831 2975 840 2990 ‚
880 2947 919 2984 &
938 2946 1046 2984 reete.
1075 2944 1130 2980 di-

89 3003 208 3040 ductae
230 3003 381 3041 Moreti.
401 3001 510 3039 credo
538 2999 699 3037 librarios
719 2999 756 3036 in
787 2998 884 3036 notis
902 2997 1055 3036 Ciofani
1075 3007 1130 3033 er-

89 3051 186 3091 raffe.
219 3067 361 3103 aequore
376 3062 494 3102 puppes
520 3049 685 3086 [fidens.

139 3116 199 3152 23.
224 3106 446 3153 §Quocumque
467 3100 625 3151 aspicia]
656 3099 879 3138 ssussidianus
902 3100 940 3136 &
965 3098 1132 3142 Combii‚

92 3154 235 3202 aspicies.
267 3155 387 3193 Scribe
407 3182 417 3199 ‚
458 3156 671 3202 Qeocmque
700 3151 852 3199 aspicias.
888 3151 999 3188 Pont.
1016 3149 1076 3188 lib.
1102 3160 1133 3187 1.

92 3203 194 3253 Eleg.
212 3217 265 3241 xv.

149 3257 360 3307 rounque
381 3255 521 3305 aspicias
535 3283 545 3299 ,
575 3253 684 3302 campi
702 3254 828 3288 cruore
849 3261 1021 3293 carentes,

197 3304 382 3356 Vastaque,
408 3319 496 3355 quae
515 3319 612 3344 nemo
631 3304 785 3344 vindicet
798 3331 809 3350 ,
836 3317 929 3342 arva
943 3303 1074 3353 jacent.

2056 1290 2109 1346 N
2114 1307 2215 1346 unc

1170 1430 1262 1471 infra
1284 1431 1388 1482 Eleg.
1411 1445 1426 1472 1
1437 1443 1451 1469 1
1462 1442 1494 1469 1.'

1218 1501 1430 1550 rounque
1442 1496 1598 1547 aspiceres
1611 1522 1622 1541 ,
1648 1494 1761 1533 lubius
1774 1494 1990 1547 gemitusque
2007 1496 2193 1546 fivnabant.

1169 1563 1207 1602 &
1228 1563 1332 1614 Eleg.
1353 1577 1388 1602 x.

1222 1643 1449 1692 Quocumque
1467 1640 1608 1690 aspicias
1622 1667 1633 1686 ,
1653 1638 1744 1677 nihil
1760 1640 1803 1689 est
1825 1639 1890 1690 nisi
1905 1642 2026 1681 mortis
2045 1643 2170 1694 imago.

1170 1735 1211 1764 ut
1238 1726 1287 1764 ibi
1315 1725 1514 1776 legendum
1549 1726 1744 1765 credimus.
1779 1728 1840 1762 ae'r
1869 1725 1978 1762 etiam
2007 1735 2074 1771 pro
2102 1723 2221 1761 aether

1169 1778 1345 1828 plerique.
1383 1778 1420 1814 δε
1441 1776 1607 1820 tumidis,
1632 1789 1698 1825 pro
1720 1776 1902 1819 tumidus,
1919 1774 2083 1825 sequenti
2114 1776 2219 1814 versu

1168 1828 1276 1866 Polit.
1310 1827 1419 1866 palat.
1461 1828 1664 1876 Hamburg.
1698 1829 1734 1865 ὃ(
1768 1836 1926 1876 quatuor
1955 1826 2025 1863 alii.
2071 1826 2219 1864 Heius.

1170 1879 1341 1916 Tumidus
1372 1877 1477 1916 nobis
1508 1880 1620 1928 magis
1652 1878 1807 1922 arridet,
1835 1878 1920 1926 quia
1941 1877 1988 1914 ita
2017 1876 2222 1925 elegantior

1170 1930 1219 1967 est
1240 1929 1443 1978 oppositio.
1492 1933 1556 1967 aer
1579 1929 1705 1967 minax
1734 1927 1889 1966 nubibus
1911 1956 1921 1972 ‚
1955 1937 2089 1976 pontus
2108 1928 2221 1965 tumi-

1169 1980 1236 2018 dus
1253 1980 1431 2019 fluffibus.
1477 1980 1543 2017 Hic
1573 1992 1663 2018 vero
1695 1979 1740 2017 ad
1768 1979 1946 2017 remotius
1970 1988 2095 2027 pontus
2125 1979 2221 2016 refe-

1169 2031 1341 2070 rendum.
1369 2040 1408 2069 ut
1431 2030 1538 2080 saepe
1560 2031 1677 2070 solent
1696 2024 1853 2070 ‚vetei'es.
1881 2029 2012 2067 Euam.

1220 2117 1285 2155 23.
1315 2111 1445 2142 Pontus
1465 2115 1508 2144 cy*
1527 2103 1627 2153 aen]
1682 2105 1736 2142 Ita
1762 2103 1960 2153 legendum
1985 2102 2006 2140 ὲ
2032 2102 2137 2142 bonis
2159 2115 2223 2142 ex-

1173 2157 1391 2206 emplaribus
1413 2155 1559 2204 scriptis.
1588 2155 1766 2194 Ciofau.

1224 2238 1283 2274 25.
1308 2232 1478 2263 Fremant
1510 2225 1663 2262 immani
1690 2237 1872 2262 murmure
1902 2223 2042 2273 venti]
2099 2225 2224 2262 Turbi-

1175 2291 1217 2315 ne
1236 2277 1435 2316 duodecim
1448 2285 1600 2314 veteres.
1628 2284 1666 2314 ut
1685 2275 1780 2324 apud
1794 2275 1991 2324 Virgilium
2005 2274 2156 2314 AEneid.
2169 2288 2223 2314 vx.

1399 2348 1686 2399 praecipitemque
1708 2347 1859 2384 immani
1880 2345 2019 2384 turbine
2035 2346 2160 2394 adegit.

1176 2416 1211 2453 in
1236 2413 1429 2452 Catalcffis
1447 2411 1592 2450 Pithoei
1610 2420 1690 2459 pag.
1716 2409 1796 2457 178.
1827 2408 2000 2446 Carmine
2031 2408 2076 2445 de
2104 2406 2223 2444 ventis

1175 2466 1397 2515 legendum:

1230 2530 1322 2567 Hinc
1342 2533 1464 2576 saevus
1482 2533 1604 2565 Boreas
1619 2527 1760 2577 glaciali
1777 2527 1915 2565 turbine
1933 2527 2055 2576 mugit.

1179 2593 1318 2641 vulgo,
1345 2590 1488 2634 laevus,
1516 2589 1554 2625 &
1574 2588 1710 2636 mulgit.
1749 2589 1894 2625 Hmus.
1924 2585 2101 2622 Immania
2121 2598 2220 2622 mur-

1182 2657 1286 2680 mura
1316 2641 1442 2728 Servitiss.
1463 2640 1550 2678 hinc
1573 2641 1859 2683 vcrolLucanus
1884 2635 2027 2674 videtur
2056 2636 2114 2674 sua
2132 2636 2227 2674 liau-

1181 2693 1333 2732 siss'elib.
1358 2704 1392 2730 v.
1438 2703 1498 2729 02.

1233 2762 1280 2794 Et
1300 2757 1445 2794 dubium
1462 2756 1585 2806 pendet
1598 2783 1607 2800 ‚
1635 2765 1739 2794 vento
1757 2754 1811 2791 cui
1831 2752 2004 2795 concidat,
2029 2765 2167 2803 aequor.

1182 2822 1243 2859 ubi
1259 2849 1268 2865 ,
1296 2821 1350 2858 cui
1371 2819 1722 2870 pareat‚legendum
1737 2847 1747 2863 ‚
1774 2816 1844 2855 ess'e
1861 2817 1988 2854 docuit
2008 2816 2168 2855 Broukh.
2183 2817 2230 2856 ad

1184 2872 1311 2910 Tibul.
1338 2885 1362 2909 1.
1384 2885 1419 2908 x.
1439 2882 1473 2917 9.
1502 2870 1634 2907 Bumi.

1237 2949 1295 2982 27.
1324 2942 1419 2973 Nam
1441 2935 1538 2971 modo
1555 2943 1717 2983 purpureo
1747 2935 1838 2971 vires
1858 2932 1948 2982 capit
1978 2936 2092 2969 Eurus
2114 2932 2158 2969 ab
2178 2946 2231 2969 or-

1187 2997 1226 3024 tu
1241 3015 1250 3031 ‚
1282 2993 1386 3023 Nunc
1406 2986 1579 3034 Zephyrus
1594 2988 1667 3033 sero
1696 2987 1826 3034 vespere
1846 2985 1960 3034 missus
1979 2984 2070 3030 adest
2087 2997 2094 3021 t
2126 2991 2231 3020 Nunc

1184 3038 1313 3087 gelidus
1331 3035 1430 3086 cra]
1461 3038 1648 3084 Quattuor
1669 3036 1864 3074 cardinal-cs
1878 3063 1887 3077 ,
1916 3044 1955 3072 ut
1975 3035 2232 3071 Vitruviuslo-

1187 3090 1331 3137 quitur,
1370 3095 1500 3125 ventos
1531 3087 1674 3136 optime
1710 3086 2022 3134 eruditissiineque
2057 3085 2234 3123 describit.

1188 3141 1226 3177 δε
1249 3140 1282 3176 in
1308 3138 1406 3177 Ibin:

1241 3207 1394 3250 Parsque
1411 3199 1528 3237 cadem
1551 3199 1628 3236 coeli
1648 3199 1815 3248 Zephyros
1834 3198 1975 3235 emittat
1997 3208 2038 3237 (ρ’
2052 3202 2179 3234 Euros:

1291 3255 1338 3290 Et
1356 3251 1489 3301 tepidus
1501 3251 1610 3301 gelido
1630 3250 1730 3299 flabit
1751 3250 1796 3287 ab
1815 3263 1880 3286 axe
1905 3256 2028 3287 Notus.

2119 3343 2242 3382 Mani-
