2495 3675
272 172 377 224 454

771 145 830 201 P.
906 142 1317 202 OVIDII
1391 141 1929 204 NASONIS

1008 317 1573 387 ELEGIA
1670 319 1757 386 11.

718 476 737 530 l
765 476 919 531 maris
944 480 995 528 δε
1024 474 1193 536 coeli,
1233 473 1400 547 (quid
1427 474 1572 529 enim
1599 474 1695 530 nisi
1721 490 1845 532 vota
1869 477 2140 550 supersunt
2160 484 2215 554 ἓ)

793 549 1011 603 Solvere
1035 546 1297 620 quassatae
1322 550 1521 617 parcite
1547 550 1789 606 membra
1816 553 1972 606 ratis:

578 628 763 687 Neve,
792 639 986 693 precor
1005 660 1020 684 ,
1059 620 1238 691 magni
1262 620 1570 675 subscribite
1584 622 1823 679 Caesaris
1848 626 1970 679 irae.

650 698 848 767 Saepe,
888 706 1168 765 premente
1195 693 1349 758 De0,
1386 694 1488 748 fert
1519 696 1664 750 Deus
1689 699 1820 753 alter
1846 715 2023 769 opem.

432 790 461 840 5
576 770 848 826 Mulciber
874 769 930 822 in
956 766 1214 838 Trojam,
1253 784 1352 837 pro
1378 767 1549 838 Troja
1576 769 1737 825 stabat
1766 774 1991 842 Apollo:

645 842 829 915 AEqua
854 840 1044 896 Venus
1067 840 1299 894 Teucris
1319 878 1333 902 ,
1376 840 1541 895 Pallas
1568 842 1775 917 iniqua,
1814 845 1930 902 fuit.

573 915 786 971 Oderat
811 913 1025 969 AEnean
1049 914 1270 986 propior
1296 913 1539 968 Saturnia
1568 915 1784 981 Turno;

652 989 740 1043 llle
767 1000 947 1042 tamen
973 986 1204 1043 Veneris
1234 989 1455 1042 numine
1483 1001 1629 1043 tutus
1656 1006 1784 1047 erat.

566 1061 734 1135 Saepe
760 1061 917 1116 ferox
941 1073 1157 1115 cautum
1180 1061 1333 1131 petiit
1362 1061 1644 1133 Neptunus
1669 1062 1917 1121 Ulixem:

429 1156 494 1194 10

649 1135 860 1208 Eripuit
887 1148 1078 1205 patruo
1106 1132 1258 1205 saepe
1284 1132 1533 1188 Minerva
1561 1135 1669 1190 suo,

570 1209 643 1266 Et
670 1209 821 1264 nobis
844 1206 1059 1279 aliquod
1079 1247 1094 1269 ,
1131 1207 1372 1278 quamvis
1409 1205 1659 1263 distamus
1688 1209 1752 1263 ab
1780 1212 1905 1278 illis,

643 1282 795 1353 Quid
823 1295 967 1335 vetat
993 1282 1130 1335 irato
1163 1296 1364 1333 numen
1391 1279 1563 1360 adesse
1589 1281 1747 1362 Deo?

567 1356 752 1412 Verba
775 1354 930 1408 miser
954 1354 1140 1408 frustra
1166 1369 1276 1407 non
1299 1351 1633 1423 proficlentia
1662 1356 1864 1427 perdo:

640 1429 752 1501 Ipsa
775 1444 961 1500 graves
981 1427 1228 1500 spargunt
1258 1443 1352 1480 ora
1379 1425 1647 1498 loquentis
1673 1445 1856 1502 aquae.

329 1657 361 1685 x.
389 1645 452 1684 Dii
479 1643 587 1683 maris
607 1644 650 1683 Οἱ·
672 1639 779 1686 caeli,
797 1639 885 1691 quid
904 1639 996 1677 em'm
1018 1636 1085 1687 nist
1102 1648 1187 1696 ⁶uota
1201 1639 1319 1694 super-

263 1698 394 1748 sunt.]
449 1697 575 1734 Solent
593 1692 790 1737 homines,
820 1692 879 1729 ubi
903 1691 960 1739 spe
982 1691 1016 1728 se
1041 1689 1229 1728 destitutos
1250 1690 1320 1728 efle

269 1749 421 1793 vident,
449 1748 494 1785 ad
518 1747 618 1784 Deos
646 1755 758 1792 atque
777 1743 823 1780 ad
846 1752 932 1779 vota
957 1742 1182 1797 confugere,
1210 1743 1247 1778 &
1274 1741 1320 1779 ad

270 1800 418 1837 coelum
440 1808 569 1837 manus
593 1795 732 1833 tollere.
761 1793 876 1841 quue
898 1791 1021 1848 fecisse
1041 1792 1224 1829 Ovldlum
1245 1792 1318 1849 sae-

267 1860 314 1886 va
334 1852 458 1888 actum
486 1847 700 1895 tempestate
726 1843 920 1882 manifesto
957 1844 1016 1880 hic
1048 1851 1208 1890 apparet.
1261 1843 1319 1881 Sic

267 1899 328 1938 lib.
351 1913 404 1938 xi.
433 1897 687 1945 Metamorph.
707 1895 753 1933 de
777 1895 910 1944 Ceycis
931 1894 1144 1943 naufragio:

497 1962 553 2000 hic
575 1962 666 1998 votis
687 1973 816 1997 numen
834 1957 980 2001 adorat,
1134 2008 1141 2014 ·
1186 2008 1193 2016 ·

320 2014 539 2065 Brachiaque
559 2013 607 2049 ad
620 2011 745 2049 coelum
761 2039 771 2056 ,
784 2009 874 2062 quod
888 2022 956 2046 non
977 2007 1076 2045 videt
1090 2036 1101 2054 ‚
1128 2018 1233 2047 irrita
1253 2009 1318 2048 tol-

450 2066 534 2102 lens.

267 2138 358 2166 mox
379 2129 415 2166 in
434 2130 502 2167 hac
521 2126 591 2176 ipsa
615 2125 762 2174 Elegia:

318 2191 386 2229 Pro
399 2191 514 2240 superi
528 2219 538 2234 ,
567 2189 764 2239 viridesque
783 2188 870 2231 Dei,
898 2186 1023 2237 quibus
1039 2200 1187 2244 aequora
1205 2201 1318 2235 curae,

367 2249 520 2293 Uiraque
534 2242 613 2290 jam
632 2240 759 2289 vestras
775 2239 874 2288 [nstin
894 2238 999 2276 turba
1020 2252 1146 2276 minas.

263 2293 436 2332 Croni«.

320 2369 350 2395 Ι.
379 2357 478 2406 Qid
497 2357 589 2394 enim
617 2355 682 2405 nisi
712 2364 796 2392 vota
816 2352 1030 2403 supersunt]
1072 2355 1202 2392 Rarior
1223 2368 1314 2395 con·

262 2407 411 2446 ssruftio
460 2421 527 2457 pro
580 2407 743 2456 superem
799 2406 857 2444 sed
896 2417 973 2442 non
1015 2404 1091 2443 fine
1138 2410 1313 2455 exemplo

262 2458 334 2496 esse
367 2460 562 2498 docuimus
603 2459 647 2496 ad
676 2459 735 2496 lib.
765 2470 845 2495 xiv.
883 2458 977 2494 Met.
1009 2456 1092 2505 396.
1130 2456 1315 2507 supersunt

262 2511 410 2549 Lovan.
448 2510 579 2547 Eoum.

312 2574 346 2599 2.
376 2559 578 2610 Membra.]
611 2559 690 2596 Vela
713 2559 839 2596 Servii.
1169 2609 1175 2615 ·

598 2618 749 2655 Magnae
779 2610 920 2655 Junian.
947 2609 985 2645 &
1016 2608 1215 2648 duodecim
1241 2612 1311 2650 alii.

313 2623 346 2659 3.
377 2612 540 2662 Magni]
664 2656 675 2659 ν
951 2659 956 2664 ¹
1051 2661 1057 2666 .
1265 2664 1269 2669 ¹

263 2662 300 2697 δε
323 2663 369 2698 ita
390 2664 532 2710 Grvph.
553 2664 590 2699 ὃ(
614 2661 702 2698 aliae
717 2660 813 2698 Edit.
827 2658 990 2706 subfidtte
1009 2660 1097 2696 olim
1122 2660 1311 2716 parbem.

251 2705 463 2759 succumbit}
485 2713 649 2751 Combii.
664 2710 866 2759 subscribite
879 2711 970 2746 iram
991 2710 1141 2746 Moretl.
1162 2711 1307 2760 elegans

260 2773 350 2799 vero
384 2765 462 2801 usus
497 2765 595 2802 vocis
617 2763 823 2811 subscrib—cre
847 2788 856 2804 ,
891 2772 956 2806 pro
978 2759 1221 2817 confirmare,
1251 2775 1306 2800 ra-

258 2820 338 2850 tum
363 2814 492 2851 hibere
508 2814 694 2859 3iilustrari
723 2812 840 2858 potest
854 2812 944 2855 illis,
974 2823 1068 2859 quae
1092 2812 1197 2850 tradit
1211 2813 1309 2852 sum·

257 2874 338 2900 inus
354 2864 522 2901 Gronov.
537 2867 573 2902 in
588 2861 760 2903 Mamilia
774 2864 955 2900 Pecuniae
976 2862 1119 2900 Veteris
1134 2875 1308 2915 pag.4;3,

255 2913 304 2951 fic
325 2914 427 2961 saepe
454 2916 563 2953 utitur
584 2917 658 2952 hoc
691 2914 875 2952 vocabulo
901 2913 1075 2952 Manilius
1105 2914 1150 2952 de
1173 2915 1310 2963 Astris,

254 2973 295 3002 ut
319 2977 366 3004 11.
388 2977 469 3011 551.

310 3024 465 3061 Totidem
487 3023 616 3060 bellum
630 3024 861 3073 subscribitur
883 3026 995 3073 astris.

252 3090 307 3135 rs·
330 3089 415 3138 834-

307 3162 496 3206 Utcumque
517 3154 689 3192 admixtis
705 3154 919 3205 subscribant
941 3158 1076 3197 viribus
1096 3161 1199 3210 astra.

251 3227 290 3266 &
310 3223 402 3261 alibi.
431 3220 562 3259 Buram.

300 3302 334 3341 ς.
365 3283 575 3336 Mula-ibon]
615 3283 755 3335 Jupiter
777 3285 953 3333 junianus
977 3286 1014 3324 ὃς
1037 3297 1130 3326 unus
1151 3287 1301 3338 Regius.

2290 1507 2432 1565 Ter-

1375 1637 1519 1677 frustra:
1548 1639 1691 1688 Jupiter
1713 1642 1813 1681 enim
1837 1643 1980 1683 medius
2000 1645 2038 1684 &
2059 1644 2190 1683 arbiter
2209 1645 2317 1696 hujus
2333 1649 2431 1688 rixae

1376 1691 1415 1727 ὃς
1439 1689 1606 1728 ξεξὶίοῃίς
1629 1692 1794 1731 coelestis
1824 1694 1980 1734 sedebat.
2009 1696 2067 1734 sed
2099 1696 2311 1736 Vulcanum
2335 1700 2432 1738 infe-

1375 1740 1467 1778 stum
1490 1742 1666 1792 Trojanis
1690 1743 1793 1782 fuiffe
1811 1755 1959 1794 propter
1977 1748 2138 1785 occisum
2170 1748 2353 1787 Achillem
2380 1751 2432 1789 le-

1377 1791 1461 1838 pide
1494 1793 1681 1832 Lucianus
1705 1795 1742 1833 in
1775 1796 1938 1847 Dialogis
1970 1798 2139 1836 Deorum
2171 1799 2429 1848 Marinorum,

1377 1842 1513 1881 Xanthi
1535 1845 1572 1881 &
1596 1845 1710 1883 Maris
1725 1847 1914 1890 ,ostendit.
1929 1849 2093 1897 Mulciser
2109 1858 2268 1900 quatuor
2289 1851 2430 1902 scripti,

1377 1902 1417 1932 ut
1437 1893 1541 1943 saepe
1561 1895 1658 1934 alias.
1686 1897 1817 1936 Bunm.

1425 1946 1463 1984 6.
1491 1951 1611 1997 AEqua
1633 1953 1741 1986 Venus
1761 1951 1936 2003 Teucris.]
1970 1951 2053 1991 Lib.
2077 1964 2130 1990 xv.
2149 1952 2241 1991 Fast.

1371 2055 1402 2094 C
1424 2009 1488 2042 Pro
1512 2013 1542 2043 T
1540 2009 1614 2059 roja
1627 2015 1823 2058 ,Romarm
1838 2021 1902 2050 tua
1925 2019 2032 2051 Venus
2054 2026 2158 2051 arma
2172 2013 2323 2061 ferebat.

1408 2068 1542 2097 torm.

1423 2133 1457 2169 7.
1485 2126 1623 2172 Propior
1641 2128 1810 2165 saturnia
1833 2129 1987 2180 Turno.]
2018 2131 2060 2170 Id
2077 2131 2127 2169 est
2149 2133 2264 2180 magis
2285 2133 2426 2178 favens,

1371 2172 1448 2220 ejus
1470 2176 1624 2215 tutelam
1646 2180 1683 2215 &
1705 2190 1829 2217 curam
1852 2193 1992 2229 gerens.
2015 2191 2054 2219 ut
2075 2183 2124 2219 ita
2145 2183 2238 2230 apud
2251 2182 2427 2222 Plautum·

1371 2224 1518 2262 Mostel.
1542 2239 1585 2263 11.
1609 2241 1636 2265 1.
1656 2227 1785 2266 Pluma
1804 2231 1902 2267 haud
1918 2232 2055 2278 interest
2073 2241 2243 2281 patronus
2254 2246 2301 2270 an
2320 2234 2424 2272 cliens
2494 2275 2495 2279 ,

1367 2275 1500 2323 propior
1527 2278 1578 2314 sit
1597 2279 1740 2317 homini.
1772 2281 1969 2329 legendum
2003 2285 2041 2319 δε
2071 2283 2328 2331 explicandum
2351 2285 2424 2325 effe

1371 2325 1627 2367 docuitGron.
1642 2342 1667 2366 x.
1693 2330 1844 2369 Observ.
1859 2345 1915 2377 24.
1932 2334 1968 2371 δε
1991 2334 2040 2372 ita
2058 2333 2165 2383 adeffit
2187 2347 2278 2373 mox
2293 2335 2345 2377 JJ's.
2368 2349 2423 2377 12.

1370 2378 1471 2426 quod
1490 2380 1616 2426 paffim
1639 2380 1685 2419 de
1699 2385 1859 2429 patronis
1881 2383 1951 2422 diei
1971 2396 2105 2423 notum
2125 2385 2184 2423 est.
2213 2386 2344 2424 Burin.

1425 2438 1457 2477 8.
1490 2443 1624 2480 Veneris
1645 2444 1828 2496 numina]
1867 2447 1963 2492 Alii,
1992 2461 2142 2486 munere.
2170 2449 2312 2488 Hrms.
2359 2451 2421 2489 Ille

1369 2491 1508 2539 quidem
1532 2493 1675 2544 Fragm.
1695 2496 1816 2535 Revii.

1420 2554 1455 2588 9.
1483 2548 1582 2594 Saepe
1602 2547 1705 2593 ferox
1744 2559 1888 2586 cautum
1915 2548 2015 2599 petiit
2049 2555 2229 2600 Neptunus
2256 2551 2418 2598 Ulixem,

1367 2592 1506 2641 Eripuit
1523 2605 1650 2644 patruo
1662 2599 1761 2646 saepe
1784 2600 1955 2638 Minerva
1967 2601 2073 2652 sum]
2123 2602 2250 2651 Elegia
2273 2615 2326 2641 ιν.
2371 2603 2418 2643 de

1367 2641 1481 2681 Ulixe
1504 2646 1542 2683 ὅ(
1565 2648 1759 2687 Minerva:

1469 2712 1642 2752 Bellatrix
1662 2716 1718 2753 illi
1739 2718 1839 2755 Diva
1854 2718 1995 2766 serebat
2013 2727 2101 2767 opem
2116 2735 2127 2756 .-

1414 2766 1575 2813 Cumque
1602 2768 1716 2804 minor
1744 2769 1842 2815 Jove
1867 2769 1916 2819 sit
1936 2798 1947 2814 ,
1982 2769 2129 2807 tumidis
2149 2770 2210 2820 qui
2238 2782 2357 2822 regnae
2375 2772 2414 2811 in
2492 2771 2494 2773 ¹

1526 2817 1631 2854 undis

1468 2867 1575 2905 Illum
1599 2847 1775 2912 Nc’ptuni,
1804 2883 1857 2906 me
1874 2869 1985 2915 Jovis
2001 2869 2056 2906 ira
2070 2872 2212 2921 premit.

1364 2917 1536 2958 Cremu.
1569 2921 1677 2966 Casta
1702 2920 1873 2956 Minerva
1896 2932 1998 2959 unus.

1418 2991 1474 3016 10.
1503 2987 1596 3016 Jrato
1615 2979 1715 3029 dem]
1770 2981 1951 3029 Augusto.
1982 2982 2102 3029 Infra,
2131 2985 2273 3023 Placato
2290 2987 2409 3037 pofflm

1361 3042 1428 3065 non
1449 3030 1548 3077 miser
1569 3029 1626 3077 effi*
1653 3036 1732 3068 Deo.
1764 3032 1877 3070 CIOF.

1417 3091 1471 3118 11.
1502 3080 1718 3126 Proficientia
1736 3082 1877 3132 parda]
1917 3083 2026 3120 Prode
2043 3084 2219 3131 Junianus
2242 3088 2279 3125 ὅ(
2299 3088 2405 3127 multi

1359 3131 1438 3169 alii:
1470 3131 1605 3168 frustra.
1634 3132 1705 3169 vid.
1725 3133 1834 3181 Epist.
1852 3146 1920 3170 vix.
1941 3134 1976 3170 6.

1415 3193 1470 3220 12.
1499 3182 1590 3229 §Quis
1609 3183 1750 3232 vetat.]

1358 3232 1567 3270 Berstnanni
1589 3234 1728 3271 codice.
1759 3234 1854 3270 Vide
1880 3235 1996 3272 Notas
2019 3237 2062 3274 ad
2083 3238 2194 3287 Epist.
2210 3239 2401 3287 Ariadnes.

1360 3284 1505 3323 Heius.
1542 3284 1632 3332 Qus
1651 3294 1744 3322 vetet
1771 3285 1893 3324 Vatic.
1914 3286 1990 3336 quis
2011 3299 2104 3338 neget
2132 3290 2233 3330 alius.
2258 3301 2404 3378 ρηὲεςεῗ

2327 3347 2403 3377 enti

1806 3184 1907 3232 Quid
1934 3194 2035 3221 vetat
2065 3198 2151 3225 cum
2180 3188 2346 3227 Thuano
2366 3189 2428 3234 δε,
2491 3217 2495 3221 .
