2495 3675
246 177 352 250 298

714 169 776 227 P.
852 169 1265 230 OVIDII
1336 173 1874 238 NASONIS

553 284 708 342 Neve
734 289 853 361 quis
878 301 967 345 aut
994 305 1212 354 muros,
1251 303 1338 344 aut
1366 289 1556 346 fafiam
1584 309 1805 350 vomere
1830 295 2014 354 fossam

404 359 511 431 840

621 359 916 428 Transeat,
954 362 1244 419 audentem
1271 364 1391 420 talia
1417 365 1560 420 dede
1590 367 1726 422 neci.

547 432 718 505 Quod
745 435 952 491 Remus
975 436 1255 506 ignotam,
1295 437 1521 494 humiles
1549 454 1902 496 contemnere
1926 458 2109 499 muros

621 507 845 580 Coepit:
890 510 974 570 δε,
1013 506 1120 562 His
1144 511 1401 582 populu8,
1440 513 1652 578 dicere,
1692 528 1836 569 tutus
1864 516 1999 569 erit?
2040 568 2048 575 ,

549 581 668 636 Nec
695 598 841 635 mora
867 580 1137 636 transiluit.
1178 596 1330 638 rutro
1358 585 1520 640 Celer
1538 601 1767 659 occupat
1796 587 1999 645 ausum.

627 655 718 709 llle
741 655 935 726 premit
967 653 1156 708 duram
1188 656 1618 727 sanguinolentus
1643 661 1882 715 humum.

414 728 514 799 845
556 726 716 783 Haec
750 724 840 780 ubi
865 725 992 782 Rex
1019 727 1241 792 didicit;
1285 730 1523 785 lacrimas
1552 732 1808 788 introrsus
1834 733 2051 790 obortas

627 798 900 864 Devorat‚
940 800 996 854 &
1023 800 1254 856 clausum
1279 801 1499 874 peffiiore
1532 805 1719 861 vulnus
1744 806 1917 860 habet.

555 870 709 927 Flere
736 872 905 944 palam
935 891 1046 928 non
1071 875 1213 939 vult,
1250 877 1602 950 exemplaque
1628 880 1787 934 fortia
1810 879 2009 936 servat:

639 944 836 1016 Sicque
864 964 1012 1001 meos
1037 964 1220 1005 muros
1246 961 1473 1005 transeat
1498 950 1691 1016 hostis,
1728 954 1815 1008 ait.

560 1018 669 1074 Dat
696 1031 874 1074 tamen
902 1020 1201 1093 exsequias:
1243 1041 1344 1078 nec
1363 1021 1471 1093 jam
1496 1024 1812 1096 suspendere
1840 1025 2033 1082 fletum

419 1092 522 1165 850

635 1090 864 1147 Sustinet
894 1116 908 1155 ;
952 1092 1006 1146 δε
1037 1094 1201 1165 pietas
1225 1096 1543 1151 dissimulata
1567 1111 1728 1169 patet.

565 1164 865 1235 Osculaque
890 1164 1143 1237 adplicuit
1171 1168 1344 1238 posito
1370 1171 1610 1239 suprema
1633 1172 1863 1227 feretro:

635 1238 826 1309 Atque
852 1238 954 1301 ait;
999 1237 1174 1294 Invito
1200 1239 1367 1296 frater
1393 1241 1640 1307 ademte‚
1678 1247 1806 1300 vale.

2323 1320 2428 1376 Ar-

273 1451 405 1492 dextro
429 1450 594 1497 felicius,
622 1451 685 1490 fiet
706 1450 823 1500 palam
847 1462 893 1490 ex
922 1452 977 1491 his
1001 1451 1128 1490 Plinii:
1159 1451 1324 1490 Fulmina
1378 1454 1549 1493 rusticum
1567 1456 1739 1505 appellat:
1757 1457 1909 1507 Πλῆἕαιι
1928 1459 1979 1507 τῷ
1995 1458 2136 1508 σκαφίῳ
2160 1458 2260 1497 κατὰ
2286 1458 2352 1502 τῆς
2374 1471 2434 1496 κε-

272 1503 381 1541 laeva
395 1501 548 1553 prospera
560 1518 571 1547 ;
601 1502 686 1553 quia
700 1501 933 1550 sacrificantis
962 1504 1020 1540 vel
1036 1505 1207 1553 precantis
1232 1503 1326 1541 latus
1384 1504 1526 1552 Φαλῆς,
1540 1508 1603 1544 καῖ
1624 1507 1762 1546 αὐτίκα
1784 1511 2008 1549 ἀποκτεῖναι.
2025 1511 2099 1549 huc
2114 1512 2223 1549 etiam
2237 1510 2434 1560 respiciunt

273 1554 417 1591 laevum
455 1554 620 1591 dextrum
661 1552 704 1599 est
743 1553 834 1602 ejus,
869 1554 930 1604 qui
964 1554 1135 1604 postulata
1164 1555 1326 1603 largitur.
1382 1556 1442 1594 ista
1462 1556 1640 1597 Varronis
1663 1561 1742 1605 περὶ
1763 1561 1898 1611 Ἀρχῆς
1921 1563 2017 1612 apud
2037 1563 2230 1607 Nonium,
2257 1561 2347 1605 Cui,
2376 1574 2434 1598 ceu

273 1605 589 1704 NEgAgitiab—fam
608 1670 746 1694 vomere
757 1654 924 1705 foffam]
970 1658 1089 1692 Fabios
1095 1655 1210 1704 sulcen
1231 1657 1327 1694 Got-

1386 1607 1483 1644 Celer
1495 1635 1504 1652 2
1533 1607 1568 1643 3⁴³
1585 1610 1658 1653 ἕνῦς
1679 1612 1871 1658 λνῖμμκτος
1898 1615 2009 1660 λόγος
2040 1613 2229 1663 Antipatri
2261 1612 2360 1649 Sto‘ici
2385 1611 2435 1659 fi-

1386 1658 1453 1696 lius
1473 1669 1570 1697 rutro
1598 1671 1697 1710 caput
1728 1664 1917 1714 displanat.
1944 1667 1993 1704 ita
2020 1664 2195 1714 legendus
2221 1662 2282 1701 iste
2311 1662 2440 1708 locus,

274 1709 400 1756 torph.
419 1709 552 1744 tanam
570 1708 695 1756 fossam
721 1707 862 1745 Zulich.
884 1707 983 1744 Maz.
1004 1708 1041 1744 &
1065 1707 1140 1744 duo
1162 1707 1232 1744 alii.
1249 1721 1330 1744 ver·
1386 1711 1450 1758 qui
1481 1712 1772 1753 mendosissimus
1806 1718 2074 1755 circumfertur.
2114 1716 2222 1760 λόγος
2249 1713 2440 1763 Antipatri

269 1759 352 1807 sam
373 1768 508 1795 terram
533 1759 652 1796 Laeti.
682 1761 815 1795 rafiam
836 1769 967 1794 terram
990 1769 1083 1795 unus
1104 1759 1257 1796 Moreti.
1271 1759 1331 1803 fa-
1379 1760 1477 1808 filius
1494 1763 1711 1803 tantundem
1736 1766 1809 1812 est,
1836 1779 1878 1805 ac
1899 1767 1925 1805 fi
1946 1767 2186 1816 Antipatrum
2210 1766 2352 1803 Patrem
2377 1763 2440 1801 τοῦ

279 1810 373 1845 Ham
394 1819 525 1845 terram
545 1809 652 1857 prim.
675 1809 779 1846 Med.
797 1807 942 1857 pressam
961 1818 1093 1845 terram
1113 1810 1218 1857 prim.
1238 1810 1331 1846 Am-

280 1858 374 1897 bros.
395 1861 557 1905 fraciam
596 1869 727 1896 terram
761 1870 854 1898 unus
884 1860 1092 1897 Patavinus.
1124 1860 1330 1908 'Vulgatum

279 1921 359 1949 non
382 1918 523 1947 mutem
548 1919 702 1949 temere.
731 1910 842 1958 paulo
870 1918 954 1947 ante
985 1910 1179 1948 habuimus
1201 1939 1210 1955 ,
1242 1912 1332 1960 fossa

274 1959 323 2009 fit
349 1960 397 1997 ad
424 1960 590 2007 solidum.
620 1962 763 2000 HmNS.
816 1966 870 1998 Ne
902 1960 980 2009 quis
1005 1971 1069 1998 aut
1092 1974 1208 1999 muros
1232 1989 1242 2007 ‚
1271 1972 1336 1999 aut

275 2011 402 2061 fossam
425 2025 563 2049 vomere
575 2014 716 2059 faciam
746 2012 914 2050 Bernens.

339 2062 422 2109 842.
452 2067 562 2099 Tutus
582 2063 688 2113 erit.]
716 2063 796 2101 Eris
816 2063 954 2100 Medic.
978 2075 1082 2101 unus.

337 2112 423 2162 843.
446 2118 553 2150 Rutro
565 2114 663 2151 Celer
673 2123 810 2164 occupat
820 2113 975 2163 ausum]
1000 2114 1126 2152 Rastro
1141 2113 1221 2159 ,seu
1236 2123 1336 2153 rutro

286 2163 468 2214 pastorali.
497 2164 686 2214 Antiquae
707 2165 944 2203 membranae
967 2164 1147 2204 Chronici
1167 2166 1337 2204 Eusebia-

290 2215 352 2253 ni:
381 2220 507 2251 Remus
528 2224 625 2252 rutro
638 2215 804 2265 pastorali
824 2215 849 2252 ὰ
870 2214 974 2252 Fabio
995 2215 1133 2253 Romuli
1153 2216 1236 2253 duce
1255 2217 1337 2253 occi-

288 2265 402 2303 ditur.
427 2265 558 2303 Malim
578 2265 687 2314 igitur
707 2268 744 2304 in
767 2267 952 2314 Dionylio
968 2294 978 2310 ,
1009 2265 1158 2313 Πλῆξειι
1181 2268 1230 2313 τῷ
1250 2281 1339 2304 σκα-

289 2317 377 2363 φείῳ
402 2317 467 2358 τῆς
488 2316 678 2362 κεφκλῆς,
695 2319 756 2353 καὶ
782 2315 921 2353 αὐτίκα
941 2316 1161 2354 ἀποκτεῖναι.
1186 2318 1340 2366 Legitur

290 2367 328 2405 in
350 2366 527 2415 vulgatis,
558 2369 607 2414 τῷ
629 2367 784 2414 σκαφίῳ.
836 2367 1037 2406 Verterunt
1060 2369 1153 2406 bene
1175 2366 1340 2406 ruiroin-

292 2425 492 2465 terpretes,
522 2429 606 2455 curn
629 2418 670 2456 fit
691 2417 844 2464 σκάφιον
863 2427 1028 2461 rutrum3
1059 2419 1154 2456 male
1178 2418 1340 2463 Gloffae,

293 2467 423 2516 rastrus
437 2496 445 2512 ‚
475 2469 638 2513 σκάφιον.
667 2470 844 2507 NEAPOL.
872 2469 943 2506 Pro
963 2480 1053 2506 retro
1073 2469 1265 2514 nonnulli,
1284 2482 1341 2506 ra-

286 2519 371 2565 stro.
407 2519 466 2557 sex
484 2548 493 2564 ‚
521 2519 625 2557 ultro.
664 2532 778 2566 unus,
806 2519 914 2566 ristro.
937 2520 972 2557 in
1004 2521 1103 2558 Maz.
1133 2521 1171 2558 &
1200 2520 1343 2559 Zulicli.

295 2570 391 2608 erasa
414 2579 489 2608 erat
516 2579 620 2609 vetus
644 2571 767 2609 leeiio.
807 2571 951 2615 Scribe,
981 2582 1089 2608 rutro.
1119 2571 1164 2609 de
1186 2583 1262 2621 quo
1286 2584 1346 2609 ru-

295 2621 385 2659 stico
406 2621 651 2660 instrumento
682 2622 767 2660 vide
799 2622 967 2660 Nonium
999 2624 1036 2660 ἃ
1069 2623 1279 2660 Varronem
1300 2622 1346 2660 de

298 2672 346 2707 L.
368 2671 412 2708 L.
435 2672 579 2710 Aueior
612 2673 657 2711 de
680 2673 779 2711 Viris
806 2672 996 2710 illustribus
1017 2673 1055 2709 in
1087 2673 1161 2709 vita
1181 2673 1320 2710 Procae
1335 2701 1346 2717 ,

299 2720 346 2757 de
361 2722 526 2761 Romulo
542 2725 706 2762 Romam
729 2722 935 2761 condente:
949 2721 1072 2758 Edixit
1088 2749 1097 2766 ,
1117 2735 1158 2758 ne
1176 2723 1254 2770 quis
1267 2722 1348 2758 val-

301 2770 376 2806 lum
400 2772 603 2821 transiliret.
625 2774 715 2823 quod
735 2781 860 2811 Remus
887 2772 1035 2809 irridens
1056 2770 1277 2821 transilivit,
1305 2783 1349 2812 (5³

303 2819 329 2857 ἃ
350 2821 462 2858 Celere
481 2825 688 2862 Centurione
709 2825 935 2870 rutrofertur
956 2822 1089 2869 ecclsiis.
1119 2823 1171 2860 lta
1189 2822 1267 2860 libri
1289 2835 1354 2861 vc-

302 2880 408 2908 teres.
436 2884 518 2910 nam
541 2876 677 2923 vulgati
693 2886 904 2924 perperam,
934 2874 1051 2920 rastro.
1078 2884 1174 2923 quae
1192 2873 1351 2912 totidem

305 2933 457 2970 quoque
490 2925 605 2962 verbis
631 2926 779 2964 exhibet
805 2934 908 2963 vetus
936 2924 1201 2974 Fragmentum
1223 2925 1267 2961 de
1298 2926 1355 2962 O-

305 2973 421 3020 rigine
441 2975 556 3020 gentis
579 2977 773 3014 Romanae
802 2977 840 3013 P.
866 2975 1011 3013 Viciori
1035 2976 1260 3013 subnexum:
1288 2976 1354 3013 nisi

308 3023 411 3071 quod
430 3023 475 3059 ibi
500 3050 510 3066 ,
549 3036 644 3061 rutro
663 3027 722 3061 vel
756 3026 861 3070 rastro
877 3028 994 3071 fertur
1015 3027 1147 3074 occisus.
1178 3038 1261 3063 cum
1288 3038 1355 3074 po-

309 3075 431 3111 sterius
453 3073 538 3110 illud
571 3075 626 3110 vel
647 3075 751 3121 rastro
771 3076 811 3112 sit
832 3076 1042 3113 delendum.
1090 3077 1223 3114 Similis
1242 3078 1353 3114 etiam

311 3123 494 3161 diversitas
519 3123 711 3171 scripturae
741 3126 777 3161 in
812 3125 1002 3162 Chronico
1034 3127 1262 3171 Eusebiano,
1292 3134 1355 3164 Ro·

314 3187 391 3212 mae
415 3173 583 3210 Palilibus
597 3203 605 3218 ‚
634 3177 693 3224 qui
713 3187 805 3210 nunc
824 3175 893 3211 dies
909 3175 1008 3222 festus
1028 3177 1090 3220 est,
1119 3184 1241 3213 Remus
1261 3188 1358 3215 rutro

311 3223 474 3274 pastorali
501 3224 525 3260 ἐι
557 3225 659 3261 Fabio
683 3225 820 3261 Romuli
843 3226 925 3262 duce
952 3227 1072 3269 occifiis
1101 3227 1143 3273 est
1172 3228 1210 3264 ob
1241 3240 1359 3265 trans-

315 3277 452 3324 miffum
482 3274 580 3321 ‚saltu
607 3275 757 3313 vallum.
800 3276 1110 3315 Halicarnaisaeus
1138 3279 1175 3315 in
1211 3278 1278 3315 hac
1311 3280 1357 3316 de

318 3333 439 3366 morte
469 3325 580 3365 Remi
610 3326 755 3367 historia
783 3327 938 3375 σκάφιον
966 3328 1040 3366 hoc
1077 3327 1359 3370 instrumentum

1388 1812 1497 1857 &57⁶⁹
1519 1812 1657 1852 diceret
1679 1831 1690 1859 ;
1728 1818 1927 1866 quomodo
1959 1820 2137 1867 Epicurus
2165 1825 2263 1866 pater
2287 1814 2364 1852 veri
2385 1814 2439 1853 di·

1389 1861 1478 1901 dtus.
1504 1862 1552 1901 fic
1572 1868 1785 1911 μετάμελος
1803 1869 2054 1917 inconstantiae
2077 1867 2175 1916 filius
2202 1867 2326 1905 eidem
2346 1865 2442 1904 Var-

1390 1916 1484 1952 roni.
1511 1914 1592 1965 lege
1614 1918 1763 1956 Maevia
1786 1920 1882 1969 apud
1910 1921 2083 1959 Nonium
2115 1920 2153 1957 in
2174 1919 2315 1956 Bivira.
2333 1924 2443 1967 atque

1390 1966 1439 2002 ita
1466 1965 1570 2014 saepe
1600 1977 1741 2007 veteres
1772 1970 1818 2008 de
1846 1971 1951 2009 rebus
1980 1971 2207 2010 inanimatis.
2246 1967 2379 2006 Noster
2405 1968 2443 2006 in

1394 2015 1497 2053 Ibide
1516 2019 1600 2066 635.
1633 2019 1703 2056 tela
1733 2020 1857 2068 rustica
1879 2030 1990 2061 vocat
2011 2032 2177 2068 rutrum,
2205 2031 2283 2071 quo
2304 2020 2445 2058 Remus

1394 2067 1631 2107 obtruncatus
1653 2070 1722 2108 est:

1445 2135 1556 2183 thue
1582 2141 1683 2173 Remo
1703 2151 1819 2176 muros
1838 2141 1918 2187 auso
1936 2140 2088 2176 transire
2106 2146 2275 2182 recentes,

1499 2185 1616 2222 Noxia
1627 2185 1702 2235 sint
1723 2189 1826 2238 capiti
1846 2190 1971 2237 rustica
1990 2189 2060 2227 tela
2080 2200 2151 2226 tuo.

1397 2248 1517 2287 Festus
1531 2265 1542 2286 .·
1567 2257 1719 2288 Rutrum
1747 2254 1894 2290 tenentis
1916 2252 2062 2302 juvenis
2083 2252 2126 2300 efl
2145 2251 2263 2300 effigies
2281 2251 2320 2288 in
2341 2252 2445 2302 Capi·

1397 2299 1478 2337 tolio
1497 2300 1633 2348 ephebi,
1647 2316 1738 2339 more
1756 2302 1928 2340 harenam
1947 2303 2079 2340 ruentis
2091 2302 2348 2341 exercztationis
2363 2315 2446 2351 gra·-

1399 2350 1466 2387 tia.
1495 2352 1627 2390 Graeci
1658 2363 1795 2391 vocant
1815 2356 2005 2394 σκαπαίνκν
2033 2355 2070 2391 &
2088 2355 2266 2400 σκάφιον,
2297 2354 2356 2392 ubi
2377 2354 2449 2403 agit

1398 2401 1443 2438 de
1462 2401 1536 2439 hoc
1558 2404 1835 2442 exercitamenti
1858 2417 1992 2454 genere
2007 2433 2017 2448 ,
2046 2413 2086 2442 ut
2106 2405 2185 2454 jam
2216 2417 2260 2443 ex
2285 2404 2452 2443 Halicar-

1398 2450 1548 2490 naffenfi
1575 2454 1745 2493 vidimus.
1788 2456 1976 2504 perperam
2007 2455 2154 2493 Gloffae
2183 2465 2326 2494 veteres
2346 2483 2356 2499 ,
2383 2460 2452 2492 Ra-

1395 2502 1489 2550 strus
1508 2506 1674 2551 σκάφιον.
1720 2506 1904 2556 distinguit
1924 2509 2023 2544 enim
2046 2507 2142 2544 Cato
2160 2505 2206 2544 de
2218 2506 2453 2553 R.R.¹mani-

1403 2553 1491 2591 feste
1511 2555 1605 2593 inter
1627 2556 1778 2604 rastrum
1797 2558 1834 2595 δε
1859 2568 2011 2595 rutrum.
2039 2558 2185 2595 Hiems.

1404 2662 1418 2692 t
1457 2604 1539 2652 844.
1566 2608 1750 2659 Duram]
1789 2608 1919 2646 Diram
1943 2609 2073 2647 decem
2095 2609 2189 2646 libri.
2206 2617 2332 2656 puram
2362 2615 2454 2656 qua-

1421 2666 1502 2692 uor.

1460 2704 1542 2754 845.
1573 2708 1754 2747 Lacrimas
1784 2710 1953 2757 introrsus
1982 2710 2115 2747 obortas
2135 2706 2335 2758 Devorat.]
2393 2706 2454 2747 Sic

1403 2753 1464 2793 lib.
1485 2767 1537 2795 xi.
1558 2758 1643 2807 635.
1671 2762 1925 2810 Metamorph.

1781 2826 2025 2873 Lacrimasque
2049 2822 2217 2869 introrsus
2236 2821 2372 2861 obortas

1458 2877 1618 2910 Devorat
1638 2873 1701 2923 ipse
1722 2874 1834 2918 dolor,
1863 2875 2013 2923 duroque
2030 2872 2210 2921 simillima
2232 2884 2315 2910 taxo

1459 2929 1587 2973 Torpet.

1408 2974 1579 3012 Cxorm.

1461 3023 1543 3067 846.
1572 3025 1705 3060 Peb'lore
1723 3024 1885 3075 vulnus]
1918 3027 2056 3062 Pel‘lora
2079 3041 2116 3064 v.
2141 3025 2243 3063 habet
2267 3038 2361 3066 unus
2379 3026 2453 3066 Va&

1407 3076 1469 3113 tic.
1497 3074 1571 3111 vid.
1594 3074 1638 3111 ad
1660 3075 1768 3122 Epist.
1791 3089 1862 3113 xii.
1894 3088 1974 3121 170.

1464 3136 1540 3170 ¹47·
1570 3125 1858 3173 Exemplasortia
1876 3126 2042 3176 servan]
2079 3128 2134 3166 Ut
2155 3129 2312 3167 heroum
2330 3157 2341 3174 ,
2364 3137 2460 3178 quos

1409 3175 1494 3213 flere
1516 3187 1592 3212 non
1615 3176 1732 3213 decet.
1762 3177 1931 3214 Cioran.

1410 3226 1542 3316 N448.
1570 3226 1688 3274 sicque
1709 3240 1797 3264 meos
1816 3227 1971 3277 muros.]
2011 3228 2087 3277 Ipsa
2106 3230 2217 3268 verba
2240 3230 2322 3268 Titi
2348 3227 2455 3267 Livii.

1455 3288 1587 3313 rapot..

1467 3327 1551 3377 849.
1578 3332 1656 3364 Dat
1688 3338 1808 3366 tamen
1835 3329 2050 3382 exseqaias.]
2106 3330 2160 3369 Ita
2190 3332 2354 3371 locutum
2386 3325 2455 3363 effe

2327 3388 2460 3425 ouem:
