2495 3675
220 188 325 239 714
748 151 1291 216 -Ρ.ον11)11

1362 147 1895 210 NASONIS

524 256 600 314 Di
625 253 818 314 faciant
844 256 1034 329 igitur,
1074 268 1308 327 quorum
1332 246 1634 305 mitiflimus
1660 249 1765 322 ipse
1788 250 1896 317 est,

387 348 487 386 100

601 330 760 385 Alma
785 330 914 385 nihil
942 327 1103 398 majus
1129 325 1352 380 Caesare
1378 335 1518 377 terra
1544 320 1693 376 ferat.

533 401 718 476 thue
741 403 835 458 diu
860 402 952 456 sub
969 417 1035 453 eo
1061 398 1122 452 fit
1149 396 1354 469 publica
1379 394 1577 450 sarcina
1601 411 1816 456 rerum3

609 477 820 547 Perque
846 489 1030 528 manus
1055 469 1206 541 hujus
1234 468 1428 524 tradita
1454 468 1628 540 gentis
1662 480 1765 523 eat.

538 549 615 603 At
641 563 699 603 tu
724 563 831 602 tarn
855 543 1093 616 placid0,
1129 560 1288 615 quam
1316 558 1413 595 nos
1441 558 1662 614 quoque
1690 539 1939 597 sensimus
1966 542 2143 608 illum,

608 620 799 690 Judice
825 633 925 688 pro
951 615 1177 670 lacrimis
1205 632 1297 670 ora
1321 614 1522 669 resolve
1556 614 1703 668 meis,

398 713 494 764 ως
533 693 659 748 Non
683 690 855 763 petito
884 702 942 745 ut
969 687 1105 743 bene
1131 688 1222 751 fit,
1264 686 1353 742 sed
1382 688 1458 741 uti
1484 687 1619 741 male
1644 687 1839 750 tutius;
1874 699 2047 762 >utque

618 763 873 818 Exfilium
897 760 1231 817 saevo'distet
1257 759 1320 815 ab
1347 759 1495 814 hoste
1521 777 1717 814 meum.

545 835 835 910 Quamque
861 834 1063 889 dedere
1090 834 1218 889 mihi
1242 832 1531 906 praesentia
1557 834 1772 888 numina
1797 835 1991 899 vitam,

613 909 739 965 Non
763 908 959 964 adimat
989 905 1166 961 stribio
1193 904 1460 980 squalidus
1485 905 1607 961 ense
1633 905 1819 961 Getes.

538 982 821 1053 Denique,
861 980 895 1034 fi
923 980 1142 1044 moriar,
1183 980 1399 1036 subeant
1425 979 1658 1051 pacatius
1683 996 1870 1034 arvum

402 1074 499 1112 110

608 1054 761 1116 Ossa,
802 1070 902 1109 nec
931 1054 959 1108 a
985 1052 1233 1126 Scythica
1259 1051 1434 1108 nostra
1461 1063 1769 1122 premantur
1797 1052 1980 1106 hum0.

549 1128 667 1185 Nec
695 1127 830 1181 male
858 1126 1183 1198 compofitos
1225 1129 1318 1197 (ut
1344 1124 1539 1178 scilicet
1567 1123 1745 1178 exsule
1770 1122 2032 1197 dignum)

621 1198 846 1256 Bistonii
871 1199 1077 1254 cineres
1102 1200 1298 1271 ungula
1323 1197 1488 1269 pulset
1517 1195 1657 1268 equi.

551 1275 625 1332 Et
649 1291 746 1335 ne,
787 1271 826 1327 fi
850 1271 1074 1343 superest
1101 1270 1301 1344 aliquid
1324 1268 1440 1341 post
1460 1268 1647 1324 funera
1674 1268 1880 1334 sensus,

628 1346 858 1402 Terreat
884 1345 971 1399 hie
998 1361 1181 1399 manes
1209 1342 1455 1400 Sarmatis
1481 1341 1666 1396 umbra
1693 1359 1860 1397 meos,

418 1441 516 1494 115
562 1419 795 1479 Caesaris
821 1418 950 1472 haee
976 1416 1209 1473 animum
1238 1427 1488 1488 poterant
1513 1414 1690 1470 audita
1719 1431 1940 1471 movere
1960 1453 1979 1480 ‚

620 1491 895 1555 Maxime;
939 1490 1219 1548 movifl'ent
1242 1489 1281 1545 fi
1303 1503 1477 1545 tamen
1501 1501 1625 1544 ante
1650 1502 1820 1545 tuum.

323 1759 386 1804 98.
415 1765 518 1796 Poene
535 1758 642 1795 etiam
661 1755 781 1794 marito
798 1754 932 1807 parcior
953 1755 1006 1792 ira
1030 1753 1141 1805 mem]
1181 1751 1322 1791 Parcior

262 1807 341 1860 -ipse
364 1812 567 1848 Puteaneus
586 1812 623 1847 &
644 1808 720 1845 duo
743 1809 814 1845 alii.
837 1808 933 1845 forte
947 1833 957 1850 ‚

331 1885 444 1917 Poena
462 1876 568 1914 etiam
587 1874 707 1911 merito
722 1873 855 1924 parcior
875 1874 944 1924 ipsa
965 1888 1048 1914 meo.

278 1932 412 1971 Euam.

331 2004 392 2040 99,
421 1992 579 2039 {Quorum
606 1983 875 2036 mitifflmusiliq
896 1985 976 2035 est.]
1008 1986 1046 2024 ln
1064 1988 1326 2037 manuscriptis,

280 2045 372 2083 item
395 2042 433 2079 in
456 2039 593 2078 Aldino
610 2066 619 2081 ‚
649 2050 795 2088 quorum
818 2035 1012 2084 justiffimus
1034 2037 1099 2087 ipse
1119 2038 1162 2087 est
1183 2054 1193 2083 ;
1224 2038 1327 2088 quod

283 2106 347 2135 cur
369 2099 552 2130 mutatum
575 2088 640 2129 fit,
668 2100 743 2125 non
767 2086 943 2136 affequor.
972 2087 1136 2126 Fassnrc.
1165 2092 1327 2138 Quorum

288 2142 482 2192 mitiffimus
503 2140 558 2178 ille
573 2138 638 2185 est,
666 2138 714 2176 est
737 2138 776 2175 in
796 2149 871 2176 uno
893 2138 1066 2176 Varie&
1081 2139 1328 2185 Urfinilibr0.,

282 2195 394 2235 κᾶε.
422 2200 461 2231 ut
483 2192 581 2230 idern
605 2190 787 2227 Fabricius
808 2188 963 2226 notavit.
992 2189 1160 2227 Croran.
1189 2190 1326 2228 Nescio

285 2258 358 2296 qua
377 2244 542 2284 editione
571 2240 649 2278 usus
672 2238 713 2277 fit
743 2239 921 2276 Ciofauus
936 2266 945 2282 ‚
974 2241 1010 2276 in
1030 2252 1099 2289 qua
1119 2249 1230 2279 notae
1261 2241 1328 2278 Fa-

287 2297 391 2336 bricii
415 2294 594 2333 habentur
614 2319 624 2334 ,
663 2297 759 2327 certe
788 2291 825 2326 in
856 2288 1145 2330 Bersmannianis
1184 2300 1330 2330 contra·

286 2349 383 2386 rium
403 2373 414 2390 ‚
451 2355 493 2382 ac
525 2343 703 2380 Ciofanus
728 2339 845 2384 dicit,
873 2340 1028 2389 repperi.
1059 2353 1103 2379 an
1135 2350 1332 2391 peccarunt

287 2408 424 2448 operae
449 2397 485 2433 in
508 2393 658 2431 Ciofani
679 2390 843 2429 editione
859 2418 868 2434 ,
896 2399 936 2429 ut
956 2392 1058 2440 saepe
1077 2392 1331 2439 deprehendi?

290 2451 329 2488 δι
345 2445 542 2498 justiffimus
562 2443 627 2492 ipse
646 2442 690 2488 est
713 2452 842 2479 omnes
872 2441 947 2480 fere
967 2442 1097 2491 scripti.
1120 2443 1180 2481 sed
1200 2441 1334 2491 mitiffi-

291 2513 369 2538 mus
388 2498 445 2535 ille
462 2495 505 2543 est
526 2493 764 2543 praetulimus
778 2520 788 2536 ,
806 2492 909 2540 quod
926 2492 1044 2531 codex
1067 2493 1182 2532 Servii
1204 2495 1241 2532 &
1256 2496 1335 2543 plu-

291 2551 376 2589 rimi
399 2547 486 2586 editi
505 2545 652 2583 habent.
673 2543 742 2581 hae
763 2554 851 2580 vero
882 2555 993 2582 voces
1014 2544 1136 2592 paffim
1162 2545 1199 2582 in
1221 2547 1273 2583 his
1292 2545 1335 2583 li-

292 2601 363 2638 bris
384 2604 675 2637 commutantur.
699 2601 738 2630 ut
759 2605 804 2631 11.
825 2592 935 2632 Trist.
949 2606 1008 2639 27.
1029 2596 1065 2632 &
1080 2595 1336 2646 alibi.quorum

296 2648 535 2698 illustriffimus
555 2645 690 2684 Bersm.
711 2644 799 2681 Var.
822 2644 927 2682 Let‘t.
956 2645 1087 2684 Bunm.

355 2726 435 2751 101.
461 2718 570 2760 thue
591 2709 652 2745 diu
664 2707 729 2756 sub
751 2720 807 2750 eo,
833 2706 877 2755 fic
891 2705 939 2756 fit
954 2707 1020 2756 sub
1048 2709 1194 2757 Caesare
1212 2708 1335 2758 terra]

301 2764 376 2803 Alii
392 2791 400 2806 ‚
415 2770 532 2799 Roma.
552 2760 611 2798 sed
628 2760 800 2797 neutrum
813 2757 918 2795 bene.
946 2766 1043 2796 certe
1061 2769 1172 2796 terrae
1192 2772 1339 2809 praece-

301 2814 404 2854 denti
425 2813 523 2849 versu
540 2812 615 2859 Jam
638 2807 865 2848 occurrebat.
893 2811 1086 2857 Quatuor,

355 2882 464 2925 thue
484 2874 545 2911 diu
557 2872 623 2921 fi‘b
641 2886 674 2908 eo
687 2870 733 2921 fit
746 2871 885 2921 publica
903 2873 1037 2919 sarcina
1057 2873 1194 2913 mundi.

303 2943 467 2994 quinque
482 2967 491 2983 ,
512 2938 559 2988 fit
581 2939 718 2988 publica
733 2939 875 2988 sarcina
896 2950 1016 2977 terrae.
1044 2941 1146 2990 quod
1166 2942 1203 2979 in
1216 2941 1341 2980 Erfur-

304 3002 393 3032 tano
416 2993 523 3028 etiam
554 2992 743 3027 invenerat
775 2990 1026 3039 Zinzerlingus
1063 3004 1108 3029 11.
1149 2992 1275 3030 Prom.

305 3054 399 3083 unus
414 3070 424 3085 ‚
443 3040 490 3088 fit
509 3039 642 3089 publica
661 3040 798 3085 sarcina
819 3054 930 3079 curae.
958 3042 1197 3080 Moretiliber
1211 3055 1275 3091 pro
1289 3043 1343 3080 di·

307 3093 406 3134 versa
426 3090 607 3133 lechone,
628 3089 675 3138 fit
689 3091 826 3139 publica
841 3091 979 3138 sarcina
1001 3105 1129 3129 rerum.
1164 3093 1343 3131 Sarravia-

306 3157 373 3184 nus
395 3140 599 3179 admodum
627 3141 799 3177 mendose
825 3168 834 3183 .
873 3146 982 3190 thue
1003 3141 1141 3189 diusub
1161 3157 1216 3185 eo,
1236 3142 1282 3190 fic
1295 3142 1344 3192 fit

302 3194 457 3247 publicae
470 3192 550 3238 saro
567 3200 687 3226 terrae.
716 3190 944 3228 Combiauus
957 3219 968 3236 ‚
999 3197 1105 3240 thue
1124 3193 1186 3229 diu
1199 3194 1264 3241 sub
1288 3194 1346 3230 eis.

307 3247 417 3288 alius,
436 3241 503 3291 sub
516 3254 548 3277 eo
561 3239 618 3287 est.
644 3240 768 3277 Locus
790 3240 942 3278 mirifice
961 3243 1134 3279 turbatus.
1160 3254 1245 3280 nam
1266 3256 1347 3281 ver-

313 3297 356 3349 su
376 3294 550 3347 proximo
575 3301 642 3341 pro
671 3299 727 3330 eat
758 3291 906 3339 plurimi
926 3292 1038 3332 etiarn
1069 3301 1233 3340 veteres,
1260 3303 1353 3345 caan

2255 1611 2385 1670 Vox
2399 1653 2416 1679 ‚

1378 1750 1537 1841 'gimide
1569 1750 1654 1789 dico
1677 1778 1689 1796 ,
1743 1750 1829 1791 dico
1867 1758 1992 1791 tamen
2017 1779 2029 1798 ,
2084 1750 2201 1790 videri
2236 1763 2420 1802 reponen-

1408 1815 1494 1848 um,

1431 1869 1540 1911 thue
1561 1860 1621 1897 diu
1643 1859 1774 1909 subsint
1794 1860 1874 1898 huic
1895 1861 2033 1910 publica
2050 1861 2198 1912 pondera
2217 1876 2346 1901 rerum.

1381 1924 1526 1963 videtur
1551 1924 1649 1962 enirn
1675 1935 1750 1961 vox
1785 1935 1855 1962 una
1884 1933 1946 1963 aut
1975 1924 2084 1963 altera
2105 1924 2289 1964 excidisse.
2315 1925 2425 1976 paulo

1381 1983 1466 2012 ante
1485 1986 1551 2024 pro
1575 2002 1584 2017 ,
1615 1972 1814 2021 justiffimus
1835 1975 1901 2024 ips}
1930 1975 1984 2020 est0
2012 1975 2144 2024 priscae
2176 1975 2358 2016 editiones
2385 1979 2424 2016 &

1382 2024 1499 2073 scripti
1522 2024 1602 2062 satis
1625 2025 1732 2062 multi
1754 2036 1839 2062 cum
1864 2025 2190 2075 Argentoratenfi,
2216 2025 2425 2076 mitiffimus.

1382 2075 1583 2164 p-pomodo
1619 2079 1736 2112 Deum
1785 2076 1909 2114 mitem
1953 2076 2063 2126 paulo
2099 2085 2183 2117 ante
2218 2079 2424 2127 appellarat.

1429 2139 1532 2165 EINS-

1440 2204 1522 2241 ¹03·
1551 2196 1607 2229 At
1626 2201 1666 2228 tu
1687 2200 1763 2227 tam
1782 2190 1956 2241 placido]
1987 2192 2139 2231 Mallem
2154 2219 2167 2238 ,

1438 2260 1492 2293 At
1511 2265 1551 2292 tu
1564 2264 1654 2341 ltam
1670 2254 1827 2304 placido,
1864 2268 2085 2307 quamquam
2110 2270 2173 2295 nos
2201 2256 2358 2307 laesimus
2380 2258 2424 2295 il-

1579 2318 1638 2342 um
1652 2333 1663 2349 ,

1494 2355 1610 2394 Indice
1629 2367 1702 2396 &a

1389 2430 1475 2459 nam
1500 2420 1628 2469 sentire
1656 2419 1778 2468 potius
1806 2420 1843 2457 in
1878 2419 2013 2458 malam
2037 2429 2177 2470 partem
2203 2450 2215 2467 ‚
2252 2435 2319 2472 pro
2348 2436 2430 2474 gra·

1391 2483 1477 2509 vem
1489 2470 1701 2558 I‚3crudelem
1715 2471 1893 2519 experiri,
1904 2470 2067 2510 sumitur.
2081 2473 2153 2511 vid.
2167 2474 2211 2513 ad
2235 2474 2344 2524 Epist.
2355 2487 2427 2516 xxx.

1396 2534 1453 2570 17.
1522 2535 1621 2560 unm.

1446 2584 1530 2620 ¹05·
1556 2579 1636 2609 Non
1653 2572 1758 2621 petis,
1786 2582 1827 2610 ut
1848 2571 1927 2610 bene
1943 2571 2033 2623 [ιλ]
2066 2573 2108 2612 ln
2129 2573 2206 2613 libri
2225 2575 2275 2615 sui
2298 2579 2430 2628 margi-

1389 2636 1438 2662 ne
1460 2631 1603 2661 notarat
1621 2623 1777 2670 Scaliger
1799 2651 1808 2667 ‚
1850 2629 1946 2660 Neve
1961 2632 2034 2672 pere
2054 2634 2094 2661 ιιι
2115 2625 2194 2663 bene
2210 2626 2270 2675 fit.
2299 2629 2428 2667 Erudi-

1391 2675 1543 2712 tissimus
1569 2674 1719 2722 juvenis
1746 2674 1901 2719 Jacobus
1934 2675 2115 2713 Roverius
2137 2703 2147 2719 ,
2177 2680 2257 2715 Non
2281 2680 2429 2724 petimus

1393 2725 1473 2763 bene
1489 2722 1558 2772 fit,
1579 2724 1640 2771 sed
1660 2723 1712 2763 uti
1733 2725 1826 2761 male
1847 2724 1969 2761 tutius.
1996 2725 2045 2763 D.
2069 2725 2217 2767 Hfims.
2255 2735 2357 2778 Mage
2377 2730 2429 2768 le-

1391 2775 1554 2824 gendum
1570 2783 1661 2822 puto
1676 2802 1685 2819 ,
1712 2783 1750 2813 ut
1764 2774 1803 2812 fit
1817 2774 2044 2823 pleonasmus
2058 2788 2066 2813 :
2080 2775 2146 2816 nist
2158 2779 2248 2816 male
2268 2770 2430 2820 fit'idem

1394 2826 1498 2874 quod
1529 2837 1668 2872 parurn.
1706 2825 1908 2864 [sammaa.
1963 2832 2044 2863 Non
2067 2836 2140 2875 pete
2171 2829 2261 2879 quod
2282 2830 2431 2870 Putean.

1394 2878 1503 2914 Unus
1531 2876 1729 2914 Vaticanus
1754 2904 1764 2921 ‚
1802 2882 1883 2913 Non
1897 2875 1995 2924 petit.
2021 2877 2101 2926 lege
2125 2905 2135 2920 ‚
2173 2893 2241 2916 non
2265 2882 2369 2930 petito
2391 2891 2432 2919 ut

1397 2926 1476 2964 bene
1488 2925 1558 2976 fit,
1587 2927 1644 2964 vel
1661 2954 1670 2971 ,
1684 2940 1751 2963 non
1769 2927 1872 2975 petito
1892 2927 1971 2964 bene
1990 2925 2045 2972 sit.
2073 2928 2250 2978 Scaliger,
2278 2945 2363 2968 neve
2375 2941 2432 2981 pe-

1304 3002 1341 3040 4
1398 2989 1430 3015 te
1452 2989 1491 3014 m
1521 2977 1601 3013 bene
1629 2976 1682 3021 fit.
1725 2981 1837 3014 etiam
1860 2989 1938 3016 non
1956 2979 2062 3017 male.
2117 2980 2185 3018 Vir
2203 2982 2433 3021 Politiffimus

1400 3027 1621 3066 Christianus
1649 3028 1830 3067 Daumius
1842 3056 1852 3073 ,

1455 3098 1535 3130 Non
1551 3091 1656 3141 petito
1678 3103 1716 3128 ut
1736 3093 1816 3130 bene
1834 3091 1876 3139 fit
1889 3120 1899 3136 ,
1924 3093 1982 3137 [ἑά
2003 3093 2057 3130 uti
2075 3106 2170 3143 mage
2191 3093 2313 3131 tutius.

1401 3143 1519 3191 Quod
1540 3155 1585 3180 ex
1606 3142 1740 3191 scriptis
1760 3144 2047 3181 Bersrnannianis
2077 3146 2112 3182 in
2144 3156 2207 3182 ora
2232 3144 2367 3183 codicis
2386 3144 2435 3183 sui

1382 3195 1606 3231 annotavit.
1635 3194 1775 3231 Heius.
1822 3193 1955 3235 Forte,
1984 3206 2051 3229 non
2075 3203 2149 3243 peto
2169 3195 2244 3243 (vel
2261 3196 2348 3243 pete)
2376 3207 2439 3246 quo

1407 3244 1486 3281 bene
1498 3243 1566 3293 fit,
1590 3243 1650 3290 sed
1662 3245 1714 3279 uti
1731 3241 1819 3279 mihi
1838 3242 1959 3280 tutius.
1987 3257 2051 3291 quo
2070 3256 2136 3294 pro
2148 3256 2189 3284 ut
2201 3248 2335 3285 centies
2348 3244 2442 3295 apud

1409 3294 1613 3349 Nasonem.
1639 3305 1707 3332 non
1728 3302 1827 3345 potes.
1843 3293 1913 3345 ΜΓ,
1936 3292 2068 3333 Bersm.

2277 3345 2357 3388 108.
2383 3349 2447 3383 Ge·

2430 0 2444 32 -f

2442 0 2468 40 ⁴:⁴2

2470 0 2479 12 ,ι
