2495 3675
467 138 1415 217 FASTORUM
1526 156 1887 217 Lavi.

2079 158 2185 227 '425
2247 221 2250 228 .

328 263 621 338 Quaeritur
645 265 699 318 in
724 263 877 318 scena
904 279 1029 316 cava
1053 259 1205 320 tibia;
1250 257 1525 330 quaeritur
1555 258 1680 312 aris:

393 336 559 390 Ducit
588 338 860 409 supremos
882 334 1066 389 naenia
1089 332 1227 386 nulla
1253 343 1418 384 toros,

325 409 587 465 Servierat
610 410 859 482 quidam,
896 404 1228 478 quantolibet
1254 404 1444 458 ordine
1470 403 1692 475 dignus3

178 487 286 554 670

393 482 631 536 Tibure:
671 481 761 535 sed
791 481 954 549 longo
978 491 1223 548 tempore
1249 476 1380 531 liber
1407 490 1533 530 erat.

326 554 482 611 Rure
508 555 670 626 dapes
697 564 842 624 parat
870 553 956 604 ille
980 553 1105 610 suo;
1149 548 1466 621 turbamque
1495 566 1746 604 canoram

395 628 696 682 Convocat.
736 624 802 677 ad
832 624 982 677 festas
1006 623 1260 676 convenit
1287 623 1369 676 illa
1397 622 1571 693 dapes.

324 701 454 755 Nox
477 712 623 762 erat;
662 698 718 750 δε
746 695 878 749 vinis
903 695 1154 767 oculique
1178 695 1446 766 animique
1475 695 1746 750 natabant:

324 811 328 813 μ
396 773 540 826 Cum
566 769 994 841 praecomposito
1020 768 1234 822 nuntius
1260 785 1354 821 ore
1382 769 1542 821 venit.

179 852 278 917 675
318 848 502 916 Atque
529 844 628 907 ita,
667 844 723 914 Q

729 841 817 895 uid
846 840 1003 895 cessas
1031 841 1275 894 convivia
1299 840 1533 895 solvere?
1575 840 1738 896 dixit:

397 915 605 972 Aue'tor
631 913 895 970 vindiciae
915 914 1024 985 jam
1048 913 1224 978 venit,
1263 930 1421 977 ecce,
1458 926 1594 967 tuae.

29 1144 111 1174 non
131 1131 177 1170 de
195 1132 278 1181 lege
299 1143 371 1170 x11.
389 1128 617 1168 Tabularum
647 1128 801 1178 intelligi
821 1126 936 1176 poffet
950 1156 960 1172 ‚
988 1138 1076 1165 cum

33 1184 92 1222 illa
108 1183 178 1222 lata
200 1183 308 1221 fuerit
330 1183 377 1219 A.
397 1181 448 1218 V.
470 1180 518 1218 C.
542 1192 627 1229 302.
655 1192 777 1228 neque
797 1181 870 1217 hoc
886 1176 1076 1216 offendisse

33 1234 197 1273 tibicines
220 1244 398 1283 umquam
427 1232 589 1281 legatur;
618 1231 676 1269 sed
709 1231 872 1269 edietum
896 1229 1079 1278 magistra-

32 1292 89 1323 tus
106 1285 254 1334 aiicujus
269 1313 278 1329 ‚
305 1285 368 1333 qui
395 1283 483 1332 legis
505 1284 599 1320 hanc
620 1290 757 1329 partem
793 1281 889 1319 male
910 1281 1078 1317 observa-

31 1342 105 1373 tam
128 1337 359 1373 revocaverit
383 1335 420 1371 &
440 1334 642 1371 exercuerit
666 1345 674 1369 :
703 1344 817 1381 quem
839 1332 985 1380 Pighius
1004 1330 1076 1377 Ap.

34 1384 230 1424 Claudium
263 1385 428 1424 AEdilem
462 1384 639 1421 Curulem
673 1383 720 1420 A.
753 1383 803 1420 V.
835 1382 878 1419 C.
907 1393 1076 1419 ccccxt.

33 1436 152 1485 (male
184 1437 341 1485 Neapol.
377 1446 540 1473 ccccx1.
585 1435 678 1471 vitio
713 1434 932 1481 operarum)
972 1430 1076 1469 fuisse

33 1487 165 1526 censet.
182 1487 462 1534 quodsiverum
483 1485 545 1529 111,
575 1485 612 1521 &
630 1483 759 1521 AEdilis
779 1485 924 1521 retineri
947 1482 1075 1530 potest,

31 1537 92 1576 sed
114 1550 199 1576 cum
223 1540 312 1575 haec
332 1537 461 1575 omnia
480 1536 548 1573 fint
570 1537 704 1572 incerta
719 1563 728 1576 ,
759 1535 796 1571 &
818 1533 961 1571 Ovidio
985 1544 1072 1570 con-

31 1588 158 1627 stiterit
178 1590 271 1626 ratio
292 1590 426 1626 horum
441 1587 611 1624 omnium
630 1613 639 1629 ‚
659 1586 771 1622 tutius
783 1584 831 1622 est
844 1583 950 1621 MSS.
972 1583 1075 1621 codi-

31 1649 93 1677 ces
120 1640 242 1688 sequi.
266 1651 377 1688 quam
399 1637 510 1675 dotste
535 1636 697 1674 delirare.
733 1635 819 1674 vide
841 1636 950 1673 etiam
973 1634 1077 1683 Pigh-

31 1690 125 1728 Aur.
148 1690 176 1727 Ι.
197 1703 225 1727 1.
246 1701 326 1739 pag.
349 1690 432 1738 361.
462 1687 594 1725 Buram.

83 1741 169 1787 663.
199 1746 327 1787 Pompa
351 1740 410 1790 qui
423 1738 559 1785 funeris
581 1735 711 1786 irent.]
743 1743 908 1787 Pompam
927 1736 1078 1774 veterri-

30 1802 113 1830 mus
130 1791 255 1829 Ursini
277 1791 495 1829 &Strozzae
518 1788 649 1827 codex.
671 1788 832 1826 venuste.
861 1786 1081 1834 sicexequias

24 1842 100 1887 ire,
129 1842 175 1880 de
205 1853 282 1891 quo
310 1842 385 1880 dixi
412 1841 546 1878 Amor.
573 1839 638 1879 lib.
660 1851 705 1877 11.
742 1839 844 1888 Eleg.
871 1851 923 1876 vx.
953 1845 1080 1884 Pompa

21 1894 182 1941 fianeris,
203 1903 243 1931 ut
269 1892 366 1942 apud
386 1891 590 1940 Apulejum
617 1902 662 1928 11.
685 1891 841 1927 Metam.
867 1895 993 1936 Pompa
1014 1889 1080 1935 fu-

20 1945 120 1986 =mris
135 1943 267 1994 publice
285 1943 496 1980 donabatur
506 1941 701 1989 persarum.
731 1939 887 1989 Quintil.
910 1940 1079 1978 Declam.

32 2003 161 2033 txxlx.
193 2001 353 2031 Ducatur
373 1991 634 2042 ingensfuneris
652 2000 785 2041 pompa.
814 1991 885 2028 Sed
907 1992 1079 2033 fortelde-

31 2045 126 2085 derit
144 2046 242 2083 Naso
256 2074 267 2090 ‚
291 2055 453 2095 pompae,
480 2051 521 2081 ut
542 2042 605 2091 ipsi
625 2043 791 2080 tibicines
811 2041 1080 2092 dicanturpom..

75 2110 102 2134 e.
134 2098 276 2135 Hiems.

26 2104 167 2194 Ν664.
194 2146 359 2193 Artifices
376 2145 498 2195 solon]
527 2146 556 2183 Ii
580 2145 711 2194 pariter
733 2145 771 2182 &
792 2144 941 2181 Graecis
956 2146 1080 2190 τεχνί-

32 2202 113 2236 stuc:
143 2210 348 2236 commune
370 2208 511 2234 nomen
540 2195 709 2241 musicis,
735 2195 944 2245 thymelicis
966 2197 1004 2233 &
1023 2197 1081 2234 hi-

33 2247 234 2288 strionibus.
264 2247 440 2286 Neapoz.

83 2301 169 2348 665.
195 2299 319 2348 Exsilio
353 2307 497 2336 mutant
532 2297 694 2348 urbem]
749 2297 820 2336 Sed
852 2296 1082 2341 αὐτομάτως.

35 2350 162 2390 Livius
179 2351 240 2389 lib.
261 2363 324 2388 111.
353 2350 460 2387 Tibur
483 2363 548 2386 uno
571 2350 708 2397 agmine
727 2348 910 2386 abierunt:
939 2349 1022 2385 adeo
1041 2359 1081 2385 ut

34 2413 130 2439 nemo
152 2402 189 2438 in
211 2401 292 2438 urbe
321 2400 393 2450 esset
423 2401 483 2452 qui
502 2400 612 2448 sacris
631 2401 849 2448 praecineret.
886 2399 1076 2438 Valerius:

3 2472 13 2494 1
33 2451 140 2490 Tibur
158 2452 245 2489 irati
262 2453 295 2496 β
315 2452 544 2488 contulerunt.
571 2450 694 2487 NEAP.

42 2504 45 2507 ’
85 2504 169 2540 666.
197 2501 361 2550 Qodam
384 2510 530 2548 tempore
546 2500 651 2537 Tibur
671 2500 789 2548 erat.]
819 2500 996 2549 Queritur
1014 2501 1078 2539 hie

33 2561 160 2601 aperte
175 2552 222 2590 de
251 2552 337 2595 suo,
362 2552 465 2599 quod
490 2558 565 2587 tam
598 2549 725 2587 distans
753 2550 797 2586 ab
827 2551 916 2587 urbe
939 2551 1080 2591 Roma.

33 2603 201 2641 Similem
245 2602 415 2640 dolorem
457 2599 623 2649 expressit
657 2600 807 2639 Ruffino
846 2601 939 2638 libro
980 2602 1079 2639 Pon-

23 2653 113 2699 gaico
137 2667 168 2692 1.

87 2719 189 2769 Qid
207 2721 352 2758 rostram
374 2727 503 2754 veteres
516 2722 690 2754 Romanae
707 2715 819 2765 gentis
832 2744 842 2761 ,
864 2715 958 2767 apud
975 2730 1058 2768 quos

141 2769 313 2819 Exstlium
333 2768 435 2806 tellus
450 2768 581 2805 ultima
601 2768 707 2805 Tibur
725 2777 826 2806 erat?

38 2822 214 2868 Nestor..

89 2884 159 2929 667
189 2883 383 2932 §Quaeritur
403 2883 440 2921 in
455 2882 597 2933 scena]
627 2882 803 2920 Baburrus
822 2881 880 2919 ille
899 2880 1009 2919 Marsi
1027 2881 1080 2919 le-

40 2933 114 2982 git,
141 2936 336 2983 Queritur
355 2935 392 2972 in
413 2935 524 2971 coeni.
574 2934 633 2971 Ad
654 2932 777 2982 quae?
807 2931 995 2973 Tibicines‚
1024 2933 1080 2968 in-

39 2984 138 3032 quit,
161 2986 337 3034 postquam
355 2984 539 3030 abierunt,
565 2983 821 3034 quaerebantur
833 2983 870 3019 in
891 2982 1078 3025 convivii53

41 3044 86 3073 Ψ
106 3048 173 3072 non
200 3036 480 3073 inveniebantur.
533 3035 677 3072 Demus
700 3063 711 3079 ,
745 3033 848 3071 sodes
870 3060 881 3078 ,
919 3032 1078 3081 perbello

43 3084 292 3124 Grammatico
311 3087 508 3135 perbelluin
538 3085 688 3122 bolum:
720 3085 834 3133 sitque
861 3084 1080 3120 παπκπάπ-

44 3135 122 3182 καξ
155 3137 358 3185 Strepsiadis
389 3137 655 3184 Aristophanes
685 3135 859 3172 Nmpot.
917 3141 957 3170 In
979 3147 1079 3170 coena

41 3186 151 3224 etiam
179 3187 387 3225 Deinsterus
409 3189 454 3225 ad
476 3187 601 3224 Rofin.
623 3186 682 3223 lib.
704 3198 767 3223 111.
789 3197 863 3232 cap.
880 3197 939 3234 31.

94 3235 177 3273 668.
209 3238 315 3274 Nulla
336 3238 452 3288 toros.]
483 3238 609 3274 Choros
623 3236 920 3274 multiveterum.
937 3235 1083 3273 Herios.

44 3288 175 3337 Efficere
202 3287 483 3374 qssdemflcmm
500 3288 598 3329 reste
625 3288 778 3334 dicitur,
807 3288 843 3325 δι
867 3286 992 3337 passim
1019 3297 1085 3335 ocg

67 3348 70 3351 ·
253 3348 318 3375 om.
382 3344 406 3377 Ι.

2063 985 2182 1042 Neo

1134 1129 1255 1166 currit.
1276 1126 1350 1165 vid.
1370 1125 1501 1166 Heius.
1521 1125 1565 1164 ad
1588 1125 1716 1164 Claud.
1739 1125 1850 1175 praef.
1869 1124 1929 1164 lib.
1947 1136 1994 1163 11.
2013 1124 2058 1163 de
2068 1125 2180 1174 Raptss

1133 1179 1187 1221 sss.
1223 1192 1282 1227 52.
1328 1178 1388 1215 sed
1419 1190 1502 1215 cum
1529 1181 1705 1227 supremos
1744 1179 1781 1214 &
1820 1176 1946 1214 naenia
1981 1176 2184 1220 addantur,

1134 1228 1401 1267 ostendendum
1418 1237 1493 1265 erat
1513 1228 1677 1266 saltatum
1696 1229 1733 1265 in
1754 1228 1888 1266 funeris
1909 1238 2046 1276 pompa
2065 1225 2184 1271 fuisse,

1136 1281 1173 1316 ἃ
1185 1280 1359 1318 Praeficas
1379 1281 1510 1316 choros
1524 1278 1630 1327 egisse
1645 1307 1654 1323 ‚
1675 1280 1778 1327 quod
1791 1291 1867 1316 non
1881 1286 1983 1326 puto.
2003 1277 2060 1314 sed
2076 1278 2184 1314 Prae-

1136 1329 1220 1368 ficas
1249 1332 1288 1368 δε
1316 1330 1481 1368 tibicines
1510 1329 1546 1366 in
1581 1341 1718 1377 pompa
1748 1330 1896 1367 funerea
1935 1325 2098 1376 praeiisse
2130 1328 2187 1365 fe-

1136 1391 1272 1419 retrum
1290 1409 1300 1425 ,
1327 1382 1363 1418 in
1385 1392 1462 1430 quo
1483 1380 1664 1423 cadaver;
1695 1391 1805 1429 quare
1829 1380 1970 1417 retineo
2000 1389 2088 1415 toros
2104 1405 2113 1420 ‚
2143 1378 2185 1416 &

1135 1431 1181 1469 de
1200 1431 1321 1477 166118,
1349 1432 1386 1468 111
1409 1431 1538 1480 quibus
1558 1431 1695 1468 mortui
1716 1430 1956 1468 efferebantur
1971 1457 1980 1473 ‚
2005 1428 2185 1477 intelligo.

1134 1482 1181 1521 de
1201 1484 1330 1530 quibus
1354 1482 1462 1519 obvia
1484 1482 1622 1519 omnia.
1646 1481 1729 1519 vide
1750 1482 1795 1518 ad
1817 1483 1963 1518 Petron.
1989 1491 2066 1528 cap.
2086 1491 2184 1517 xu1.

1134 1534 1170 1569 &
1206 1533 1399 1571 Heinsium
1432 1531 1547 1580 ipsum
1575 1532 1618 1569 ad
1649 1544 1693 1569 11.
1725 1532 1857 1569 Amor.
1886 1543 1967 1568 X1v.
1994 1541 2050 1578 39.
2090 1541 2185 1568 unus

1132 1583 1334 1622 Vaticanus
1352 1583 1507 1621 habebat
1522 1611 1533 1627 ,
1552 1581 1648 1619 ducit
1661 1584 1823 1629 funereos
1844 1582 1969 1619 naenia
1999 1579 2100 1618 nulla
2131 1590 2186 1627 νος

1136 1635 1307 1672 r05.duci5
1318 1636 1492 1684 supremos
1518 1633 1742 1671 Bononiens.
1770 1634 1890 1671 BURM

1185 1693 1270 1740 669.
1298 1693 1475 1730 servierat
1494 1693 1678 1742 quidam]
1733 1692 1790 1729 Sic
1820 1691 1894 1730 duo
1917 1691 2101 1728 Vaticani.
2131 1690 2186 1728 se·‘

1136 1754 1244 1792 quor.
1272 1745 1442 1782 CIOFAN.
1470 1744 1561 1781 Duo
1593 1743 1765 1781 Vaticani
1788 1771 1798 1786 ‚
1827 1743 2001 1779 servierat
2026 1742 2185 1792 quidam.

1136 1794 1235 1843 Ergo
1250 1795 1330 1843 jam
1361 1803 1436 1832 erat
1456 1793 1622 1832 libertus:
1653 1793 1700 1831 fic
1725 1793 1819 1830 ordo
1840 1793 2006 1842 postulat.
2031 1803 2114 1829 nam
2138 1791 2186 1830 ad

1134 1845 1223 1893 quid
1247 1846 1305 1883 illa
1328 1843 1343 1882 ?
1386 1851 1496 1892 Longo
1520 1854 1664 1889 tempore
1697 1844 1780 1881 liber
1810 1854 1893 1881 erat.
1954 1843 2186 1880 fflutarchus:

1135 1895 1226 1950 Ἀνῆξ
1267 1895 1498 1948 dotasti-359&
1529 1895 1640 1946 κρύψω
1676 1899 1740 1937 τοῖς
1770 1893 1924 1948 ἅξχοισ-ιν
1954 1898 2185 1940 ἐπηγγείλατο

1131 1952 1288 1997 κατάξειν
1316 1952 1440 1995 andrie„
1476 1951 1604 1989 Livius
1636 1952 1713 1988 vult
1742 1952 1921 1988 restitutos
1956 1951 2187 1997 Legatorum

1131 2006 1264 2054 opera:
1295 2012 1456 2055 Legatos,
1483 2007 1626 2055 inquit,
1655 2004 1760 2041 Tibur
1779 2005 1969 2054 miserunt,
1998 2017 2036 2041 ut
2058 2005 2187 2042 darent

1129 2054 1263 2105 operam
1287 2085 1297 2100 ‚
1325 2067 1365 2093 ut
1385 2058 1422 2093 hi
1441 2056 1593 2094 homines
1611 2057 1774 2094 Romanis
1803 2056 2069 2103 restituerentur.
2126 2056 2187 2093 Ti·

1136 2107 1270 2147 burtini
1301 2107 1439 2156 benigne
1456 2107 1621 2155 polliciti,
1642 2107 1797 2155 primum
1818 2107 1938 2143 accisos
1960 2108 1997 2143 in
2027 2107 2159 2145 curiam
2173 2134 2184 2151 ,

1136 2157 1269 2194 hortati
1279 2158 1368 2206 sunt
1387 2167 1427 2194 ut
1444 2168 1701 2195 reverterentur
1722 2164 1866 2194 Romam
1879 2174 1889 2194 .·
1913 2158 2091 2209 postquam
2111 2167 2187 2206 per-

1134 2208 1216 2257 pelli
1237 2209 1449 2259 nequibant,
1480 2208 1610 2257 consilio
1639 2208 1736 2244 haud
1753 2208 1956 2245 abhorrente
1978 2208 2022 2244 ab
2043 2209 2189 2257 ingeniis

1137 2259 1318 2296 hominum
1336 2273 1385 2296 eos
1406 2260 1666 2308 aggrediuntur.
1721 2260 1788 2296 Die
1808 2259 1891 2306 festo
1924 2259 1988 2295 alii
2019 2259 2104 2296 alios
2125 2269 2186 2307 per

1128 2310 1269 2359 speciem
1300 2309 1583 2348 celebrandarum
1610 2320 1717 2346 cantu
1742 2311 1921 2358 epularum
1953 2310 2066 2359 cauffd-
2088 2310 2186 2346 invi-

1136 2371 1239 2398 tant:
1268 2372 1312 2401 (9*
1331 2361 1437 2406 vino,
1467 2362 1560 2408 cujus
1591 2361 1741 2397 avidum
1761 2363 1874 2407 ferme
1892 2374 1995 2408 genus
2018 2361 2079 2406 est,
2108 2373 2186 2396 one-

1135 2422 1228 2449 ratos
1242 2412 1404 2462 sopiunt;
1432 2423 1536 2461 atque
1554 2412 1606 2448 ita
1625 2411 1663 2447 in
1681 2411 1833 2459 plaustra
1844 2412 1964 2458 fhmno
1985 2410 2091 2446 viflos
2103 2423 2182 2445 con-

1125 2462 1258 2511 jiciunt
1285 2476 1324 2499 ac
1343 2469 1489 2500 Romam
1509 2463 1711 2509 deportant:
1734 2474 1792 2497 nec
1804 2462 1901 2508 prius
1915 2461 2037 2508 sensere
2051 2488 2060 2502 ‚
2074 2473 2182 2509 quam

1129 2513 1290 2562 plaustris
1313 2514 1351 2549 in
1372 2515 1449 2559 foro
1471 2512 1597 2548 relioz‘is
1621 2539 1632 2555 ‚
1655 2511 1770 2559 plenos
1789 2510 1945 2557 crapulae
1962 2524 2011 2546 eos
2038 2509 2100 2545 lux
2127 2520 2184 2559 op-

1131 2562 1250 2611 preffit.
1277 2568 1373 2599 Tunc
1390 2562 1566 2610 concursus
1580 2561 1693 2610 populi
1703 2561 1844 2607 fastus}
1874 2561 2121 2608 impetratoque
2139 2571 2181 2597 ut

1134 2623 1314 2651 manerent
1328 2642 1338 2658 ,
1358 2613 1485 2649 datum
1498 2641 1508 2658 ,
1537 2623 1575 2649 ut
1596 2611 1755 2648 triduum
1770 2611 1955 2658 quotannis
1969 2611 2084 2647 ornati
2101 2624 2181 2648 cum

1135 2675 1264 2708 cantu,
1292 2674 1398 2714 atque
1419 2664 1507 2707 hac,
1536 2676 1622 2713 quae
1643 2675 1733 2698 nunc
1752 2661 1914 2710 fhlemnis
1942 2660 2008 2707 est,
2036 2661 2180 2699 licentii

1130 2725 1188 2764 per
1208 2715 1327 2752 urbem
1347 2724 1586 2763 vagarentur.-
1605 2713 1868 2760 restitutumque
1887 2712 1924 2748 in
1948 2711 2028 2748 aede
2046 2714 2183 2760 vescen-

1133 2766 1171 2802 di
1184 2766 1240 2814 jus
1258 2766 1301 2803 iis
1314 2794 1324 2809 ‚
1345 2766 1522 2815 qieisacris
1534 2764 1780 2813 praecinerent.
1800 2762 1984 2800 Triduum
2000 2763 2048 2799 ait
2070 2763 2119 2800 eis
2138 2762 2183 2801 li·

1134 2818 1245 2864 citum
1274 2816 1376 2855 fuisle
1396 2817 1458 2854 tali
1476 2816 1600 2854 habitu
1622 2826 1685 2862 per
1719 2814 1855 2850 Urbem
1878 2813 1940 2850 uti.
1976 2812 2078 2850 Falso
2100 2813 2184 2852 Plu-

1131 2869 1274 2904 tarchus
1292 2867 1394 2915 supra
1412 2866 1569 2914 scripsit,
1598 2870 1662 2907 τῆν
1682 2864 1812 2910 ἦμέρκν
1832 2864 1976 2903 ἐκεὶνκν.
2003 2863 2184 2903 Nisaeos:

1133 2923 1258 2953 Servus
1277 2927 1351 2953 erat
1373 2917 1532 2965 plurimi.

1187 2985 1270 3026 672.
1298 2982 1472 3018 Convenit
1488 2981 1552 3017 illa
1575 2980 1712 3032 dapes.]
1743 2986 1922 3018 Convocat
1942 2993 2035 3019 unus
2055 2981 2182 3019 Medi-

1137 3044 1232 3070 ceus.
1252 3032 1349 3069 unde
1362 3032 1533 3069 Heinsius
1554 3032 1731 3077 faciebat,
1762 3032 2057 3081 convolat‚quod
2078 3044 2182 3079 egre-

1135 3085 1193 3131 gie
1212 3083 1422 3120 aviditatem
1454 3083 1697 3127 Tibicinum,
1724 3085 1785 3132 qui
1808 3085 1920 3131 genio
1948 3083 2179 3120 libentiilime

1135 3133 1348 3181 indulgent,
1377 3133 1543 3171 ostendit.
1570 3134 1656 3170 hinc
1679 3136 1717 3171 ὃς
1735 3133 1865 3182 adagio
1888 3135 2026 3177 notati,
2058 3133 2183 3169 Tibici-

1138 3197 1221 3220 num
1253 3183 1370 3219 vitam
1402 3183 1534 3222 vivere.
1569 3183 1618 3222 fic
1636 3184 1727 3233 supr.
1759 3196 1842 3233 343.
1870 3183 2046 3221 convolat
2075 3183 2185 3219 omnis

1139 3234 1254 3271 turba.
1275 3233 1405 3271 Bunm.

1191 3286 1274 3332 674.
1302 3285 1461 3373 {sinsus
1480 3299 1534 3337 ore
1550 3284 1680 3340 svenit.]
1710 3286 1770 3324 De
1781 3285 1851 3324 hac
1861 3297 1898 3336 re
1918 3283 2082 3323 simulat-:1
2092 3283 2182 3319 haec

1377 3347 1390 3372 1
1412 3347 1425 3373 1
2092 3343 2190 3379 <ID-0:
