2495 3675
695 181 756 240 1³.
828 171 1255 236 OVIDII
1327 170 1857 230 NASONIS

502 295 671 352 Tunc
701 312 923 370 quoque
947 294 1047 364 jam
1073 292 1335 353 moriem,
1370 305 1439 343 ne
1466 304 1573 342 non
1600 287 1920 360 procumbat
1945 289 2196 356 honeste,

583 369 841 443 Respicit.
880 369 1009 423 haec
1037 366 1201 420 etiam
1231 381 1357 420 cura
1384 362 1623 417 cadentis
1647 375 1776 416 erat.

373 441 401 497 8
409 460 473 513 35
510 443 660 499 Ecce
685 445 840 512 super
868 456 1064 511 corpus
1094 437 1404 491 communia
1430 435 1622 490 damna
1650 447 1954 506 gementeS,

594 516 764 570 Obliti
791 514 1037 573 decoris,
1074 511 1262 583 virque
1293 523 1551 582 paterque
1570 507 1762 578 jacent.

515 590 713 646 Brutus
737 585 913 647 adest;
956 582 1282 655 tandemque
1309 583 1489 636 animo
1511 582 1598 636 sua
1623 581 1840 636 nomina
1866 580 2022 635 fallit:

595 660 828 731 Fixaque
858 658 1129 712 semanimi
1155 673 1385 727 corpore
1411 655 1514 708 tela
1539 654 1691 727 rapit.

521 735 926 805 Stillantemque
952 744 1136 785 tenens
1164 728 1424 801 generoso
1449 728 1701 797 sanguine
1725 727 1958 782 cultrum
1975 767 1992 792 ,

593 805 784 860 Edidit
808 805 1105 877 impavidos
1133 821 1228 856 ore
1255 805 1495 855 minante
1523 804 1707 854 sonos:

522 880 627 934 Per
651 880 746 933 tibi
774 896 878 950 ego
903 878 1046 931 hunc
1067 876 1191 946 juro
1213 874 1411 930 fortem
1436 873 1744 946 castumque
1770 890 2054 939 cruorem,

593 951 806 1023 Perque
831 965 953 1005 tuos
984 949 1203 1011 ManeS,
1241 951 1330 1021 qui
1359 947 1488 1019 milii
1514 964 1713 1000 numen
1739 961 1922 1000 erunt:

522 1023 886 1098 Tarquinium
912 1041 1110 1095 poenas
1140 1022 1366 1094 profuga
1391 1036 1515 1073 cum
1542 1019 1698 1092 stirpe
1726 1019 1993 1075 daturum.

594 1097 713 1167 Jam
751 1099 866 1152 satis
895 1097 970 1151 est
994 1098 1159 1150 virtus
1185 1093 1502 1148 dissimulata
1529 1093 1637 1147 diu.

381 1171 484 1242 845
523 1170 610 1225 llla
634 1170 810 1240 jacens
839 1171 905 1224 ad
933 1170 1093 1224 verba
1118 1168 1301 1221 oculos
1328 1166 1433 1219 fine
1459 1168 1658 1220 lumine
1684 1166 1886 1229 movit3

599 1243 832 1315 Visaque
856 1241 1105 1296 conculsa
1132 1240 1270 1293 dicia
1297 1239 1522 1309 probare
1547 1241 1721 1292 coma.

532 1316 727 1372 Fertur
753 1318 806 1369 in
833 1315 1105 1386 exsequias
1134 1312 1293 1367 animi
1323 1324 1562 1364 matrona
1589 1311 1777 1364 virilis:

599 1391 673 1444 Et
696 1389 876 1444 secum
901 1388 1137 1442 lacrimas
1180 1385 1544 1456 invidiamque
1571 1383 1748 1438 trahit.

210 205 314 256 150

379 808 481 877 840

2262 1455 2398 1513 Vul-

238 1603 350 1642 cretia
362 1603 521 1641 narratio
532 1602 703 1641 occurrit.
732 1600 875 1648 ξιφιδίῳ
887 1598 1092 1646 πατάξασα
1112 1598 1156 1636 τὸ
1177 1598 1291 1642 ςῆθος,
1339 1593 1456 1644 sentes
1474 1592 1606 1631 relifios
1625 1603 1732 1643 atque
1754 1593 1896 1639 desertos
1925 1591 2097 1630 habueris.
2141 1592 2290 1633 Exstant
2306 1595 2399 1634 haec

238 1656 346 1704 plane
370 1664 409 1692 ut
432 1653 577 1692 Noster.
595 1654 680 1691 Val.
702 1654 892 1690 Maximus
913 1652 971 1688 lib.
994 1664 1045 1688 vr.
1074 1662 1152 1699 cap.
1170 1663 1195 1688 1.
1215 1652 1292 1697 fer-
1350 1648 1388 1683 in
1410 1645 1623 1694 fragmentis
1643 1645 1809 1684 Cornelii
1831 1646 2001 1693 Nepotis.
2029 1645 2154 1683 NEAP.
2181 1643 2403 1694 VideEpist.

239 1720 321 1742 rum
341 1714 470 1749 voest,
501 1714 540 1742 ut
564 1703 805 1753 vulgatiapud
823 1702 997 1740 Nostrum
1017 1701 1293 1751 codices.qu0d
1353 1709 1419 1734 111·
1450 1709 1533 1745 105·

243 1756 470 1804 sequendum
494 1755 592 1793 duco
615 1784 625 1799 ‚
665 1766 749 1791 curn
774 1754 926 1790 cultrum
947 1765 1037 1789 mox
1060 1752 1101 1789 sit
1121 1752 1294 1790 dicturus.
1406 1746 1489 1794 844.
1518 1746 1632 1796 Diu.]
1662 1746 1759 1784 Mihi
1779 1747 1924 1794 Junian.
1945 1747 1984 1784 &
2008 1754 2167 1795 quatuor
2189 1746 2262 1784 alii.

245 1808 389 1845 Hizins.
417 1806 550 1844 Collato
561 1807 658 1852 ferro
675 1806 801 1843 Petav.
816 1805 914 1841 unde
934 1802 1109 1841 Heinfius
1125 1831 1133 1846 ‚
1152 1803 1298 1852 prolato.
1403 1798 1486 1846 845.
1518 1798 1582 1835 Illa
1596 1799 1713 1847 jacens
1735 1798 1782 1834 ad
1801 1797 1947 1846 verba]
1990 1798 2156 1844 Adversa
2184 1797 2273 1835 osto
2301 1805 2405 1835 vete-

269 1857 385 1946 1833.
413 1862 508 1896 Tunc
530 1870 660 1907 quoque
679 1855 798 1906 sam]
827 1862 899 1893 Hoc
915 1855 1023 1892 etiam
1043 1855 1151 1892 Laeti
1171 1854 1297 1893 &duo
1352 1860 1418 1907 res.
1446 1850 1549 1906 quod
1580 1851 1709 1899 placet.
1748 1850 1889 1888 HmNs.
1926 1849 1998 1887 Pro
2021 1851 2134 1887 movit
2161 1849 2250 1887 alter
2279 1849 2408 1887 Maza-

247 1909 324 1947 aii.
1353 1912 1420 1938 nn.
1444 1910 1567 1938 vertit.

301 1959 386 2009 833.
416 1965 468 1996 Ne
489 1973 557 1995 non
574 1957 775 2007 procumbat
794 1955 946 2004 honeste,
974 1955 1150 2007 Respicit]
1174 1956 1229 1994 Ut
1242 1957 1298 1995 in·
1409 1951 1491 1998 847.
1522 1957 1643 1988 Fertur
1660 1951 1698 1989 in
1717 1949 1915 2003 exequias.]
1953 1949 2130 1999 Scripsisse
2153 1951 2307 1990 Poetam
2330 1952 2409 1990 exi,-

247 2011 354 2062 signis
377 2011 435 2049 illa
456 2011 612 2048 Hecuba
628 2038 637 2053 ‚
666 2009 711 2047 de
731 2008 804 2059 qua
826 2009 1039 2057 Euripides:

557 2068 601 2106 ‘H
620 2070 683 2114 δὲ,
713 2071 777 2106 καὶ
799 2064 994 2113 θνήσκουσ’,
1023 2070 1112 2114 ὅμως

304 2124 453 2163 Πολλῆν
473 2120 635 2165 πρόνοικν
655 2120 755 2168 εἶχεν
782 2119 968 2167 εἰσχιέμως
989 2122 1122 2159 πεσεῖν.

254 2185 435 2225 ΝΕΑΡοι.
462 2185 556 2222 Usus
576 2185 650 2222 hoc
673 2184 774 2221 versu
797 2183 979 2231 Euripidis
1006 2185 1141 2222 Plinius
1167 2183 1229 2221 lib.
1255 2194 1308 2222 Ν.

253 2236 323 2284 Ep.
347 2249 394 2274 ii.
419 2238 456 2275 in
478 2248 514 2272 re
536 2235 641 2273 simili
659 2235 705 2273 de
734 2235 940 2272 Maximilla
967 2235 1115 2273 Vestali.
1137 2236 1283 2273 Heius.

306 2297 393 2346 837.
421 2303 491 2333 Sua
522 2297 665 2332 nomina
685 2295 832 2344 fallit.]
892 2295 1118 2343 Cognomen
1153 2297 1227 2335 hoc
1257 2296 1305 2335 L.

253 2349 354 2396 Junii
375 2349 507 2385 Graeci
526 2349 809 2396 interpretantur
830 2347 992 2383 Ἠλιθιον.
1006 2347 1129 2384 NEAP.

311 2408 397 2457 838.
423 2406 654 2456 semanimi]
685 2409 881 2445 semanimo
901 2407 1038 2446 Hamb.

309 2458 396 2508 839.
425 2458 693 2505 Stillantemque
714 2470 830 2495 tenens
852 2460 1032 2506 (Brutus)
1056 2460 1209 2508 generofh
1221 2460 1311 2508 san-

257 2511 361 2560 guine
379 2509 531 2546 cultrum
547 2537 557 2553 ,
586 2509 709 2545 Edidit
732 2509 928 2558 impavidos
945 2523 998 2545 ore
1019 2510 1310 2560 minantesonos]

263 2562 322 2599 Ex
345 2560 547 2598 Aristotelis
577 2560 776 2597 traditione
806 2560 864 2597 lib.
886 2573 931 2598 ir.
960 2561 1006 2597 de
1026 2561 1117 2597 Arte
1141 2562 1287 2598 dicendi
1303 2589 1313 2605 ,

264 2611 494 2660 perspicuum
526 2610 567 2648 fit
597 2622 684 2648 eum
709 2638 719 2654 ‚
766 2613 828 2658 qui
858 2612 1009 2660 alicujus
1031 2639 1041 2655 ,
1076 2613 1138 2658 qui
1164 2612 1313 2660 indigne

266 2662 405 2698 malum
426 2661 576 2710 aliquod
605 2659 785 2709 perpessus
808 2661 857 2698 est
880 2689 890 2704 ‚
915 2662 1077 2709 gladium
1093 2689 1102 2703 ‚
1124 2671 1194 2698 aut
1215 2662 1313 2699 aliud

267 2711 435 2760 signum,
463 2724 540 2761 quo
569 2711 628 2749 ille
658 2711 871 2749 interfedhis
904 2712 976 2754 est,
1007 2711 1189 2755 ostendit,
1218 2712 1314 2748 sum-

265 2774 368 2799 mam
393 2763 675 2800 misericordiam
707 2771 817 2810 atque
849 2762 1145 2810 indignationem
1179 2762 1316 2799 excita-

270 2824 309 2850 re
329 2813 494 2850 adversus
515 2825 599 2850 eum
616 2841 625 2858 ‚
653 2814 715 2862 qui
738 2813 874 2850 malum
901 2813 1057 2860 patrarit.
1087 2812 1257 2849 C1OFAN.

324 2863 406 2909 840.
436 2870 501 2899 Ore
519 2864 717 2914 minante]
748 2865 907 2900 Micame
929 2863 1169 2901 unusMedic.
1200 2865 1319 2913 Lege,

272 2914 418 2953 minace.
447 2915 592 2951 HEINS.

328 2965 409 3010 842.
439 2966 512 3011 {Qui
541 2965 630 3001 mihi
652 2979 780 3003 numen
799 2965 941 3014 eruar]
998 2965 1131 3003 Manes
1152 2965 1234 3003 sunt
1255 2964 1319 3002 de-

274 3016 487 3054 func‘ioruin
502 3017 622 3063 genii,
650 3029 743 3063 quos
763 3018 955 3064 antiquitas
969 3027 1140 3053 venerata
1152 3026 1191 3054 ut
1205 3017 1320 3053 Deos.

276 3067 451 3103 Cornelia
474 3094 484 3109 ,
513 3067 765 3102 Gracchorum
789 3075 904 3102 mater
926 3094 934 3109 ,
965 3068 1001 3103 i'n
1033 3066 1182 3113 epistolii
1212 3067 1256 3104 ad
1277 3067 1320 3104 fi-

275 3117 368 3156 lium
394 3145 405 3160 ‚
444 3125 584 3164 praeter
605 3117 672 3153 alia
700 3117 790 3153 haec
819 3117 868 3154 illi
899 3119 1007 3153 etiarn
1032 3119 1228 3164 praecipit:
1260 3118 1321 3154 Ubi

279 3179 418 3206 mortua
447 3181 521 3210 ero,
549 3167 749 3215 parentabis
781 3167 870 3203 mihi
891 3195 900 3210 ‚
936 3180 979 3206 εν
1009 3168 1186 3216 invocabis
1204 3174 1320 3205 Deum

271 3229 453 3268 parentem
483 3218 588 3266 (lego
618 3229 701 3254 cum
735 3219 848 3266 sagaci
876 3219 1016 3256 Critico
1039 3218 1086 3255 D.
1109 3220 1163 3255 M.
1191 3220 1226 3255 id
1249 3220 1322 3263 est,

279 3275 369 3306 Deos
399 3276 522 3306 Manes
547 3268 725 3318 parentis)
763 3269 802 3304 in
832 3283 864 3305 co
895 3280 1040 3318 tempore
1061 3283 1128 3305 non
1142 3270 1270 3318 pudeat
1290 3281 1321 3307 te

276 3334 394 3360 eorum
416 3319 532 3359 Deum
551 3329 660 3370 preces
685 3328 855 3370 expetere,
882 3333 964 3369 quos
983 3320 1086 3358 vivos
1104 3331 1209 3373 atque
1221 3330 1327 3371 prae-

1353 2002 1519 2059 stimabat
1537 2002 1694 2059 Scaliger
1707 2031 1717 2048 ‚
1731 2002 1919 2053 Exsequias
1929 2004 2062 2050 fertur.
2090 2003 2144 2039 Ut
2163 2002 2324 2053 exequias
2336 2002 2408 2049 ire,

1355 2065 1433 2092 non
1455 2067 1493 2092 m
1515 2067 1690 2103 exequias.

1416 2105 1589 2153 Exequias
1601 2107 1717 2150 fertur
1734 2105 1848 2143 animi
1869 2114 2034 2143 matrona
2050 2103 2179 2142 virilis.

1362 2156 1471 2193 DAN.
1498 2157 1643 2193 Hiems.

1415 2207 1501 2255 850.
1528 2205 1732 2255 concitat]
1762 2212 1940 2243 Convocat
1959 2213 2116 2255 quatuor
2134 2206 2172 2242 &
2193 2205 2277 2243 edit.
2292 2206 2412 2254 Neap.

1415 2258 1500 2306 851.
1529 2257 1742 2306 Tarquinius
1762 2271 1839 2293 cum
1857 2257 1949 2307 prole
1961 2255 2099 2304 fugin]
2129 2255 2244 2294 Anno
2275 2257 2318 2294 ab
2340 2258 2412 2294 Ur-

1358 2308 1404 2346 be
1427 2306 1576 2346 conditfi
1597 2319 1755 2345 CCXLIV.
1779 2309 1911 2356 Regno
1932 2308 2087 2355 praefuit
2104 2319 2221 2344 annos
2243 2319 2411 2346 xxxviii.

1360 2359 1421 2397 scu
1442 2360 1561 2396 verius
1583 2371 1730 2395 xxxvn.
1770 2359 1942 2396 Graviter
1971 2358 2085 2407 lapsus
2110 2358 2279 2406 paullum
2307 2359 2410 2407 supra

1360 2410 1526 2448 laudatus
1545 2409 1778 2457 Theophilus
1802 2408 2006 2447 Patriarcha
2030 2409 2288 2446 Antiochenus
2301 2437 2310 2453 ‚
2324 2421 2410 2447 curn

1366 2461 1411 2498 de
1433 2461 1643 2509 Tarquinio
1664 2459 1798 2509 scripsit
1820 2474 1829 2498 :
1862 2454 1929 2503 ”Oe
1948 2459 2181 2505 ἑβρισῑλευσεν
2210 2460 2326 2498 ἔτεσιν
2349 2459 2414 2502 κε’.

1368 2512 1549 2549 Nemoi.

1418 2562 1506 2610 851.
1533 2561 1637 2608 Capit
1655 2574 1777 2598 annua
1800 2560 1969 2611 Consul]
2000 2561 2214 2609 Abitprima
2235 2569 2331 2599 aetas
2351 2560 2415 2608 (fic

1370 2622 1550 2651 vocarunt
1570 2613 1668 2650 iliam
1690 2613 1750 2650 sub
1772 2612 1955 2661 Regibus)
1982 2612 2122 2649 accedit
2150 2612 2321 2648 secunda.
2361 2613 2415 2648 U-

1370 2664 1508 2701 niversa
1528 2663 1681 2711 potessas
1708 2663 1812 2700 datur
1843 2663 2058 2700 Consulibus
2079 2689 2089 2705 ,
2127 2661 2185 2698 sed
2207 2661 2350 2700 duobus
2370 2663 2415 2700 li-

1369 2713 1516 2750 bertatis
1538 2714 1741 2751 vindicibus
1756 2742 1764 2756 ,
1795 2715 1840 2751 L.
1859 2714 1971 2760 Junio
1989 2713 2100 2750 ssruto
2127 2712 2163 2748 &
2187 2712 2232 2748 L.
2255 2713 2417 2761 Tarqui-

1371 2765 1435 2801 nio
1450 2763 1663 2801 Collatino:
1693 2764 1751 2802 sed
1766 2776 1879 2801 nemo
1902 2775 2031 2800 eorum
2047 2763 2286 2800 Consulatum
2307 2763 2414 2808 finiit;

1370 2826 1455 2851 nam
1489 2814 1692 2851 Collatinus
1720 2815 1752 2852 se
1782 2827 1829 2851 eo
1849 2814 2040 2852 abdicavit.
2068 2813 2214 2850 Florus:
2245 2820 2419 2851 Tantum-

1371 2880 1435 2915 que
1456 2865 1626 2901 libertatis
1644 2871 1754 2901 novae
1767 2865 1937 2913 gaudium
1960 2865 2133 2913 incesserat
2147 2893 2156 2908 ‚
2186 2875 2224 2900 ut
2256 2866 2321 2901 vix
2340 2879 2420 2902 mu-

1373 2916 1444 2952 tati
1455 2918 1571 2962 status
1591 2915 1701 2962 fidem
1723 2925 1875 2962 caperent
1899 2943 1908 2958 ,
1948 2915 2166 2964 alterumque
2194 2929 2236 2952 ex
2256 2916 2420 2965 Consuli-

1360 2966 1456 3012 bus.
1486 2977 1630 3003 tantum
1662 2966 1700 3001 ob
1730 2979 1852 3001 nomen
1882 2977 1925 3003 (9'
1949 2979 2054 3014 genus
2081 2967 2211 3014 regium
2234 2994 2244 3010 ‚
2265 2966 2420 3014 fascibus

1375 3017 1570 3066 abrogatis,
1600 3016 1684 3052 Urbe
1706 3015 1935 3053 dimitterent.
1963 3017 2100 3060 Tunc,
2125 3030 2167 3052 ex
2188 3023 2332 3053 Senatus
2343 3030 2421 3054 con-

1366 3066 1464 3117 fhlto
1484 3096 1493 3112 ‚
1531 3068 1650 3116 inquit
1673 3067 1800 3104 Livius
1821 3096 1832 3111 ‚
1867 3067 1921 3104 lex
1943 3067 2040 3110 lata,
2068 3079 2107 3102 ut
2135 3079 2251 3103 omnes
2273 3068 2422 3117 Tarqui-

1376 3120 1454 3155 niae
1479 3119 1589 3166 gentis
1619 3119 1731 3154 exules
1759 3117 1870 3166 essent.
1917 3118 1957 3155 In
1986 3118 2062 3166 ejus
2092 3118 2216 3153 locuin
2253 3117 2421 3157 suffetius

1377 3169 1543 3207 Valerius
1574 3168 1761 3217 Poplicola
1785 3196 1794 3211 ‚
1834 3178 1872 3206 ut
1898 3180 1942 3204 ex
1965 3168 2071 3204 Fastis
2091 3167 2306 3216 Capitolinis
2329 3171 2425 3207 erui-

1377 3232 1470 3258 inus.
1515 3219 1642 3263 Alter,
1670 3221 1733 3268 qui
1766 3220 1810 3255 L.
1833 3220 1960 3266 Junius
1991 3218 2142 3261 Brutus,
2173 3231 2257 3256 cuni
2281 3220 2426 3257 Arunte

1378 3270 1528 3319 Superbi
1559 3269 1636 3306 filio
1668 3270 1820 3317 equestri
1845 3267 1965 3317 pugna
1992 3267 2200 3318 congressus
2224 3297 2233 3311 ‚
2259 3271 2425 3308 invicem

1375 3322 1481 3361 hastis
1500 3319 1661 3360 transfixi
1678 3320 1770 3359 sunt.
1800 3319 2022 3369 Subrogatus
2044 3321 2082 3359 in
2104 3320 2344 3360 Consulatum
2349 3321 2428 3410 Sp.

2388 3382 2430 3410 u-
