2495 3675
483 151 1124 212 TntsTtuM
1196 120 1391 208 Lm.
1465 150 1560 209 iv.
1647 151 1910 211 Emit.

383 249 618 325 Quaque
645 253 741 310 ibis
767 256 1005 311 manibus
1031 252 1491 337 circumplaudere
1519 265 1767 313 tuorum;

458 323 712 399 Undique
729 328 924 398 jaetato
948 328 1084 383 flore
1114 339 1330 398 tegente
1355 343 1510 410 ναις...

383 394 662 469 Tempora
689 400 936 455 Phoebea
962 401 1112 454 lauro
1128 401 1417 468 ,cingetur3
1459 398 1652 471 loque,

459 468 648 535 Miles,
689 471 787 535 Io,
810 475 997 542 magna
1023 489 1186 534 voce,
1223 471 1557 544 Triumphe,
1594 482 1765 525 canet.

376 540 488 613 Ipse
514 542 644 598 sono
671 543 955 615 plausuque
979 543 1124 597 fimul
1153 544 1479 616 fremituque
1503 557 1793 599 canentum

455 613 815 686 Quadrijugos
841 632 1027 668 cernes
1053 615 1205 685 saepe
1231 615 1463 669 resistere
1492 632 1673 687 equos,

239 700 304 753 55
378 685 509 740 Inde
537 700 684 757 petes
721 703 929 749 arcem,
965 686 1181 741 delubra
1206 686 1434 741 faventia
1463 690 1616 768 yotiS.

451 756 523 811 Et
551 757 762 813 dabitur
787 759 982 814 merito
1008 760 1179 814 laurea
1203 771 1328 812 vota
1353 758 1493 829 Jovl.
1678 833 1686 841 ⁸

382 827 541 884 Haec
566 847 669 902 ego
693 830 994 895 submotuS,
1030 833 1134 904 qua
1159 830 1393 900 possum,
1430 844 1611 887 mente
1639 833 1861 888 videbo:

453 902 640 973 Erepti
671 902 817 957 nobis
837 902 919 973 jus
944 903 1101 958 habet
1127 903 1208 957 illa
1237 904 1356 958 loci.

376 973 464 1028 Illa
490 991 588 1045 per
611 975 888 1029 immensas
915 975 1163 1048 spatiatur
1187 976 1346 1029 libera
1371 989 1560 1032 terras:

451 1045 508 1101 In
535 1046 746 1103 coelum
774 1048 932 1103 celeri
958 1048 1200 1121 pervenit
1228 1047 1310 1102 illa
1338 1048 1477 1120 fuga.

2127 153 2226 218 617

242 338 310 392 50

237 1047 306 1099 60

2135 1179 2224 1235 iiia
2271 1157 2276 1163 ’

1236 1325 1294 1361 ςς.
1314 1310 1456 1370 peten]
1495 1316 1613 1350 Petent
1636 1311 1773 1357 Servii,
1800 1312 1906 1353 Bern.
1927 1314 1964 1352 &
1987 1323 2070 1356 tres.
2099 1326 2228 1367 petunt

1186 1363 1460 1461 tregghzaurea
1478 1424 1562 1451 vota
1574 1413 1696 1464 Jovi]
1729 1415 1823 1452 Vitta
1835 1423 1987 1464 uterque
2000 1418 2104 1456 Polit.
2117 1419 2226 1467 prim.

1184 1464 1257 1502 Pal.
1280 1464 1460 1512 multique
1481 1465 1555 1502 alii.
1588 1465 1686 1502 Vide
1704 1466 1819 1503 Notas
1840 1465 1885 1503 ad
1904 1465 1964 1503 lib.
1984 1479 2028 1506 11.
2057 1469 2143 1506 Fast.
2167 1470 2222 1511 >51ss

93 1304 155 1344 Ad
172 1305 272 1344 hunc
292 1313 415 1345 autem
435 1319 579 1347 morem
603 1310 718 1351 allufit
748 1316 860 1362 poeta
880 1312 999 1352 noster
1018 1312 1078 1352 lib.
1101 1324 1131 1351 1.

91 1356 344 1405 Metamorph.
362 1359 416 1397 his
438 1359 552 1397 verbis
572 1360 618 1400 de
636 1363 760 1401 lauro:

141 1422 195 1455 Tu
215 1418 357 1455 ducibus
376 1419 475 1459 laetis
496 1422 608 1460 aderis
621 1452 632 1470 ‚
661 1438 738 1463 cum
751 1425 844 1464 laeta
863 1426 1080 1478 triumphum

141 1473 215 1505 Vox
236 1479 349 1506 canet.

89 1531 217 1579 Quare
236 1532 355 1571 laurus
377 1534 414 1572 in
435 1537 623 1585 triumpho
653 1537 904 1586 adhiberetur,
931 1541 1131 1580 audiendus

91 1581 141 1619 est
160 1581 282 1620 Festus
293 1583 504 1635 Pompejus.
532 1590 718 1633 Laureati,
747 1590 887 1639 inquit,
915 1592 1042 1629 milites
1049 1593 1130 1639 [ub-

80 1631 315 1682 sequebantur
343 1647 483 1674 currum
509 1636 784 1685 triumphantis,
812 1651 852 1677 ut
873 1641 971 1691 quasi
985 1643 1126 1691 purgati

92 1680 117 1718 a
136 1683 233 1720 caede
261 1682 419 1722 humana
449 1687 624 1725 intrarem
655 1688 786 1728 urbem.
840 1698 960 1740 Itaque
984 1694 1129 1730 eandem

93 1730 235 1771 laurum
257 1734 412 1772 omnibus
432 1736 662 1785 suffitionibus
689 1740 848 1778 adhiberi
866 1742 1009 1790 solitum
1028 1755 1102 1781 erat
1115 1759 1126 1787 ;

90 1782 149 1818 vel
164 1783 256 1833 quod
272 1785 515 1824 medicamento
526 1786 702 1836 ficciffima
715 1789 775 1838 fit.
803 1792 1056 1831 Consulendus
1080 1795 1129 1832 est

89 1832 130 1870 ὃ(
150 1834 282 1872 Plinius
302 1835 362 1873 lib.
394 1848 454 1874 xv.
485 1849 562 1885 cap.
595 1840 751 1885 ultimo,
783 1842 841 1880 ubi
870 1843 986 1887 hanc,
1014 1855 1125 1892 quam

87 1882 148 1920 ille
168 1884 306 1929 adfert,
333 1887 577 1935 opinionem,
606 1890 709 1939 quod
736 1892 773 1929 in
800 1892 1040 1932 suffitionibus
1065 1896 1128 1934 ad-

88 1933 295 1978 hiberetur,
324 1935 536 1986 improbat;
566 1950 724 1990 eamque
750 1943 925 1981 Maffurio
950 1945 1127 1984 adscribit.

89 1983 258 2023 C10FAN.
289 1986 411 2036 Lege,
439 1988 614 2037 cingetur,
643 1992 679 2029 ὅ(
699 1993 793 2030 refer
817 1994 861 2031 ad
884 1994 1127 2034 militeinlau-

89 2043 243 2073 reatum.
271 2037 414 2075 Poterat
427 2038 588 2088 alioquin
609 2041 749 2090 cingeris
767 2042 908 2082 dixiffe.
932 2045 1126 2083 hanccon-

84 2084 268 2133 jeeturam
299 2088 491 2127 confirmat
529 2091 798 2131 Arondelianus
829 2095 918 2132 liber
939 2123 949 2138 ,
987 2108 1126 2143 quem,

90 2134 179 2173 dum
202 2137 293 2175 haec
313 2138 469 2178 eduntur
483 2167 493 2185 ,
512 2141 605 2180 serus
624 2154 722 2181 nunc
742 2144 904 2183 consulo.
933 2146 1076 2184 Htms.

142 2207 201 2244 53.
229 2199 449 2250 Fremituque
464 2202 618 2239 canentis
649 2204 881 2253 Quadrijuges
913 2220 1021 2244 cernes
1032 2210 1130 2256 saepe

90 2245 227 2294 refistere
249 2250 387 2298 equos.]
417 2251 500 2288 Lib.
522 2252 606 2289 Vat.
629 2255 665 2292 &
684 2255 832 2304 quidam
855 2257 1010 2305 impressi
1025 2286 1033 2300 ,
1054 2261 1127 2305 sre-

91 2298 245 2347 mituque
269 2299 413 2337 calentes
431 2302 678 2353 Qadrijugos.
709 2305 839 2343 Maffei
866 2319 978 2351 vero,
999 2309 1127 2354 fremi-

91 2356 196 2397 tuque
213 2359 398 2387 canentum
418 2353 647 2402 {andrijuges
663 2368 785 2394 cernes.
814 2357 961 2396 Re&ius
974 2385 984 2402 ,
1012 2368 1130 2408 utpu—

90 2403 143 2435 to.
171 2397 339 2438 Cionn.
377 2402 495 2450 Magis
523 2405 642 2451 placet
661 2433 672 2449 ,
709 2406 812 2455 quod
843 2409 881 2445 in
913 2409 989 2446 aliis
1006 2418 1128 2455 extat,

92 2448 159 2496 Ipse
170 2449 253 2505 sono
273 2478 284 2494 ‚
316 2451 504 2500 plausuque
524 2453 634 2500 fimul
652 2483 662 2499 ,
682 2458 898 2508 fremituque
917 2470 1101 2497 canentum
1115 2488 1126 2505 ,

91 2498 327 2548 Quadrtjugos
345 2513 454 2538 cernes
469 2504 567 2551 saepe
588 2503 726 2552 resistere
745 2521 854 2556 equos.
889 2510 935 2546 Et
955 2511 1004 2547 ita
1027 2511 1125 2548 Pala-

88 2548 197 2585 tinus.
230 2550 277 2586 D.
295 2551 439 2589 Hsms.
464 2559 664 2591 canentum
685 2558 790 2604 prim.
811 2558 917 2596 Polit.
937 2562 1040 2608 prim.
1054 2562 1126 2598 Va-

89 2598 152 2635 tic.
181 2600 286 2645 prim.
318 2601 387 2638 Pal.
420 2603 456 2639 ὃ(
494 2603 552 2640 sex
580 2604 650 2642 alii.
678 2608 786 2644 reete.
822 2609 897 2646 duo
919 2638 929 2655 ,
959 2622 1126 2651 canentes.

89 2647 317 2688 Combianus
335 2662 412 2688 non
433 2653 551 2697 male,
574 2664 750 2704 paventes.
780 2659 924 2698 HEiNS.

91 2712 197 2786 lif*
226 2699 375 2747 Resistere
407 2704 549 2752 equ05.]
607 2706 784 2756 Propertii
815 2711 1025 2751 aemulatiO.
1062 2715 1125 2763 qui

105 2761 114 2786 1
142 2777 149 2786 .
171 2762 234 2788 111.
260 2764 319 2789 111.
342 2763 395 2798 14.

138 2801 221 2848 §Qua
242 2802 384 2839 videam
397 2830 407 2847 ,
424 2803 538 2851 spoliis
555 2818 692 2843 onerato
704 2809 858 2859 Caesaris
870 2826 949 2858 axe,

188 2853 254 2888 Ad
273 2854 369 2901 vulgi
382 2853 522 2903 plausus
532 2858 630 2905 saepe
649 2857 788 2906 refistere
807 2874 916 2910 equos.

88 2924 182 2962 quae
212 2916 313 2955 elifio
340 2919 377 2955 in
413 2918 487 2956 fine
522 2921 638 2959 versus
670 2924 782 2972 ipsam
806 2938 882 2964 rem
919 2928 967 2966 ob
995 2928 1123 2967 oculos

87 2966 308 3015 praepingit,
335 2968 548 3008 observante
561 2976 708 3022 egregio
732 2975 971 3017 Broultliufio.
1021 2982 1120 3028 {Qa-

88 3013 234 3064 drijuges
264 3019 310 3055 est
332 3021 368 3056 in
400 3021 541 3068 Gryph.
561 3023 658 3061 Edit.
677 3026 714 3061 &
736 3027 811 3065 aliis
835 3029 872 3066 ὅ(
893 3032 1057 3079 quinque
1080 3031 1121 3068 li-

88 3063 156 3103 bris
175 3068 211 3104 &
233 3067 415 3107 Beruenss.
440 3070 572 3110 Buam.

135 3128 192 3164 ςς.
223 3118 306 3155 Inde
320 3128 408 3167 petes
433 3134 545 3159 arcem
574 3134 617 3162 (9³
638 3123 822 3176 delubra.]
881 3129 994 3168 Tolle
1016 3133 1057 3168 'rb
1079 3144 1120 3172 ω’

81 3174 164 3220 qum
185 3166 320 3215 septem
352 3170 516 3220 scriptis;
554 3175 739 3213 familiaris
770 3179 903 3218 Nostro
930 3183 1120 3231 appositio.

82 3216 132 3253 sic
151 3216 242 3254 infra
261 3219 362 3268 Eleg.
382 3233 437 3259 ιν.
463 3235 509 3260 ex
530 3226 685 3274 antiquis
704 3226 799 3266 libris
812 3257 822 3274 ,

131 3272 226 3315 Haec
241 3268 347 3317 regio,
381 3273 500 3322 magni
511 3277 702 3324 penetralia
724 3280 862 3321 mundi.
914 3282 1058 3335 Heius.

1186 1525 1245 1562 30.
1274 1516 1379 1563 prim.
1398 1515 1521 1553 Vatic.
1541 1515 1660 1553 laurea
1675 1516 1810 1565 juncia.
1837 1516 2221 1564 Junianus&Putean.

1183 1565 1303 1602 laurea
1314 1567 1423 1614 serta.
1452 1565 1564 1605 Trist.
1584 1579 1631 1604 11.

1233 1633 1340 1664 Ponet
1362 1637 1405 1667 θ’
1423 1627 1460 1664 in
1481 1626 1595 1664 nitida
1616 1627 1736 1666 laurea
1748 1629 1843 1678 serta
1864 1631 1973 1670 comd.

1181 1693 1288 1731 Pont.
1311 1705 1371 1730 iii.
1394 1692 1495 1741 Eleg.
1519 1705 1572 1731 iv.

1233 1754 1333 1802 Qud
1354 1755 1484 1791 mirum
1498 1782 1506 1796 ‚
1526 1754 1630 1802 sertis
1650 1754 1811 1801 exhausto
1824 1755 1966 1805 floribus
1987 1759 2082 1797 horto
2096 1788 2107 1805 ,

1284 1805 1319 1840 Si
1337 1804 1420 1840 duce
1439 1817 1505 1841 non
1518 1806 1620 1851 faeta
1641 1805 1684 1852 est
1707 1806 1812 1854 digna
1833 1820 1952 1845 corona
1970 1813 2058 1855 suo?

1182 1862 1236 1901 Ita
1256 1875 1360 1906 vetus
1383 1868 1512 1907 codex.
1544 1870 1714 1908 Lucanus
1735 1870 1795 1908 lib.
1815 1885 1850 1909 x.

1235 1927 1423 1975 Accipiunt
1440 1929 1550 1976 sertas
1573 1931 1682 1966 nardo
1697 1929 1842 1979 florente
1860 1946 2011 1971 coronas.

1182 1975 1388 2023 Propertius
1407 1979 1466 2017 lib.
1489 1993 1534 2017 11.
1561 1980 1664 2029 Eleg.
1684 1994 1821 2020 xxxxix.
1967 2016 1970 2020 ,

1233 2031 1324 2062 Cum
1345 2039 1407 2064 tua
1422 2031 1648 2078 praependent
1667 2032 1822 2081 demissae
1844 2033 1881 2070 in
1896 2035 2016 2084 pocula
2028 2035 2153 2083 sertae.

1183 2087 1338 2115 coronas
1355 2079 1591 2128 subintellige.
1619 2083 1665 2118 ita
1686 2083 1784 2119 enim
1811 2084 1964 2123 Carisius
1983 2087 2080 2134 legit.
2107 2089 2222 2126 &ve-

1183 2126 1292 2164 tustus
1313 2129 1430 2166 codex
1445 2157 1454 2173 ,
1483 2142 1558 2178 quo
1584 2132 1742 2180 Neapoli
1762 2133 1838 2178 sum
1863 2135 1949 2173 usus.
1977 2149 2052 2174 non
2074 2148 2136 2173 tua
2150 2139 2222 2185 ser-

1184 2186 1234 2214 ta.
1277 2180 1313 2215 in
1344 2180 1522 2218 cataleftis
1548 2181 1693 2220 Pithoei
1731 2193 1833 2222 vetus
1864 2190 1975 2234 poeta
2011 2187 2057 2225 de
2086 2189 2219 2226 menii-

1185 2227 1268 2265 bus:

1235 2283 1316 2316 Ecce
1338 2280 1500 2318 coloratos
1520 2282 1662 2330 ostentat
1683 2284 1808 2330 Julius
1829 2297 1928 2324 artus
1943 2315 1953 2332 ,

1286 2332 1406 2368 Crines
1424 2332 1478 2368 cui
1498 2333 1618 2371 rutilos
1637 2333 1743 2383 florea
1754 2337 1850 2385 serta
1871 2339 1962 2386 legit.

1182 2379 1374 2418 Cornelius
1393 2382 1546 2421 Severus
1565 2398 1574 2420 ε

1237 2437 1309 2467 Huc
1333 2433 1413 2469 ades
1434 2435 1551 2470 Aonia
1574 2435 1700 2471 crinem
1718 2435 1935 2475 circumdata
1949 2440 2068 2485 serta?

1182 2481 1218 2517 in
1250 2484 1360 2519 veteri
1393 2483 1626 2531 inscriptione
1655 2486 1749 2534 apud
1780 2487 1977 2526 Gruterum
2008 2491 2044 2526 in
2081 2502 2217 2541 magno

1182 2543 1293 2578 opere
1316 2544 1394 2580 pag.
1415 2546 1574 2570 mxxxiv.

1232 2582 1324 2626 Jam
1345 2584 1409 2619 tibi
1430 2585 1482 2619 lac
1502 2585 1639 2633 Cybeles
1657 2585 1724 2632 fint
1746 2597 1788 2626 ey
1810 2589 1884 2636 rosa
1901 2601 2003 2635 grata
2030 2591 2179 2638 Diones,

1235 2637 1281 2668 Et
1300 2631 1394 2675 flores
1408 2635 1503 2681 grati
1523 2637 1690 2684 Nymphis
1705 2665 1713 2680 ‚
1742 2648 1784 2676 <9⁴
1805 2636 1880 2673 lilia
1894 2645 2000 2685 serta,

1181 2682 1356 2730 Apulejus
1377 2684 1466 2721 libro
1490 2686 1606 2723 Miles.
1629 2699 1670 2724 11.
1705 2687 1816 2731 Jac‘la
1843 2689 1915 2736 rosa
1927 2694 2047 2739 serta,
2075 2705 2120 2732 ω’
2139 2697 2215 2741 rosa

1172 2733 1289 2781 soluta
1307 2733 1537 2773 intuberante.
1562 2737 1655 2773 libro
1679 2750 1704 2775 1.
1732 2737 1885 2774 Floribus
1905 2767 1915 2782 ,
1943 2740 2070 2787 sertis,
2097 2757 2138 2783 &¹
2162 2746 2218 2790 fo·

1181 2783 1264 2819 lutis
1286 2794 1520 2832 apprecantur.
1553 2787 1634 2824 Lib.
1657 2799 1690 2824 x.
1731 2794 1840 2825 Horae
1860 2789 2008 2828 calathis
2020 2792 2117 2842 floris
2129 2795 2217 2843 serti

1184 2845 1227 2872 ω’
1245 2834 1348 2880 soluti
1370 2841 1481 2871 Deam
1496 2837 1729 2885 propitiantes.
1779 2839 1853 2876 Hic
1874 2849 1997 2879 tamen
2032 2844 2075 2881 ’τὸ
2096 2846 2217 2883 laurea

1182 2894 1364 2930 vota-non
1395 2894 1536 2923 temere
1566 2888 1601 2924 in
1633 2888 1738 2925 aliam
1760 2889 1962 2929 leetionetn
1985 2896 2219 2935 mutandum.

1181 2934 1327 2972 Herm.
1357 2935 1398 2972 In
1423 2935 1712 2975 Francofurtenfi
1726 2948 1822 2984 erat,
1843 2946 1977 2979 Laurea
1989 2953 2125 2988 teucra,
2155 2947 2216 2984 sub

1178 2996 1254 3033 quo
1275 2985 1372 3022 aliud
1404 2986 1491 3034 quid
1514 2988 1622 3025 latere
1657 2989 1822 3037 suspicor.
1849 2991 1888 3030 in
1910 2993 1985 3031 aliis
2005 3006 2102 3039 erat,
2125 2998 2219 3033 mul-

1176 3046 1236 3077 ια,
1251 3046 1344 3071 mota
1358 3063 1368 3079 ,
1395 3037 1668 3086 vitla,junb3a,
1695 3052 1798 3084 nota,
1826 3043 1926 3091 quod
1946 3043 2117 3084 ultimum
2139 3060 2216 3086 non

1177 3085 1313 3122 malum
1337 3085 1523 3126 videbatur
1554 3089 1708 3127 Heinsio
1733 3118 1742 3134 ,
1780 3099 1818 3129 ut
1840 3092 2003 3134 aduletur
2023 3098 2216 3146 Augusto,

1176 3137 1238 3185 qui
1262 3135 1365 3183 saepe
1385 3137 1472 3183 Jovi
1495 3139 1636 3178 laurum
1659 3140 1817 3179 dederat.
1845 3143 1973 3183 ΒυκΜ.

1230 3185 1288 3234 ς8.
1319 3187 1391 3232 Jus
1410 3187 1551 3240 luben]
1581 3190 1718 3228 Melius
1737 3193 1832 3230 forte
1851 3193 2052 3244 legeretur,
2072 3199 2132 3246 jus
2152 3198 2217 3232 da·

1177 3235 1238 3275 bit.
1269 3237 1342 3275 vid.
1366 3249 1399 3274 v,
1423 3238 1510 3277 Fast.
1528 3243 1607 3288 146.
1636 3241 1714 3279 ssus
1726 3256 1765 3280 M.

1225 3290 1288 3338 ρο.
1318 3288 1607 3377 Οῖίςζὶῃρεννεηίι
1627 3291 1693 3332 illa
1711 3293 1815 3345 vicu]
1844 3296 1939 3335 Mox
1959 3296 2135 3346 sequitur,
2164 3294 2220 3330 in-

1353 3386 1366 3389 ,
1383 3350 1438 3392 114
1465 3351 1486 3391 3
2152 3357 2213 3392 m?
