<?xml version="1.0" encoding="UTF-8"?>
<!DOCTYPE html PUBLIC "-//W3C//DTD XHTML 1.0 Transitional//EN"
    "http://www.w3.org/TR/xhtml1/DTD/xhtml1-transitional.dtd">
<html xmlns="http://www.w3.org/1999/xhtml" xml:lang="en" lang="en">
 <head>
  <title>
</title>
<meta http-equiv="Content-Type" content="text/html;charset=utf-8" />
  <meta name='ocr-system' content='tesseract 3.04.00' />
  <meta name='ocr-capabilities' content='ocr_page ocr_carea ocr_par ocr_line ocrx_word'/>
</head>
<body>
  <div class='ocr_page' id='page_1' title='image "./publiiovidiinaso03ovid_0899.png"; bbox 0 0 2495 3675; ppageno 0'>
   <div class='ocr_carea' id='block_1_1' title="bbox 386 172 2097 274">
    <p class='ocr_par' dir='ltr' id='par_1_1' title="bbox 386 172 2097 274">
     <span class='ocr_line' id='line_1_1' title="bbox 386 172 2097 274; baseline -0.004 -8"><span class='ocrx_word' id='word_1_1' title='bbox 386 199 1024 274; x_wconf 44' lang='lat' dir='ltr'><strong>*fEPISToLARUM</strong></span> <span class='ocrx_word' id='word_1_2' title='bbox 1059 196 1168 263; x_wconf 82' lang='lat' dir='ltr'><strong>EX</strong></span> <span class='ocrx_word' id='word_1_3' title='bbox 1205 172 1474 255; x_wconf 77' lang='lat' dir='ltr'><strong>1³6NTo</strong></span> <span class='ocrx_word' id='word_1_4' title='bbox 1511 195 1634 253; x_wconf 72' lang='lat' dir='ltr'><strong>Lm.</strong></span> <span class='ocrx_word' id='word_1_5' title='bbox 1670 196 1767 256; x_wconf 80' lang='lat' dir='ltr'><strong>tv.</strong></span> <span class='ocrx_word' id='word_1_6' title='bbox 1806 197 1986 258; x_wconf 54' lang='lat' dir='ltr'><strong>Ense.</strong></span> <span class='ocrx_word' id='word_1_7' title='bbox 2024 202 2097 260; x_wconf 85' lang='lat' dir='ltr'><strong>X.</strong></span> 
     </span>
    </p>
   </div>
   <div class='ocr_carea' id='block_1_2' title="bbox 2215 203 2316 282">
    <p class='ocr_par' dir='ltr' id='par_1_2' title="bbox 2215 203 2316 282">
     <span class='ocr_line' id='line_1_2' title="bbox 2215 203 2316 282; baseline -0.059 1"><span class='ocrx_word' id='word_1_8' title='bbox 2215 203 2316 282; x_wconf 78' lang='lat'><strong>379</strong></span> 
     </span>
    </p>
   </div>
   <div class='ocr_carea' id='block_1_3' title="bbox 459 286 1845 510">
    <p class='ocr_par' dir='ltr' id='par_1_3' title="bbox 459 286 1845 510">
     <span class='ocr_line' id='line_1_3' title="bbox 459 286 1828 358; baseline -0.009 1"><span class='ocrx_word' id='word_1_9' title='bbox 459 301 641 358; x_wconf 85' lang='lat' dir='ltr'><strong>Crede</strong></span> <span class='ocrx_word' id='word_1_10' title='bbox 665 315 874 356; x_wconf 85' lang='lat' dir='ltr'><strong>tamen:</strong></span> <span class='ocrx_word' id='word_1_11' title='bbox 918 313 1020 353; x_wconf 89' lang='lat' dir='ltr'><strong>nec</strong></span> <span class='ocrx_word' id='word_1_12' title='bbox 1047 305 1101 347; x_wconf 91' lang='lat' dir='ltr'><strong>te</strong></span> <span class='ocrx_word' id='word_1_13' title='bbox 1127 290 1319 346; x_wconf 83' lang='lat' dir='ltr'><strong>cauffas</strong></span> <span class='ocrx_word' id='word_1_14' title='bbox 1347 287 1547 344; x_wconf 88' lang='lat' dir='ltr'><strong>nescire</strong></span> <span class='ocrx_word' id='word_1_15' title='bbox 1574 286 1828 356; x_wconf 79' lang='lat' dir='ltr'><strong>finemuS,</strong></span> 
     </span>
     <span class='ocr_line' id='line_1_4' title="bbox 538 359 1845 431; baseline -0.01 1"><span class='ocrx_word' id='word_1_16' title='bbox 538 374 781 431; x_wconf 83' lang='lat' dir='ltr'>Horrida</span> <span class='ocrx_word' id='word_1_17' title='bbox 807 368 1154 427; x_wconf 89' lang='lat' dir='ltr'><strong>Sarmaticum</strong></span> <span class='ocrx_word' id='word_1_18' title='bbox 1179 382 1274 418; x_wconf 90' lang='lat' dir='ltr'><strong>cur</strong></span> <span class='ocrx_word' id='word_1_19' title='bbox 1302 379 1448 416; x_wconf 90' lang='lat' dir='ltr'><strong>mare</strong></span> <span class='ocrx_word' id='word_1_20' title='bbox 1476 359 1633 414; x_wconf 89' lang='lat' dir='ltr'><strong>duret</strong></span> <span class='ocrx_word' id='word_1_21' title='bbox 1660 361 1845 419; x_wconf 82' lang='lat' dir='ltr'><strong>hiems,</strong></span> 
     </span>
     <span class='ocr_line' id='line_1_5' title="bbox 461 432 1843 510; baseline -0.013 -4"><span class='ocrx_word' id='word_1_22' title='bbox 461 450 713 505; x_wconf 81' lang='lat' dir='ltr'><strong>Proxima</strong></span> <span class='ocrx_word' id='word_1_23' title='bbox 740 447 856 501; x_wconf 91' lang='lat' dir='ltr'><strong>sunt</strong></span> <span class='ocrx_word' id='word_1_24' title='bbox 882 442 1035 498; x_wconf 87' lang='lat' dir='ltr'><strong>nobis</strong></span> <span class='ocrx_word' id='word_1_25' title='bbox 1063 436 1274 510; x_wconf 88' lang='lat' dir='ltr'><strong>plaustri</strong></span> <span class='ocrx_word' id='word_1_26' title='bbox 1303 433 1555 488; x_wconf 83' lang='lat' dir='ltr'>ducentia</span> <span class='ocrx_word' id='word_1_27' title='bbox 1585 432 1843 497; x_wconf 88' lang='lat' dir='ltr'><strong>formam,</strong></span> 
     </span>
    </p>
   </div>
   <div class='ocr_carea' id='block_1_4' title="bbox 316 542 386 595">
    <p class='ocr_par' dir='ltr' id='par_1_4' title="bbox 316 542 386 595">
     <span class='ocr_line' id='line_1_6' title="bbox 316 542 386 595; baseline 0 -18"><span class='ocrx_word' id='word_1_28' title='bbox 316 542 386 595; x_wconf 89' lang='lat'><strong>40</strong></span> 
     </span>
    </p>
   </div>
   <div class='ocr_carea' id='block_1_5' title="bbox 461 505 1961 653">
    <p class='ocr_par' dir='ltr' id='par_1_5' title="bbox 461 505 1961 653">
     <span class='ocr_line' id='line_1_7' title="bbox 532 505 1792 593; baseline -0.013 -16"><span class='ocrx_word' id='word_1_29' title='bbox 532 523 604 578; x_wconf 81' lang='lat' dir='ltr'><strong>Et</strong></span> <span class='ocrx_word' id='word_1_30' title='bbox 630 537 766 593; x_wconf 88' lang='lat' dir='ltr'><strong>quae</strong></span> <span class='ocrx_word' id='word_1_31' title='bbox 790 516 1133 590; x_wconf 89' lang='lat' dir='ltr'><strong>praecipuum</strong></span> <span class='ocrx_word' id='word_1_32' title='bbox 1159 507 1325 563; x_wconf 78' lang='lat' dir='ltr'><strong>sidera</strong></span> <span class='ocrx_word' id='word_1_33' title='bbox 1352 506 1517 576; x_wconf 84' lang='lat' dir='ltr'><strong>frigus</strong></span> <span class='ocrx_word' id='word_1_34' title='bbox 1540 505 1752 587; x_wconf 77' lang='lat' dir='ltr'><strong>habent.</strong></span> <span class='ocrx_word' id='word_1_35' title='bbox 1782 579 1792 589; x_wconf 30' lang='lat'><strong>⁶</strong></span> 
     </span>
     <span class='ocr_line' id='line_1_8' title="bbox 461 577 1961 653; baseline -0.011 -2"><span class='ocrx_word' id='word_1_36' title='bbox 461 596 612 652; x_wconf 89' lang='lat' dir='ltr'><strong>Hinc</strong></span> <span class='ocrx_word' id='word_1_37' title='bbox 638 597 807 647; x_wconf 89' lang='lat' dir='ltr'><strong>oritur</strong></span> <span class='ocrx_word' id='word_1_38' title='bbox 838 589 1062 648; x_wconf 86' lang='lat' dir='ltr'><strong>Boreas,</strong></span> <span class='ocrx_word' id='word_1_39' title='bbox 1100 597 1333 653; x_wconf 87' lang='lat' dir='ltr'><strong>oraeque</strong></span> <span class='ocrx_word' id='word_1_40' title='bbox 1361 577 1682 633; x_wconf 80' lang='lat' dir='ltr'><strong>domesticus</strong></span> <span class='ocrx_word' id='word_1_41' title='bbox 1705 579 1829 635; x_wconf 83' lang='lat' dir='ltr'><strong>huic</strong></span> <span class='ocrx_word' id='word_1_42' title='bbox 1857 581 1961 642; x_wconf 84' lang='lat' dir='ltr'><strong>est3</strong></span> 
     </span>
    </p>
   </div>
   <div class='ocr_carea' id='block_1_6' title="bbox 310 653 2292 1162">
    <p class='ocr_par' dir='ltr' id='par_1_6' title="bbox 310 653 2292 1162">
     <span class='ocr_line' id='line_1_9' title="bbox 531 653 1446 729; baseline -0.02 -7"><span class='ocrx_word' id='word_1_43' title='bbox 531 668 604 722; x_wconf 89' lang='lat' dir='ltr'><strong>Et</strong></span> <span class='ocrx_word' id='word_1_44' title='bbox 631 664 785 720; x_wconf 89' lang='lat' dir='ltr'><strong>sumit</strong></span> <span class='ocrx_word' id='word_1_45' title='bbox 814 662 950 716; x_wconf 89' lang='lat' dir='ltr'><strong>vires</strong></span> <span class='ocrx_word' id='word_1_46' title='bbox 976 662 1002 713; x_wconf 71' lang='lat' dir='ltr'><strong>a</strong></span> <span class='ocrx_word' id='word_1_47' title='bbox 1029 654 1280 729; x_wconf 89' lang='lat' dir='ltr'><strong>propiore</strong></span> <span class='ocrx_word' id='word_1_48' title='bbox 1307 653 1446 706; x_wconf 90' lang='lat' dir='ltr'><strong>loco.</strong></span> 
     </span>
     <span class='ocr_line' id='line_1_10' title="bbox 454 722 1827 800; baseline -0.014 -3"><span class='ocrx_word' id='word_1_49' title='bbox 454 743 533 799; x_wconf 85' lang='lat' dir='ltr'><strong>At</strong></span> <span class='ocrx_word' id='word_1_50' title='bbox 555 741 758 798; x_wconf 91' lang='lat' dir='ltr'><strong>Notus,</strong></span> <span class='ocrx_word' id='word_1_51' title='bbox 796 731 1017 789; x_wconf 87' lang='lat' dir='ltr'><strong>adverso</strong></span> <span class='ocrx_word' id='word_1_52' title='bbox 1043 727 1286 800; x_wconf 91' lang='lat' dir='ltr'><strong>tepidum</strong></span> <span class='ocrx_word' id='word_1_53' title='bbox 1313 725 1405 796; x_wconf 91' lang='lat' dir='ltr'><strong>qui</strong></span> <span class='ocrx_word' id='word_1_54' title='bbox 1424 724 1581 796; x_wconf 87' lang='lat' dir='ltr'>spirat</span> <span class='ocrx_word' id='word_1_55' title='bbox 1608 722 1671 777; x_wconf 91' lang='lat' dir='ltr'><strong>ab</strong></span> <span class='ocrx_word' id='word_1_56' title='bbox 1699 742 1827 788; x_wconf 83' lang='lat' dir='ltr'><strong>axe,</strong></span> 
     </span>
     <span class='ocr_line' id='line_1_11' title="bbox 524 797 1761 882; baseline -0.015 -15"><span class='ocrx_word' id='word_1_57' title='bbox 524 811 617 867; x_wconf 82' lang='lat' dir='ltr'><strong>Est</strong></span> <span class='ocrx_word' id='word_1_58' title='bbox 642 811 862 882; x_wconf 81' lang='lat' dir='ltr'><strong>procu13</strong></span> <span class='ocrx_word' id='word_1_59' title='bbox 905 806 959 858; x_wconf 75' lang='grc' dir='ltr'><strong>δε</strong></span> <span class='ocrx_word' id='word_1_60' title='bbox 985 818 1130 858; x_wconf 87' lang='lat' dir='ltr'><strong>rarus</strong></span> <span class='ocrx_word' id='word_1_61' title='bbox 1161 797 1570 869; x_wconf 83' lang='lat' dir='ltr'>languidiorque</span> <span class='ocrx_word' id='word_1_62' title='bbox 1600 797 1761 850; x_wconf 85' lang='lat' dir='ltr'><strong>venit.</strong></span> 
     </span>
     <span class='ocr_line' id='line_1_12' title="bbox 310 869 1906 958; baseline -0.013 -16"><span class='ocrx_word' id='word_1_63' title='bbox 310 906 376 958; x_wconf 83' lang='lat'><strong>45</strong></span> <span class='ocrx_word' id='word_1_64' title='bbox 453 885 619 940; x_wconf 87' lang='lat' dir='ltr'><strong>Adde</strong></span> <span class='ocrx_word' id='word_1_65' title='bbox 646 881 794 954; x_wconf 91' lang='lat' dir='ltr'><strong>quod</strong></span> <span class='ocrx_word' id='word_1_66' title='bbox 820 881 908 932; x_wconf 76' lang='lat' dir='ltr'><strong>hic</strong></span> <span class='ocrx_word' id='word_1_67' title='bbox 933 876 1106 930; x_wconf 88' lang='lat' dir='ltr'><strong>clauso</strong></span> <span class='ocrx_word' id='word_1_68' title='bbox 1131 872 1417 926; x_wconf 87' lang='lat' dir='ltr'><strong>miscentur</strong></span> <span class='ocrx_word' id='word_1_69' title='bbox 1448 869 1666 924; x_wconf 88' lang='lat' dir='ltr'><strong>flumina</strong></span> <span class='ocrx_word' id='word_1_70' title='bbox 1698 869 1876 923; x_wconf 89' lang='lat' dir='ltr'><strong>Ponto</strong></span> <span class='ocrx_word' id='word_1_71' title='bbox 1894 913 1906 931; x_wconf 94' lang='lat'><strong><em>‚</em></strong></span> 
     </span>
     <span class='ocr_line' id='line_1_13' title="bbox 522 941 2036 1025; baseline -0.012 -14"><span class='ocrx_word' id='word_1_72' title='bbox 522 956 762 1025; x_wconf 88' lang='lat' dir='ltr'><strong>Vimque</strong></span> <span class='ocrx_word' id='word_1_73' title='bbox 786 950 984 1004; x_wconf 87' lang='lat' dir='ltr'><strong>fretum</strong></span> <span class='ocrx_word' id='word_1_74' title='bbox 1009 947 1179 1001; x_wconf 88' lang='lat' dir='ltr'><strong>multo</strong></span> <span class='ocrx_word' id='word_1_75' title='bbox 1205 943 1385 1015; x_wconf 88' lang='lat' dir='ltr'><strong>perdit</strong></span> <span class='ocrx_word' id='word_1_76' title='bbox 1412 943 1475 995; x_wconf 90' lang='lat' dir='ltr'><strong>ab</strong></span> <span class='ocrx_word' id='word_1_77' title='bbox 1502 959 1656 997; x_wconf 89' lang='lat' dir='ltr'><strong>amne</strong></span> <span class='ocrx_word' id='word_1_78' title='bbox 1685 941 1842 996; x_wconf 85' lang='lat' dir='ltr'><strong>suam.</strong></span> <span class='ocrx_word' id='word_1_79' title='bbox 2033 977 2036 979; x_wconf 14' lang='grc' dir='ltr'><strong>Α</strong></span> 
     </span>
     <span class='ocr_line' id='line_1_14' title="bbox 451 1013 2292 1096; baseline -0.008 -14"><span class='ocrx_word' id='word_1_80' title='bbox 451 1028 582 1084; x_wconf 84' lang='lat' dir='ltr'><strong>Huc</strong></span> <span class='ocrx_word' id='word_1_81' title='bbox 599 1023 924 1096; x_wconf 85' lang='lat' dir='ltr'><strong>Lycus‚huc</strong></span> <span class='ocrx_word' id='word_1_82' title='bbox 952 1021 1185 1092; x_wconf 85' lang='lat' dir='ltr'><strong>Sagaris,</strong></span> <span class='ocrx_word' id='word_1_83' title='bbox 1230 1016 1558 1087; x_wconf 86' lang='lat' dir='ltr'><strong>Peniusque,</strong></span> <span class='ocrx_word' id='word_1_84' title='bbox 1598 1013 2292 1089; x_wconf 81' lang='lat' dir='ltr'><strong>Hypanisque,Cratesque</strong></span> 
     </span>
     <span class='ocr_line' id='line_1_15' title="bbox 524 1085 1695 1162; baseline -0.013 -8"><span class='ocrx_word' id='word_1_85' title='bbox 524 1097 734 1162; x_wconf 87' lang='lat' dir='ltr'><strong>Influit,</strong></span> <span class='ocrx_word' id='word_1_86' title='bbox 775 1099 827 1150; x_wconf 70' lang='grc' dir='ltr'><strong>ὅε</strong></span> <span class='ocrx_word' id='word_1_87' title='bbox 854 1094 1046 1149; x_wconf 91' lang='lat' dir='ltr'><strong>crebro</strong></span> <span class='ocrx_word' id='word_1_88' title='bbox 1069 1092 1274 1149; x_wconf 85' lang='lat' dir='ltr'><strong>vortice</strong></span> <span class='ocrx_word' id='word_1_89' title='bbox 1300 1100 1471 1142; x_wconf 90' lang='lat' dir='ltr'><strong>tortus</strong></span> <span class='ocrx_word' id='word_1_90' title='bbox 1497 1085 1695 1158; x_wconf 82' lang='lat' dir='ltr'>Halys:</span> 
     </span>
    </p>
   </div>
   <div class='ocr_carea' id='block_1_7' title="bbox 155 1355 1189 1460">
    <p class='ocr_par' dir='ltr' id='par_1_7' title="bbox 155 1355 1189 1460">
     <span class='ocr_line' id='line_1_16' title="bbox 155 1355 1189 1419; baseline -0.014 -11"><span class='ocrx_word' id='word_1_91' title='bbox 155 1369 251 1419; x_wconf 87' lang='lat' dir='ltr'><strong>apud</strong></span> <span class='ocrx_word' id='word_1_92' title='bbox 272 1368 470 1406; x_wconf 89' lang='lat' dir='ltr'><strong>Maronem</strong></span> <span class='ocrx_word' id='word_1_93' title='bbox 501 1366 539 1403; x_wconf 90' lang='lat' dir='ltr'><strong>in</strong></span> <span class='ocrx_word' id='word_1_94' title='bbox 568 1361 755 1402; x_wconf 86' lang='lat' dir='ltr'><strong>nonnullis</strong></span> <span class='ocrx_word' id='word_1_95' title='bbox 787 1359 976 1399; x_wconf 85' lang='lat' dir='ltr'><strong>codicibus</strong></span> <span class='ocrx_word' id='word_1_96' title='bbox 1007 1355 1189 1396; x_wconf 86' lang='lat' dir='ltr'><strong>AEneidos</strong></span> 
     </span>
     <span class='ocr_line' id='line_1_17' title="bbox 159 1433 242 1460; baseline -0.012 0"><span class='ocrx_word' id='word_1_97' title='bbox 159 1433 242 1460; x_wconf 82' lang='lat'>111.</span> 
     </span>
    </p>
   </div>
   <div class='ocr_carea' id='block_1_8' title="bbox 284 1493 432 1503">
    <p class='ocr_par' dir='ltr' id='par_1_8' title="bbox 284 1493 432 1503">
     <span class='ocr_line' id='line_1_18' title="bbox 284 1493 432 1503; baseline 0 2172"><span class='ocrx_word' id='word_1_98' title='bbox 284 1493 432 1503; x_wconf 95' lang='lat' dir='ltr'><strong> </strong></span> 
     </span>
    </p>
   </div>
   <div class='ocr_carea' id='block_1_9' title="bbox 203 1476 1194 1578">
    <p class='ocr_par' dir='ltr' id='par_1_9' title="bbox 203 1476 1194 1578">
     <span class='ocr_line' id='line_1_19' title="bbox 457 1476 787 1530; baseline -0.018 -12"><span class='ocrx_word' id='word_1_99' title='bbox 457 1480 666 1530; x_wconf 80' lang='lat' dir='ltr'><strong>placataque</strong></span> <span class='ocrx_word' id='word_1_100' title='bbox 685 1476 787 1514; x_wconf 83' lang='lat' dir='ltr'><strong>venti</strong></span> 
     </span>
     <span class='ocr_line' id='line_1_20' title="bbox 203 1523 1194 1578; baseline -0.011 -6"><span class='ocrx_word' id='word_1_101' title='bbox 203 1539 308 1572; x_wconf 87' lang='lat' dir='ltr'><strong>Dant</strong></span> <span class='ocrx_word' id='word_1_102' title='bbox 328 1532 443 1570; x_wconf 87' lang='lat' dir='ltr'><strong>maria</strong></span> <span class='ocrx_word' id='word_1_103' title='bbox 464 1559 474 1577; x_wconf 91' lang='lat'>,</span> <span class='ocrx_word' id='word_1_104' title='bbox 501 1541 544 1570; x_wconf 65' lang='grc' dir='ltr'><strong>ω’</strong></span> <span class='ocrx_word' id='word_1_105' title='bbox 571 1529 644 1567; x_wconf 83' lang='lat' dir='ltr'><strong>lene</strong></span> <span class='ocrx_word' id='word_1_106' title='bbox 671 1528 840 1578; x_wconf 78' lang='lat' dir='ltr'><strong>crepitans</strong></span> <span class='ocrx_word' id='word_1_107' title='bbox 870 1534 976 1563; x_wconf 82' lang='lat' dir='ltr'><strong>vocat</strong></span> <span class='ocrx_word' id='word_1_108' title='bbox 1005 1524 1130 1572; x_wconf 84' lang='lat' dir='ltr'><strong>Auster</strong></span> <span class='ocrx_word' id='word_1_109' title='bbox 1156 1523 1194 1561; x_wconf 89' lang='lat' dir='ltr'><strong>in</strong></span> 
     </span>
    </p>
   </div>
   <div class='ocr_carea' id='block_1_10' title="bbox 259 1585 389 1622">
    <p class='ocr_par' dir='ltr' id='par_1_10' title="bbox 259 1585 389 1622">
     <span class='ocr_line' id='line_1_21' title="bbox 259 1585 389 1622; baseline 0 0"><span class='ocrx_word' id='word_1_110' title='bbox 259 1585 389 1622; x_wconf 82' lang='lat' dir='ltr'><strong>altum.</strong></span> 
     </span>
    </p>
   </div>
   <div class='ocr_carea' id='block_1_11' title="bbox 152 1654 1194 1807">
    <p class='ocr_par' dir='ltr' id='par_1_11' title="bbox 152 1654 1194 1807">
     <span class='ocr_line' id='line_1_22' title="bbox 152 1654 1194 1711; baseline -0.01 -9"><span class='ocrx_word' id='word_1_111' title='bbox 152 1662 257 1703; x_wconf 91' lang='lat' dir='ltr'><strong>Nihil</strong></span> <span class='ocrx_word' id='word_1_112' title='bbox 270 1664 383 1711; x_wconf 81' lang='lat' dir='ltr'><strong>magis</strong></span> <span class='ocrx_word' id='word_1_113' title='bbox 404 1662 558 1701; x_wconf 88' lang='lat' dir='ltr'><strong>obvium</strong></span> <span class='ocrx_word' id='word_1_114' title='bbox 578 1660 653 1698; x_wconf 89' lang='lat' dir='ltr'><strong>hoc</strong></span> <span class='ocrx_word' id='word_1_115' title='bbox 669 1657 853 1707; x_wconf 88' lang='lat' dir='ltr'><strong>loquendi·</strong></span> <span class='ocrx_word' id='word_1_116' title='bbox 869 1655 987 1694; x_wconf 86' lang='lat' dir='ltr'><strong>modo</strong></span> <span class='ocrx_word' id='word_1_117' title='bbox 1006 1655 1101 1700; x_wconf 84' lang='lat' dir='ltr'><strong>apud</strong></span> <span class='ocrx_word' id='word_1_118' title='bbox 1112 1654 1194 1693; x_wconf 88' lang='lat' dir='ltr'><strong>scri·</strong></span> 
     </span>
     <span class='ocr_line' id='line_1_23' title="bbox 153 1707 1194 1763; baseline -0.011 -10"><span class='ocrx_word' id='word_1_119' title='bbox 153 1724 286 1763; x_wconf 89' lang='lat' dir='ltr'><strong>ptores.</strong></span> <span class='ocrx_word' id='word_1_120' title='bbox 314 1714 428 1752; x_wconf 89' lang='lat' dir='ltr'><strong>Multi</strong></span> <span class='ocrx_word' id='word_1_121' title='bbox 452 1712 680 1762; x_wconf 87' lang='lat' dir='ltr'><strong>potiffimum</strong></span> <span class='ocrx_word' id='word_1_122' title='bbox 702 1710 738 1747; x_wconf 90' lang='lat' dir='ltr'><strong>in</strong></span> <span class='ocrx_word' id='word_1_123' title='bbox 762 1720 809 1745; x_wconf 93' lang='lat' dir='ltr'><strong>eo</strong></span> <span class='ocrx_word' id='word_1_124' title='bbox 832 1707 1017 1745; x_wconf 89' lang='lat' dir='ltr'><strong>Ausonius</strong></span> <span class='ocrx_word' id='word_1_125' title='bbox 1032 1707 1069 1743; x_wconf 88' lang='lat'>&amp;</span> <span class='ocrx_word' id='word_1_126' title='bbox 1084 1707 1194 1744; x_wconf 89' lang='lat' dir='ltr'><strong>Clau-</strong></span> 
     </span>
     <span class='ocr_line' id='line_1_24' title="bbox 155 1757 1193 1807; baseline -0.01 -4"><span class='ocrx_word' id='word_1_127' title='bbox 155 1765 294 1803; x_wconf 84' lang='lat' dir='ltr'><strong>dianus.</strong></span> <span class='ocrx_word' id='word_1_128' title='bbox 313 1765 482 1804; x_wconf 83' lang='lat' dir='ltr'><strong>Paulinus</strong></span> <span class='ocrx_word' id='word_1_129' title='bbox 504 1763 666 1802; x_wconf 85' lang='lat' dir='ltr'><strong>carmine</strong></span> <span class='ocrx_word' id='word_1_130' title='bbox 689 1760 870 1807; x_wconf 87' lang='lat' dir='ltr'><strong>Sapphico</strong></span> <span class='ocrx_word' id='word_1_131' title='bbox 891 1757 1123 1805; x_wconf 79' lang='lat' dir='ltr'><strong>adNicetam</strong></span> <span class='ocrx_word' id='word_1_132' title='bbox 1142 1757 1193 1795; x_wconf 89' lang='lat' dir='ltr'><strong>E-</strong></span> 
     </span>
    </p>
   </div>
   <div class='ocr_carea' id='block_1_12' title="bbox 154 1815 369 1864">
    <p class='ocr_par' dir='ltr' id='par_1_12' title="bbox 154 1815 369 1864">
     <span class='ocr_line' id='line_1_25' title="bbox 154 1815 369 1864; baseline 0.005 -12"><span class='ocrx_word' id='word_1_133' title='bbox 154 1815 344 1864; x_wconf 89' lang='lat' dir='ltr'><strong>piscopum</strong></span> <span class='ocrx_word' id='word_1_134' title='bbox 359 1828 369 1853; x_wconf 71' lang='grc' dir='ltr'><strong>ε</strong></span> 
     </span>
    </p>
   </div>
   <div class='ocr_carea' id='block_1_13' title="bbox 204 1884 986 2074">
    <p class='ocr_par' dir='ltr' id='par_1_13' title="bbox 204 1884 986 2039">
     <span class='ocr_line' id='line_1_26' title="bbox 207 1884 916 1934; baseline -0.016 -8"><span class='ocrx_word' id='word_1_135' title='bbox 207 1888 275 1934; x_wconf 88' lang='lat' dir='ltr'><strong>Ast</strong></span> <span class='ocrx_word' id='word_1_136' title='bbox 296 1887 354 1925; x_wconf 82' lang='lat' dir='ltr'><strong>ubi</strong></span> <span class='ocrx_word' id='word_1_137' title='bbox 375 1886 521 1934; x_wconf 76' lang='lat' dir='ltr'><strong>paulum</strong></span> <span class='ocrx_word' id='word_1_138' title='bbox 552 1886 616 1922; x_wconf 81' lang='lat' dir='ltr'><strong>via</strong></span> <span class='ocrx_word' id='word_1_139' title='bbox 632 1884 822 1932; x_wconf 72' lang='lat' dir='ltr'><strong>proferetur</strong></span> <span class='ocrx_word' id='word_1_140' title='bbox 836 1909 847 1926; x_wconf 89' lang='lat'><strong>,</strong></span> <span class='ocrx_word' id='word_1_141' title='bbox 912 1913 916 1916; x_wconf 82' lang='grc'>,</span> 
     </span>
     <span class='ocr_line' id='line_1_27' title="bbox 204 1931 986 1982; baseline -0.009 -7"><span class='ocrx_word' id='word_1_142' title='bbox 204 1944 276 1975; x_wconf 83' lang='lat' dir='ltr'><strong>Det</strong></span> <span class='ocrx_word' id='word_1_143' title='bbox 291 1967 300 1982; x_wconf 94' lang='lat'><strong>,</strong></span> <span class='ocrx_word' id='word_1_144' title='bbox 319 1948 428 1982; x_wconf 73' lang='lat' dir='ltr'><strong>precor</strong></span> <span class='ocrx_word' id='word_1_145' title='bbox 442 1966 452 1981; x_wconf 90' lang='lat'>‚</span> <span class='ocrx_word' id='word_1_146' title='bbox 474 1937 574 1975; x_wconf 79' lang='lat' dir='ltr'><strong>mites</strong></span> <span class='ocrx_word' id='word_1_147' title='bbox 595 1935 658 1971; x_wconf 81' lang='lat' dir='ltr'><strong>tibi</strong></span> <span class='ocrx_word' id='word_1_148' title='bbox 678 1934 834 1978; x_wconf 81' lang='lat' dir='ltr'><strong>Christus</strong></span> <span class='ocrx_word' id='word_1_149' title='bbox 856 1931 986 1978; x_wconf 73' lang='lat' dir='ltr'><strong>aestus,</strong></span> 
     </span>
     <span class='ocr_line' id='line_1_28' title="bbox 205 1984 768 2039; baseline -0.016 -12"><span class='ocrx_word' id='word_1_150' title='bbox 205 1993 250 2027; x_wconf 79' lang='lat' dir='ltr'><strong>Et</strong></span> <span class='ocrx_word' id='word_1_151' title='bbox 270 1988 344 2027; x_wconf 84' lang='lat' dir='ltr'><strong>leve</strong></span> <span class='ocrx_word' id='word_1_152' title='bbox 357 1989 462 2039; x_wconf 84' lang='lat' dir='ltr'><strong>spiret</strong></span> <span class='ocrx_word' id='word_1_153' title='bbox 475 1986 549 2036; x_wconf 81' lang='lat' dir='ltr'><strong>fine</strong></span> <span class='ocrx_word' id='word_1_154' title='bbox 569 1985 655 2022; x_wconf 80' lang='lat' dir='ltr'><strong>nube</strong></span> <span class='ocrx_word' id='word_1_155' title='bbox 671 1984 768 2031; x_wconf 74' lang='lat' dir='ltr'><strong>siccis</strong></span> 
     </span>
    </p>

    <p class='ocr_par' dir='ltr' id='par_1_14' title="bbox 461 2034 765 2074">
     <span class='ocr_line' id='line_1_29' title="bbox 461 2034 765 2074; baseline -0.02 1"><span class='ocrx_word' id='word_1_156' title='bbox 461 2043 567 2074; x_wconf 82' lang='lat' dir='ltr'><strong>Aura</strong></span> <span class='ocrx_word' id='word_1_157' title='bbox 590 2034 765 2072; x_wconf 82' lang='lat' dir='ltr'><strong>Calabris.</strong></span> 
     </span>
    </p>
   </div>
   <div class='ocr_carea' id='block_1_14' title="bbox 155 2093 1193 2328">
    <p class='ocr_par' dir='ltr' id='par_1_15' title="bbox 155 2093 1193 2193">
     <span class='ocr_line' id='line_1_30' title="bbox 159 2093 1193 2142; baseline -0.007 -1"><span class='ocrx_word' id='word_1_158' title='bbox 159 2102 218 2141; x_wconf 85' lang='lat' dir='ltr'><strong>Ita</strong></span> <span class='ocrx_word' id='word_1_159' title='bbox 237 2102 454 2142; x_wconf 87' lang='lat' dir='ltr'><strong>veterrimus</strong></span> <span class='ocrx_word' id='word_1_160' title='bbox 476 2099 594 2139; x_wconf 84' lang='lat' dir='ltr'><strong>codex</strong></span> <span class='ocrx_word' id='word_1_161' title='bbox 621 2097 829 2135; x_wconf 86' lang='lat' dir='ltr'><strong>Voffianus.</strong></span> <span class='ocrx_word' id='word_1_162' title='bbox 856 2107 948 2134; x_wconf 86' lang='lat' dir='ltr'><strong>mox</strong></span> <span class='ocrx_word' id='word_1_163' title='bbox 975 2093 1075 2133; x_wconf 90' lang='lat' dir='ltr'><strong>idem</strong></span> <span class='ocrx_word' id='word_1_164' title='bbox 1099 2094 1193 2134; x_wconf 82' lang='lat' dir='ltr'><strong>Pau-</strong></span> 
     </span>
     <span class='ocr_line' id='line_1_31' title="bbox 155 2153 271 2193; baseline -0.017 0"><span class='ocrx_word' id='word_1_165' title='bbox 155 2153 271 2193; x_wconf 86' lang='lat' dir='ltr'><strong>linus:</strong></span> 
     </span>
    </p>

    <p class='ocr_par' dir='ltr' id='par_1_16' title="bbox 156 2216 731 2328">
     <span class='ocr_line' id='line_1_32' title="bbox 205 2216 731 2268; baseline -0.01 -12"><span class='ocrx_word' id='word_1_166' title='bbox 205 2217 353 2268; x_wconf 79' lang='lat' dir='ltr'><strong>Lenefic</strong></span> <span class='ocrx_word' id='word_1_167' title='bbox 368 2219 454 2266; x_wconf 83' lang='lat' dir='ltr'><strong>sudo</strong></span> <span class='ocrx_word' id='word_1_168' title='bbox 474 2225 637 2254; x_wconf 79' lang='lat' dir='ltr'><strong>tenuatus</strong></span> <span class='ocrx_word' id='word_1_169' title='bbox 659 2216 731 2252; x_wconf 72' lang='grc' dir='ltr'><em>αἰέν.</em></span> 
     </span>
     <span class='ocr_line' id='line_1_33' title="bbox 156 2278 496 2328; baseline -0.009 -10"><span class='ocrx_word' id='word_1_170' title='bbox 156 2278 295 2318; x_wconf 88' lang='lat' dir='ltr'><strong>Seneca</strong></span> <span class='ocrx_word' id='word_1_171' title='bbox 318 2280 496 2328; x_wconf 86' lang='lat' dir='ltr'><strong>Oedipo:</strong></span> 
     </span>
    </p>
   </div>
   <div class='ocr_carea' id='block_1_15' title="bbox 205 2344 704 2496">
    <p class='ocr_par' dir='ltr' id='par_1_17' title="bbox 205 2344 704 2496">
     <span class='ocr_line' id='line_1_34' title="bbox 205 2344 694 2394; baseline -0.006 -10"><span class='ocrx_word' id='word_1_172' title='bbox 205 2348 306 2385; x_wconf 81' lang='lat' dir='ltr'><strong>Lenis</strong></span> <span class='ocrx_word' id='word_1_173' title='bbox 325 2359 368 2387; x_wconf 68' lang='grc' dir='ltr'><strong>ω’</strong></span> <span class='ocrx_word' id='word_1_174' title='bbox 391 2345 563 2384; x_wconf 85' lang='lat' dir='ltr'><strong>modicum</strong></span> <span class='ocrx_word' id='word_1_175' title='bbox 585 2344 694 2394; x_wconf 81' lang='lat' dir='ltr'><strong>fluens</strong></span> 
     </span>
     <span class='ocr_line' id='line_1_35' title="bbox 206 2396 700 2445; baseline -0.008 -10"><span class='ocrx_word' id='word_1_176' title='bbox 206 2404 336 2442; x_wconf 81' lang='lat' dir='ltr'><strong>Aura,</strong></span> <span class='ocrx_word' id='word_1_177' title='bbox 367 2409 425 2434; x_wconf 88' lang='lat' dir='ltr'><strong>nec</strong></span> <span class='ocrx_word' id='word_1_178' title='bbox 446 2410 584 2445; x_wconf 81' lang='lat' dir='ltr'><strong>vergens</strong></span> <span class='ocrx_word' id='word_1_179' title='bbox 606 2396 700 2432; x_wconf 81' lang='lat' dir='ltr'><strong>latus</strong></span> 
     </span>
     <span class='ocr_line' id='line_1_36' title="bbox 206 2447 704 2496; baseline -0.002 -11"><span class='ocrx_word' id='word_1_180' title='bbox 206 2453 328 2485; x_wconf 83' lang='lat' dir='ltr'><strong>Ducat</strong></span> <span class='ocrx_word' id='word_1_181' title='bbox 349 2447 558 2496; x_wconf 82' lang='lat' dir='ltr'><strong>intrepidam</strong></span> <span class='ocrx_word' id='word_1_182' title='bbox 578 2457 704 2484; x_wconf 79' lang='lat' dir='ltr'><strong>ratem.</strong></span> 
     </span>
    </p>
   </div>
   <div class='ocr_carea' id='block_1_16' title="bbox 161 2518 1194 2618">
    <p class='ocr_par' dir='ltr' id='par_1_18' title="bbox 161 2518 1194 2618">
     <span class='ocr_line' id='line_1_37' title="bbox 161 2518 1193 2572; baseline -0.012 -5"><span class='ocrx_word' id='word_1_183' title='bbox 161 2528 226 2568; x_wconf 86' lang='lat' dir='ltr'><strong>ubi</strong></span> <span class='ocrx_word' id='word_1_184' title='bbox 246 2528 296 2566; x_wconf 91' lang='lat' dir='ltr'><strong>nil</strong></span> <span class='ocrx_word' id='word_1_185' title='bbox 322 2522 464 2564; x_wconf 88' lang='lat' dir='ltr'><strong>necesse</strong></span> <span class='ocrx_word' id='word_1_186' title='bbox 484 2524 636 2572; x_wconf 88' lang='lat' dir='ltr'><strong>reponi,</strong></span> <span class='ocrx_word' id='word_1_187' title='bbox 657 2520 783 2558; x_wconf 81' lang='lat' dir='ltr'><strong>modice</strong></span> <span class='ocrx_word' id='word_1_188' title='bbox 803 2518 924 2568; x_wconf 75' lang='lat' dir='ltr'><strong>fluens.</strong></span> <span class='ocrx_word' id='word_1_189' title='bbox 947 2518 1091 2557; x_wconf 85' lang='lat' dir='ltr'><strong>Solinus</strong></span> <span class='ocrx_word' id='word_1_190' title='bbox 1114 2528 1193 2566; x_wconf 87' lang='lat' dir='ltr'><strong>cap.</strong></span> 
     </span>
     <span class='ocr_line' id='line_1_38' title="bbox 163 2567 1194 2618; baseline -0.014 0"><span class='ocrx_word' id='word_1_191' title='bbox 163 2591 292 2618; x_wconf 77' lang='lat' dir='ltr'><strong>xxxnt.</strong></span> <span class='ocrx_word' id='word_1_192' title='bbox 330 2578 375 2614; x_wconf 88' lang='lat' dir='ltr'><strong>de</strong></span> <span class='ocrx_word' id='word_1_193' title='bbox 402 2575 616 2618; x_wconf 83' lang='lat' dir='ltr'><strong>Chimaera,</strong></span> <span class='ocrx_word' id='word_1_194' title='bbox 641 2571 698 2609; x_wconf 72' lang='lat' dir='ltr'><strong>hic</strong></span> <span class='ocrx_word' id='word_1_195' title='bbox 730 2585 826 2609; x_wconf 85' lang='lat' dir='ltr'><strong>mons</strong></span> <span class='ocrx_word' id='word_1_196' title='bbox 857 2570 1031 2607; x_wconf 66' lang='lat' dir='ltr'><strong>noe‘iurnis</strong></span> <span class='ocrx_word' id='word_1_197' title='bbox 1050 2567 1194 2615; x_wconf 77' lang='lat' dir='ltr'><strong>aestibus</strong></span> 
     </span>
    </p>
   </div>
   <div class='ocr_carea' id='block_1_17' title="bbox 151 2619 1200 3398">
    <p class='ocr_par' dir='ltr' id='par_1_19' title="bbox 151 2619 1192 2730">
     <span class='ocr_line' id='line_1_39' title="bbox 151 2619 1192 2678; baseline -0.011 -11"><span class='ocrx_word' id='word_1_198' title='bbox 151 2630 336 2678; x_wconf 84' lang='lat' dir='ltr'><strong>fumidum</strong></span> <span class='ocrx_word' id='word_1_199' title='bbox 356 2625 512 2664; x_wconf 83' lang='lat' dir='ltr'><strong>exhalat.</strong></span> <span class='ocrx_word' id='word_1_200' title='bbox 538 2626 576 2662; x_wconf 88' lang='lat'>&amp;</span> <span class='ocrx_word' id='word_1_201' title='bbox 599 2624 673 2673; x_wconf 85' lang='lat' dir='ltr'><strong>pari</strong></span> <span class='ocrx_word' id='word_1_202' title='bbox 693 2622 811 2661; x_wconf 86' lang='lat' dir='ltr'><strong>modo</strong></span> <span class='ocrx_word' id='word_1_203' title='bbox 833 2622 933 2659; x_wconf 90' lang='lat' dir='ltr'><strong>idem</strong></span> <span class='ocrx_word' id='word_1_204' title='bbox 955 2620 1098 2659; x_wconf 87' lang='lat' dir='ltr'><strong>Solinus</strong></span> <span class='ocrx_word' id='word_1_205' title='bbox 1121 2619 1192 2657; x_wconf 86' lang='lat' dir='ltr'><strong>fre-</strong></span> 
     </span>
     <span class='ocr_line' id='line_1_40' title="bbox 155 2679 496 2730; baseline -0.023 -10"><span class='ocrx_word' id='word_1_206' title='bbox 155 2689 323 2730; x_wconf 89' lang='lat' dir='ltr'><strong>quenter.</strong></span> <span class='ocrx_word' id='word_1_207' title='bbox 349 2679 496 2715; x_wconf 68' lang='grc' dir='ltr'>Ηειωε.</span> 
     </span>
    </p>

    <p class='ocr_par' dir='ltr' id='par_1_20' title="bbox 155 2731 1200 3398">
     <span class='ocr_line' id='line_1_41' title="bbox 207 2731 1193 2794; baseline -0.014 -13"><span class='ocrx_word' id='word_1_208' title='bbox 207 2754 273 2794; x_wconf 84' lang='lat'><strong>47.</strong></span> <span class='ocrx_word' id='word_1_209' title='bbox 303 2749 378 2780; x_wconf 83' lang='lat' dir='ltr'><strong>Huc</strong></span> <span class='ocrx_word' id='word_1_210' title='bbox 403 2745 531 2787; x_wconf 76' lang='lat' dir='ltr'><strong>Lycus,</strong></span> <span class='ocrx_word' id='word_1_211' title='bbox 561 2738 626 2775; x_wconf 85' lang='lat' dir='ltr'><strong>huc</strong></span> <span class='ocrx_word' id='word_1_212' title='bbox 647 2735 803 2787; x_wconf 82' lang='lat' dir='ltr'><strong>Sagaris,</strong></span> <span class='ocrx_word' id='word_1_213' title='bbox 832 2733 931 2784; x_wconf 63' lang='lat' dir='ltr'><strong>eya]</strong></span> <span class='ocrx_word' id='word_1_214' title='bbox 971 2733 1087 2771; x_wconf 58' lang='lat' dir='ltr'><strong>Recte</strong></span> <span class='ocrx_word' id='word_1_215' title='bbox 1104 2731 1193 2781; x_wconf 87' lang='lat' dir='ltr'><strong>legit</strong></span> 
     </span>
     <span class='ocr_line' id='line_1_42' title="bbox 158 2783 1191 2835; baseline -0.014 -2"><span class='ocrx_word' id='word_1_216' title='bbox 158 2795 323 2832; x_wconf 85' lang='lat' dir='ltr'><strong>Merula:</strong></span> <span class='ocrx_word' id='word_1_217' title='bbox 362 2793 457 2829; x_wconf 84' lang='lat' dir='ltr'><strong>Nam</strong></span> <span class='ocrx_word' id='word_1_218' title='bbox 482 2801 556 2827; x_wconf 91' lang='lat' dir='ltr'><strong>non</strong></span> <span class='ocrx_word' id='word_1_219' title='bbox 580 2789 698 2827; x_wconf 86' lang='lat' dir='ltr'><strong>solum</strong></span> <span class='ocrx_word' id='word_1_220' title='bbox 721 2786 867 2835; x_wconf 85' lang='lat' dir='ltr'><strong>Capella</strong></span> <span class='ocrx_word' id='word_1_221' title='bbox 889 2785 1089 2823; x_wconf 72' lang='lat' dir='ltr'><strong>&amp;Solinus</strong></span> <span class='ocrx_word' id='word_1_222' title='bbox 1123 2783 1191 2820; x_wconf 89' lang='lat' dir='ltr'><strong>hu·</strong></span> 
     </span>
     <span class='ocr_line' id='line_1_43' title="bbox 155 2833 1188 2894; baseline -0.013 -11"><span class='ocrx_word' id='word_1_223' title='bbox 155 2847 215 2894; x_wconf 88' lang='lat' dir='ltr'><strong>jus</strong></span> <span class='ocrx_word' id='word_1_224' title='bbox 244 2844 403 2882; x_wconf 83' lang='lat' dir='ltr'><strong>nominis</strong></span> <span class='ocrx_word' id='word_1_225' title='bbox 426 2841 631 2878; x_wconf 84' lang='lat' dir='ltr'><strong>meminere</strong></span> <span class='ocrx_word' id='word_1_226' title='bbox 657 2853 665 2876; x_wconf 92' lang='lat'><strong>:</strong></span> <span class='ocrx_word' id='word_1_227' title='bbox 705 2837 762 2875; x_wconf 88' lang='lat' dir='ltr'><strong>sed</strong></span> <span class='ocrx_word' id='word_1_228' title='bbox 794 2839 829 2874; x_wconf 89' lang='lat'>&amp;</span> <span class='ocrx_word' id='word_1_229' title='bbox 861 2835 1069 2873; x_wconf 81' lang='lat' dir='ltr'><strong>Plutarchus</strong></span> <span class='ocrx_word' id='word_1_230' title='bbox 1105 2833 1188 2880; x_wconf 88' lang='lat' dir='ltr'><strong>(seu</strong></span> 
     </span>
     <span class='ocr_line' id='line_1_44' title="bbox 159 2886 1189 2944; baseline -0.015 -11"><span class='ocrx_word' id='word_1_231' title='bbox 159 2896 321 2944; x_wconf 87' lang='lat' dir='ltr'><strong>quisquis</strong></span> <span class='ocrx_word' id='word_1_232' title='bbox 342 2894 367 2930; x_wconf 88' lang='lat' dir='ltr'><strong>is</strong></span> <span class='ocrx_word' id='word_1_233' title='bbox 391 2891 462 2937; x_wconf 86' lang='lat' dir='ltr'><strong>est)</strong></span> <span class='ocrx_word' id='word_1_234' title='bbox 493 2893 529 2928; x_wconf 91' lang='lat' dir='ltr'><strong>in</strong></span> <span class='ocrx_word' id='word_1_235' title='bbox 549 2890 671 2928; x_wconf 87' lang='lat' dir='ltr'><strong>libello</strong></span> <span class='ocrx_word' id='word_1_236' title='bbox 690 2890 735 2927; x_wconf 89' lang='lat' dir='ltr'><strong>de</strong></span> <span class='ocrx_word' id='word_1_237' title='bbox 756 2887 985 2925; x_wconf 82' lang='lat' dir='ltr'><strong>fluminibus:</strong></span> <span class='ocrx_word' id='word_1_238' title='bbox 1007 2886 1189 2930; x_wconf 69' lang='grc' dir='ltr'><strong><em>Σάγειρις,</em></strong></span> 
     </span>
     <span class='ocr_line' id='line_1_45' title="bbox 160 2937 1191 2995; baseline -0.011 -12"><span class='ocrx_word' id='word_1_239' title='bbox 160 2947 316 2995; x_wconf 85' lang='lat' dir='ltr'><strong>inquit,</strong></span> <span class='ocrx_word' id='word_1_240' title='bbox 351 2942 513 2987; x_wconf 71' lang='grc' dir='ltr'><strong>ποταμός</strong></span> <span class='ocrx_word' id='word_1_241' title='bbox 542 2939 596 2982; x_wconf 78' lang='grc' dir='ltr'><strong>ἐςι</strong></span> <span class='ocrx_word' id='word_1_242' title='bbox 629 2942 692 2983; x_wconf 71' lang='grc' dir='ltr'><strong>τῆς</strong></span> <span class='ocrx_word' id='word_1_243' title='bbox 719 2939 885 2985; x_wconf 62' lang='grc' dir='ltr'><strong>Φρυγίοις.</strong></span> <span class='ocrx_word' id='word_1_244' title='bbox 920 2937 1191 2992; x_wconf 47' lang='grc' dir='ltr'><em>προσηγορεύετο</em></span> 
     </span>
     <span class='ocr_line' id='line_1_46' title="bbox 161 2988 1190 3042; baseline -0.012 -8"><span class='ocrx_word' id='word_1_245' title='bbox 161 2996 202 3034; x_wconf 73' lang='grc' dir='ltr'><strong>δὲ</strong></span> <span class='ocrx_word' id='word_1_246' title='bbox 223 2997 387 3042; x_wconf 76' lang='grc' dir='ltr'><strong>πρότερον</strong></span> <span class='ocrx_word' id='word_1_247' title='bbox 405 2993 628 3038; x_wconf 69' lang='grc' dir='ltr'><strong>Ξηροβιὶτῆς,</strong></span> <span class='ocrx_word' id='word_1_248' title='bbox 657 2994 728 3029; x_wconf 71' lang='lat' dir='ltr'><strong>&amp;c</strong></span> <span class='ocrx_word' id='word_1_249' title='bbox 775 2990 875 3026; x_wconf 78' lang='lat' dir='ltr'><strong>Hinc</strong></span> <span class='ocrx_word' id='word_1_250' title='bbox 902 2988 940 3026; x_wconf 87' lang='lat'>&amp;</span> <span class='ocrx_word' id='word_1_251' title='bbox 962 2996 1190 3036; x_wconf 83' lang='lat' dir='ltr'><strong>patronymi-</strong></span> 
     </span>
     <span class='ocr_line' id='line_1_47' title="bbox 165 3037 1192 3094; baseline -0.01 -11"><span class='ocrx_word' id='word_1_252' title='bbox 165 3058 250 3084; x_wconf 86' lang='lat' dir='ltr'><strong>cum</strong></span> <span class='ocrx_word' id='word_1_253' title='bbox 279 3045 445 3094; x_wconf 79' lang='lat' dir='ltr'><strong>Sagaritis</strong></span> <span class='ocrx_word' id='word_1_254' title='bbox 470 3073 479 3088; x_wconf 96' lang='lat'>,</span> <span class='ocrx_word' id='word_1_255' title='bbox 515 3055 592 3091; x_wconf 91' lang='lat' dir='ltr'><strong>quo</strong></span> <span class='ocrx_word' id='word_1_256' title='bbox 622 3042 720 3079; x_wconf 86' lang='lat' dir='ltr'><strong>idern</strong></span> <span class='ocrx_word' id='word_1_257' title='bbox 752 3039 910 3078; x_wconf 85' lang='lat' dir='ltr'><strong>Ovidius</strong></span> <span class='ocrx_word' id='word_1_258' title='bbox 931 3050 966 3083; x_wconf 86' lang='grc'><strong>4.</strong></span> <span class='ocrx_word' id='word_1_259' title='bbox 1005 3037 1192 3074; x_wconf 82' lang='lat' dir='ltr'><strong>Fastorum</strong></span> 
     </span>
     <span class='ocr_line' id='line_1_48' title="bbox 163 3088 1194 3142; baseline -0.011 -9"><span class='ocrx_word' id='word_1_260' title='bbox 163 3097 300 3138; x_wconf 88' lang='lat' dir='ltr'><strong>utitur,</strong></span> <span class='ocrx_word' id='word_1_261' title='bbox 324 3096 385 3132; x_wconf 90' lang='lat' dir='ltr'><strong>ubi</strong></span> <span class='ocrx_word' id='word_1_262' title='bbox 413 3095 456 3131; x_wconf 91' lang='lat' dir='ltr'><strong>de</strong></span> <span class='ocrx_word' id='word_1_263' title='bbox 488 3094 588 3142; x_wconf 83' lang='lat' dir='ltr'><strong>Atye</strong></span> <span class='ocrx_word' id='word_1_264' title='bbox 614 3094 771 3141; x_wconf 84' lang='lat' dir='ltr'><strong>loquens</strong></span> <span class='ocrx_word' id='word_1_265' title='bbox 795 3118 804 3133; x_wconf 92' lang='lat'>‚</span> <span class='ocrx_word' id='word_1_266' title='bbox 846 3091 923 3127; x_wconf 89' lang='lat' dir='ltr'><strong>ait:</strong></span> <span class='ocrx_word' id='word_1_267' title='bbox 961 3088 1068 3125; x_wconf 82' lang='lat' dir='ltr'><strong>Fallit</strong></span> <span class='ocrx_word' id='word_1_268' title='bbox 1096 3099 1138 3127; x_wconf 58' lang='grc' dir='ltr'><strong>(φ’</strong></span> <span class='ocrx_word' id='word_1_269' title='bbox 1157 3088 1194 3123; x_wconf 80' lang='lat' dir='ltr'><strong>in</strong></span> 
     </span>
     <span class='ocr_line' id='line_1_49' title="bbox 167 3139 1196 3194; baseline -0.01 -10"><span class='ocrx_word' id='word_1_270' title='bbox 167 3145 335 3194; x_wconf 75' lang='lat' dir='ltr'><strong>Nympha</strong></span> <span class='ocrx_word' id='word_1_271' title='bbox 359 3144 550 3194; x_wconf 82' lang='lat' dir='ltr'><strong>Sagaritide</strong></span> <span class='ocrx_word' id='word_1_272' title='bbox 570 3142 690 3193; x_wconf 79' lang='lat' dir='ltr'><strong>definit</strong></span> <span class='ocrx_word' id='word_1_273' title='bbox 711 3142 766 3192; x_wconf 76' lang='lat' dir='ltr'><strong>effe</strong></span> <span class='ocrx_word' id='word_1_274' title='bbox 780 3140 882 3189; x_wconf 54' lang='lat' dir='ltr'><strong>{Quod</strong></span> <span class='ocrx_word' id='word_1_275' title='bbox 900 3139 999 3185; x_wconf 74' lang='lat' dir='ltr'><strong>fuit.-</strong></span> <span class='ocrx_word' id='word_1_276' title='bbox 1029 3139 1109 3174; x_wconf 85' lang='lat' dir='ltr'><strong>hinc</strong></span> <span class='ocrx_word' id='word_1_277' title='bbox 1124 3148 1196 3186; x_wconf 75' lang='lat' dir='ltr'><strong>poe-</strong></span> 
     </span>
     <span class='ocr_line' id='line_1_50' title="bbox 168 3189 1198 3243; baseline -0.009 -9"><span class='ocrx_word' id='word_1_278' title='bbox 168 3210 232 3234; x_wconf 82' lang='lat' dir='ltr'><strong>nas</strong></span> <span class='ocrx_word' id='word_1_279' title='bbox 251 3194 355 3243; x_wconf 80' lang='lat' dir='ltr'><strong>exigit</strong></span> <span class='ocrx_word' id='word_1_280' title='bbox 374 3193 428 3230; x_wconf 86' lang='lat' dir='ltr'><strong>ira</strong></span> <span class='ocrx_word' id='word_1_281' title='bbox 455 3194 546 3232; x_wconf 83' lang='lat' dir='ltr'><strong>deae.</strong></span> <span class='ocrx_word' id='word_1_282' title='bbox 590 3195 659 3231; x_wconf 82' lang='lat' dir='ltr'><strong>Pro</strong></span> <span class='ocrx_word' id='word_1_283' title='bbox 683 3205 758 3241; x_wconf 89' lang='lat' dir='ltr'><strong>quo</strong></span> <span class='ocrx_word' id='word_1_284' title='bbox 784 3220 794 3236; x_wconf 87' lang='lat'>,</span> <span class='ocrx_word' id='word_1_285' title='bbox 831 3190 980 3239; x_wconf 80' lang='lat' dir='ltr'><strong>quidam</strong></span> <span class='ocrx_word' id='word_1_286' title='bbox 1015 3189 1198 3237; x_wconf 65' lang='lat' dir='ltr'><strong>Sangaride</strong></span> 
     </span>
     <span class='ocr_line' id='line_1_51' title="bbox 162 3241 1197 3295; baseline -0.009 -10"><span class='ocrx_word' id='word_1_287' title='bbox 162 3247 315 3295; x_wconf 85' lang='lat' dir='ltr'><strong>legunt,</strong></span> <span class='ocrx_word' id='word_1_288' title='bbox 349 3255 425 3281; x_wconf 91' lang='lat' dir='ltr'><strong>non</strong></span> <span class='ocrx_word' id='word_1_289' title='bbox 447 3245 800 3285; x_wconf 82' lang='lat' dir='ltr'><strong>animadvertentes,</strong></span> <span class='ocrx_word' id='word_1_290' title='bbox 821 3241 988 3290; x_wconf 77' lang='lat' dir='ltr'><strong>syllabam</strong></span> <span class='ocrx_word' id='word_1_291' title='bbox 1009 3268 1017 3282; x_wconf 91' lang='lat'>,</span> <span class='ocrx_word' id='word_1_292' title='bbox 1046 3251 1140 3288; x_wconf 84' lang='lat' dir='ltr'><strong>quae</strong></span> <span class='ocrx_word' id='word_1_293' title='bbox 1161 3242 1197 3277; x_wconf 92' lang='lat' dir='ltr'><strong>in</strong></span> 
     </span>
     <span class='ocr_line' id='line_1_52' title="bbox 164 3291 1200 3345; baseline -0.008 -11"><span class='ocrx_word' id='word_1_294' title='bbox 164 3296 353 3345; x_wconf 79' lang='lat' dir='ltr'><strong>Sangaride</strong></span> <span class='ocrx_word' id='word_1_295' title='bbox 380 3293 536 3331; x_wconf 87' lang='lat' dir='ltr'><strong>secunda</strong></span> <span class='ocrx_word' id='word_1_296' title='bbox 560 3297 608 3334; x_wconf 87' lang='lat' dir='ltr'><strong>est</strong></span> <span class='ocrx_word' id='word_1_297' title='bbox 630 3323 641 3339; x_wconf 94' lang='lat'><strong>,</strong></span> <span class='ocrx_word' id='word_1_298' title='bbox 681 3296 829 3332; x_wconf 86' lang='lat' dir='ltr'><strong>brevem</strong></span> <span class='ocrx_word' id='word_1_299' title='bbox 863 3304 928 3339; x_wconf 88' lang='lat' dir='ltr'><strong>pro</strong></span> <span class='ocrx_word' id='word_1_300' title='bbox 958 3292 1068 3339; x_wconf 84' lang='lat' dir='ltr'><strong>longa</strong></span> <span class='ocrx_word' id='word_1_301' title='bbox 1097 3291 1200 3338; x_wconf 86' lang='lat' dir='ltr'><strong>poni.</strong></span> 
     </span>
     <span class='ocr_line' id='line_1_53' title="bbox 161 3341 1197 3398; baseline -0.006 -11"><span class='ocrx_word' id='word_1_302' title='bbox 161 3347 281 3398; x_wconf 85' lang='lat' dir='ltr'><strong>Quod</strong></span> <span class='ocrx_word' id='word_1_303' title='bbox 298 3358 345 3385; x_wconf 90' lang='lat' dir='ltr'><strong>eo</strong></span> <span class='ocrx_word' id='word_1_304' title='bbox 365 3346 426 3384; x_wconf 85' lang='lat' dir='ltr'><strong>hic</strong></span> <span class='ocrx_word' id='word_1_305' title='bbox 445 3343 543 3383; x_wconf 82' lang='lat' dir='ltr'><strong>addo</strong></span> <span class='ocrx_word' id='word_1_306' title='bbox 564 3372 576 3392; x_wconf 90' lang='lat'>‚</span> <span class='ocrx_word' id='word_1_307' title='bbox 611 3355 650 3385; x_wconf 89' lang='lat' dir='ltr'><strong>ut</strong></span> <span class='ocrx_word' id='word_1_308' title='bbox 671 3344 696 3385; x_wconf 84' lang='lat' dir='ltr'>fi</span> <span class='ocrx_word' id='word_1_309' title='bbox 718 3343 806 3395; x_wconf 89' lang='lat' dir='ltr'><strong>quid</strong></span> <span class='ocrx_word' id='word_1_310' title='bbox 827 3343 900 3382; x_wconf 87' lang='lat' dir='ltr'><strong>illic</strong></span> <span class='ocrx_word' id='word_1_311' title='bbox 932 3341 952 3381; x_wconf 72' lang='lat' dir='ltr'><strong>a</strong></span> <span class='ocrx_word' id='word_1_312' title='bbox 970 3343 1076 3381; x_wconf 84' lang='lat' dir='ltr'><strong>nobis</strong></span> <span class='ocrx_word' id='word_1_313' title='bbox 1096 3352 1197 3391; x_wconf 81' lang='lat' dir='ltr'><strong>prae-</strong></span> 
     </span>
    </p>
   </div>
   <div class='ocr_carea' id='block_1_18' title="bbox 2171 1212 2296 1268">
    <p class='ocr_par' dir='ltr' id='par_1_21' title="bbox 2171 1212 2296 1268">
     <span class='ocr_line' id='line_1_54' title="bbox 2171 1212 2296 1268; baseline 0 -1"><span class='ocrx_word' id='word_1_314' title='bbox 2171 1212 2296 1268; x_wconf 80' lang='lat' dir='ltr'><strong>Par-</strong></span> 
     </span>
    </p>
   </div>
   <div class='ocr_carea' id='block_1_19' title="bbox 1247 1348 2292 1804">
    <p class='ocr_par' dir='ltr' id='par_1_22' title="bbox 1247 1348 2292 1804">
     <span class='ocr_line' id='line_1_55' title="bbox 1251 1348 2291 1398; baseline -0.001 -9"><span class='ocrx_word' id='word_1_315' title='bbox 1251 1351 1400 1389; x_wconf 91' lang='lat' dir='ltr'><strong>teritum</strong></span> <span class='ocrx_word' id='word_1_316' title='bbox 1441 1349 1538 1387; x_wconf 88' lang='lat' dir='ltr'><strong>forte</strong></span> <span class='ocrx_word' id='word_1_317' title='bbox 1578 1348 1618 1387; x_wconf 82' lang='lat' dir='ltr'><strong>fit</strong></span> <span class='ocrx_word' id='word_1_318' title='bbox 1641 1378 1650 1394; x_wconf 93' lang='lat'><em>,</em></span> <span class='ocrx_word' id='word_1_319' title='bbox 1696 1348 1850 1398; x_wconf 88' lang='lat' dir='ltr'><strong>idipsum</strong></span> <span class='ocrx_word' id='word_1_320' title='bbox 1889 1349 1948 1387; x_wconf 85' lang='lat' dir='ltr'><strong>vel</strong></span> <span class='ocrx_word' id='word_1_321' title='bbox 1979 1350 2042 1387; x_wconf 87' lang='lat' dir='ltr'><strong>hic</strong></span> <span class='ocrx_word' id='word_1_322' title='bbox 2080 1350 2291 1389; x_wconf 82' lang='lat' dir='ltr'><strong>restituatur.</strong></span> 
     </span>
     <span class='ocr_line' id='line_1_56' title="bbox 1248 1400 2292 1450; baseline 0.001 -12"><span class='ocrx_word' id='word_1_323' title='bbox 1248 1404 1425 1438; x_wconf 72' lang='lat' dir='ltr'><strong>Mrcrtr..</strong></span> <span class='ocrx_word' id='word_1_324' title='bbox 1451 1400 1636 1447; x_wconf 77' lang='lat' dir='ltr'><strong>Sangarius</strong></span> <span class='ocrx_word' id='word_1_325' title='bbox 1666 1400 1857 1450; x_wconf 88' lang='lat' dir='ltr'><strong>plerisque.</strong></span> <span class='ocrx_word' id='word_1_326' title='bbox 1884 1401 2078 1438; x_wconf 78' lang='lat' dir='ltr'><strong>Plutarcho</strong></span> <span class='ocrx_word' id='word_1_327' title='bbox 2099 1410 2223 1438; x_wconf 86' lang='lat' dir='ltr'><strong>tamen</strong></span> <span class='ocrx_word' id='word_1_328' title='bbox 2247 1402 2292 1439; x_wconf 89' lang='lat' dir='ltr'><strong>de</strong></span> 
     </span>
     <span class='ocr_line' id='line_1_57' title="bbox 1247 1451 2290 1500; baseline -0.002 -10"><span class='ocrx_word' id='word_1_329' title='bbox 1247 1453 1458 1490; x_wconf 85' lang='lat' dir='ltr'><strong>fluminibus</strong></span> <span class='ocrx_word' id='word_1_330' title='bbox 1488 1453 1525 1488; x_wconf 73' lang='grc' dir='ltr'><strong>δε</strong></span> <span class='ocrx_word' id='word_1_331' title='bbox 1563 1452 1691 1488; x_wconf 88' lang='lat' dir='ltr'><strong>Solino</strong></span> <span class='ocrx_word' id='word_1_332' title='bbox 1722 1451 1871 1499; x_wconf 81' lang='lat' dir='ltr'><strong>Sagaris.</strong></span> <span class='ocrx_word' id='word_1_333' title='bbox 1908 1452 2070 1500; x_wconf 76' lang='lat' dir='ltr'><strong>sangaris</strong></span> <span class='ocrx_word' id='word_1_334' title='bbox 2093 1452 2221 1489; x_wconf 82' lang='lat' dir='ltr'><strong>Plinio.</strong></span> <span class='ocrx_word' id='word_1_335' title='bbox 2250 1461 2290 1489; x_wconf 87' lang='lat' dir='ltr'><strong>ut</strong></span> 
     </span>
     <span class='ocr_line' id='line_1_58' title="bbox 1250 1501 2292 1552; baseline -0.002 -10"><span class='ocrx_word' id='word_1_336' title='bbox 1250 1504 1373 1542; x_wconf 85' lang='lat' dir='ltr'><strong>saltem</strong></span> <span class='ocrx_word' id='word_1_337' title='bbox 1404 1505 1439 1540; x_wconf 89' lang='lat' dir='ltr'><strong>in</strong></span> <span class='ocrx_word' id='word_1_338' title='bbox 1465 1502 1561 1540; x_wconf 90' lang='lat' dir='ltr'><strong>hisce</strong></span> <span class='ocrx_word' id='word_1_339' title='bbox 1581 1503 1742 1552; x_wconf 85' lang='lat' dir='ltr'><strong>utrisque</strong></span> <span class='ocrx_word' id='word_1_340' title='bbox 1781 1501 1926 1539; x_wconf 85' lang='lat' dir='ltr'><strong>testatur</strong></span> <span class='ocrx_word' id='word_1_341' title='bbox 1956 1502 1974 1539; x_wconf 82' lang='grc' dir='ltr'>ὲ</span> <span class='ocrx_word' id='word_1_342' title='bbox 2001 1502 2133 1550; x_wconf 79' lang='lat' dir='ltr'><strong>scriptis</strong></span> <span class='ocrx_word' id='word_1_343' title='bbox 2155 1503 2292 1540; x_wconf 81' lang='lat' dir='ltr'><strong>Salma-</strong></span> 
     </span>
     <span class='ocr_line' id='line_1_59' title="bbox 1251 1553 2292 1602; baseline -0.003 -9"><span class='ocrx_word' id='word_1_344' title='bbox 1251 1554 1330 1593; x_wconf 88' lang='lat' dir='ltr'><strong>fius.</strong></span> <span class='ocrx_word' id='word_1_345' title='bbox 1360 1553 1375 1591; x_wconf 83' lang='grc' dir='ltr'><strong>ὁ</strong></span> <span class='ocrx_word' id='word_1_346' title='bbox 1393 1554 1434 1591; x_wconf 72' lang='grc' dir='ltr'><strong>δὲ</strong></span> <span class='ocrx_word' id='word_1_347' title='bbox 1455 1557 1661 1598; x_wconf 72' lang='grc' dir='ltr'><strong>Μνρλέεινος</strong></span> <span class='ocrx_word' id='word_1_348' title='bbox 1683 1553 1824 1602; x_wconf 84' lang='lat' dir='ltr'><strong>(inquit</strong></span> <span class='ocrx_word' id='word_1_349' title='bbox 1846 1553 2037 1601; x_wconf 83' lang='lat' dir='ltr'><strong>Apollonii</strong></span> <span class='ocrx_word' id='word_1_350' title='bbox 2055 1553 2266 1590; x_wconf 77' lang='lat' dir='ltr'><strong>Scholiastes</strong></span> <span class='ocrx_word' id='word_1_351' title='bbox 2281 1580 2292 1597; x_wconf 89' lang='lat'><em>,</em></span> 
     </span>
     <span class='ocr_line' id='line_1_60' title="bbox 1251 1602 2291 1654; baseline -0.004 -10"><span class='ocrx_word' id='word_1_352' title='bbox 1251 1603 1507 1654; x_wconf 87' lang='lat' dir='ltr'><strong>Asclepiadem</strong></span> <span class='ocrx_word' id='word_1_353' title='bbox 1540 1614 1662 1642; x_wconf 88' lang='lat' dir='ltr'><strong>autem</strong></span> <span class='ocrx_word' id='word_1_354' title='bbox 1694 1604 1772 1641; x_wconf 83' lang='lat' dir='ltr'><strong>vult</strong></span> <span class='ocrx_word' id='word_1_355' title='bbox 1804 1602 2115 1652; x_wconf 24' lang='lat' dir='ltr'><strong>Bithyniacorum-</strong></span> <span class='ocrx_word' id='word_1_356' title='bbox 2140 1604 2291 1652; x_wconf 88' lang='lat' dir='ltr'><strong>scripto-</strong></span> 
     </span>
     <span class='ocr_line' id='line_1_61' title="bbox 1251 1653 2290 1704; baseline -0.003 -10"><span class='ocrx_word' id='word_1_357' title='bbox 1251 1657 1356 1704; x_wconf 89' lang='lat' dir='ltr'><strong>rem)</strong></span> <span class='ocrx_word' id='word_1_358' title='bbox 1382 1657 1575 1701; x_wconf 72' lang='grc' dir='ltr'><strong>Σάγγαρον</strong></span> <span class='ocrx_word' id='word_1_359' title='bbox 1593 1654 1703 1692; x_wconf 67' lang='grc' dir='ltr'>αὐτὸν</span> <span class='ocrx_word' id='word_1_360' title='bbox 1725 1655 1890 1700; x_wconf 74' lang='grc' dir='ltr'><strong>λέγεσθαι</strong></span> <span class='ocrx_word' id='word_1_361' title='bbox 1910 1653 2028 1700; x_wconf 63' lang='grc' dir='ltr'>φησὶν.</span> <span class='ocrx_word' id='word_1_362' title='bbox 2059 1655 2095 1691; x_wconf 73' lang='grc' dir='ltr'><strong>ὃ(</strong></span> <span class='ocrx_word' id='word_1_363' title='bbox 2116 1653 2178 1691; x_wconf 84' lang='lat' dir='ltr'><strong>hic</strong></span> <span class='ocrx_word' id='word_1_364' title='bbox 2192 1665 2290 1702; x_wconf 89' lang='lat' dir='ltr'><strong>quo·</strong></span> 
     </span>
     <span class='ocr_line' id='line_1_62' title="bbox 1249 1704 2289 1755; baseline -0.004 -10"><span class='ocrx_word' id='word_1_365' title='bbox 1249 1719 1321 1755; x_wconf 90' lang='lat' dir='ltr'><strong>que</strong></span> <span class='ocrx_word' id='word_1_366' title='bbox 1343 1707 1586 1755; x_wconf 59' lang='lat' dir='ltr'><strong>lociisagarus</strong></span> <span class='ocrx_word' id='word_1_367' title='bbox 1612 1706 1763 1743; x_wconf 82' lang='lat' dir='ltr'><strong>habetur</strong></span> <span class='ocrx_word' id='word_1_368' title='bbox 1785 1717 1850 1752; x_wconf 91' lang='lat' dir='ltr'><strong>pro</strong></span> <span class='ocrx_word' id='word_1_369' title='bbox 1875 1706 1969 1742; x_wconf 76' lang='lat' dir='ltr'><strong>varia</strong></span> <span class='ocrx_word' id='word_1_370' title='bbox 1990 1704 2165 1742; x_wconf 64' lang='lat' dir='ltr'><strong>leffione.</strong></span> <span class='ocrx_word' id='word_1_371' title='bbox 2203 1704 2289 1750; x_wconf 48' lang='lat' dir='ltr'><strong>Aue</strong></span> 
     </span>
     <span class='ocr_line' id='line_1_63' title="bbox 1249 1754 2262 1804; baseline -0.004 -8"><span class='ocrx_word' id='word_1_372' title='bbox 1249 1770 1357 1797; x_wconf 71' lang='lat' dir='ltr'><strong>eron</strong></span> <span class='ocrx_word' id='word_1_373' title='bbox 1383 1758 1534 1796; x_wconf 70' lang='lat' dir='ltr'><strong>Etficr.</strong></span> <span class='ocrx_word' id='word_1_374' title='bbox 1561 1756 1689 1794; x_wconf 73' lang='lat' dir='ltr'><strong>EToN.</strong></span> <span class='ocrx_word' id='word_1_375' title='bbox 1717 1756 1803 1793; x_wconf 88' lang='lat' dir='ltr'><strong>Vid.</strong></span> <span class='ocrx_word' id='word_1_376' title='bbox 1824 1755 1868 1793; x_wconf 91' lang='lat' dir='ltr'><strong>ad</strong></span> <span class='ocrx_word' id='word_1_377' title='bbox 1891 1755 1972 1793; x_wconf 86' lang='lat' dir='ltr'><strong>Lib.</strong></span> <span class='ocrx_word' id='word_1_378' title='bbox 1994 1766 2045 1792; x_wconf 76' lang='grc' dir='ltr'><strong>ιν.</strong></span> <span class='ocrx_word' id='word_1_379' title='bbox 2068 1754 2156 1792; x_wconf 85' lang='lat' dir='ltr'><strong>Fast.</strong></span> <span class='ocrx_word' id='word_1_380' title='bbox 2177 1766 2262 1804; x_wconf 87' lang='lat'><em>229.</em></span> 
     </span>
    </p>
   </div>
   <div class='ocr_carea' id='block_1_20' title="bbox 1247 1824 2292 2277">
    <p class='ocr_par' dir='ltr' id='par_1_23' title="bbox 1247 1824 2292 2277">
     <span class='ocr_line' id='line_1_64' title="bbox 1298 1824 2291 1874; baseline -0.001 -11"><span class='ocrx_word' id='word_1_381' title='bbox 1298 1838 1358 1872; x_wconf 82' lang='lat'><strong>47.</strong></span> <span class='ocrx_word' id='word_1_382' title='bbox 1387 1826 1578 1873; x_wconf 82' lang='lat' dir='ltr'><strong>Peniusque</strong></span> <span class='ocrx_word' id='word_1_383' title='bbox 1607 1832 1836 1872; x_wconf 78' lang='lat' dir='ltr'><strong>Hypanusque</strong></span> <span class='ocrx_word' id='word_1_384' title='bbox 1865 1824 2088 1874; x_wconf 82' lang='lat' dir='ltr'><strong>Oratesque.]</strong></span> <span class='ocrx_word' id='word_1_385' title='bbox 2143 1824 2224 1872; x_wconf 82' lang='lat' dir='ltr'><strong>Ego</strong></span> <span class='ocrx_word' id='word_1_386' title='bbox 2252 1825 2291 1862; x_wconf 84' lang='lat' dir='ltr'><strong>in</strong></span> 
     </span>
     <span class='ocr_line' id='line_1_65' title="bbox 1249 1874 2291 1924; baseline 0 -12"><span class='ocrx_word' id='word_1_387' title='bbox 1249 1876 1351 1912; x_wconf 82' lang='lat' dir='ltr'><strong>Penei</strong></span> <span class='ocrx_word' id='word_1_388' title='bbox 1373 1888 1468 1913; x_wconf 91' lang='lat' dir='ltr'><strong>voce</strong></span> <span class='ocrx_word' id='word_1_389' title='bbox 1481 1875 1571 1913; x_wconf 89' lang='lat' dir='ltr'><strong>nihil</strong></span> <span class='ocrx_word' id='word_1_390' title='bbox 1596 1874 1814 1912; x_wconf 82' lang='lat' dir='ltr'><strong>difficultatis</strong></span> <span class='ocrx_word' id='word_1_391' title='bbox 1838 1874 1947 1911; x_wconf 91' lang='lat' dir='ltr'><strong>video</strong></span> <span class='ocrx_word' id='word_1_392' title='bbox 1962 1902 1972 1918; x_wconf 94' lang='lat'>‚</span> <span class='ocrx_word' id='word_1_393' title='bbox 1999 1874 2064 1912; x_wconf 78' lang='lat' dir='ltr'><strong>nisi</strong></span> <span class='ocrx_word' id='word_1_394' title='bbox 2087 1875 2189 1924; x_wconf 92' lang='lat' dir='ltr'><strong>quod</strong></span> <span class='ocrx_word' id='word_1_395' title='bbox 2211 1875 2291 1923; x_wconf 83' lang='lat' dir='ltr'><strong>ejus</strong></span> 
     </span>
     <span class='ocr_line' id='line_1_66' title="bbox 1248 1924 2290 1974; baseline -0.001 -11"><span class='ocrx_word' id='word_1_396' title='bbox 1248 1927 1461 1974; x_wconf 85' lang='lat' dir='ltr'><strong>exemplum</strong></span> <span class='ocrx_word' id='word_1_397' title='bbox 1488 1924 1640 1973; x_wconf 85' lang='lat' dir='ltr'><strong>aliquod</strong></span> <span class='ocrx_word' id='word_1_398' title='bbox 1661 1925 1775 1962; x_wconf 80' lang='lat' dir='ltr'><strong>simile</strong></span> <span class='ocrx_word' id='word_1_399' title='bbox 1796 1924 1877 1962; x_wconf 82' lang='lat' dir='ltr'><strong>alibi</strong></span> <span class='ocrx_word' id='word_1_400' title='bbox 1897 1936 1973 1962; x_wconf 92' lang='lat' dir='ltr'><strong>non</strong></span> <span class='ocrx_word' id='word_1_401' title='bbox 1995 1933 2105 1962; x_wconf 86' lang='lat' dir='ltr'><strong>extat.</strong></span> <span class='ocrx_word' id='word_1_402' title='bbox 2154 1925 2290 1974; x_wconf 88' lang='lat' dir='ltr'><strong>Neque</strong></span> 
     </span>
     <span class='ocr_line' id='line_1_67' title="bbox 1249 1974 2292 2025; baseline 0 -13"><span class='ocrx_word' id='word_1_403' title='bbox 1249 1977 1349 2013; x_wconf 90' lang='lat' dir='ltr'><strong>enim</strong></span> <span class='ocrx_word' id='word_1_404' title='bbox 1379 1974 1522 2013; x_wconf 84' lang='lat' dir='ltr'><strong>neceffe</strong></span> <span class='ocrx_word' id='word_1_405' title='bbox 1555 1975 1628 2023; x_wconf 82' lang='lat' dir='ltr'><strong>est,</strong></span> <span class='ocrx_word' id='word_1_406' title='bbox 1664 1977 1824 2013; x_wconf 88' lang='lat' dir='ltr'><strong>omnino</strong></span> <span class='ocrx_word' id='word_1_407' title='bbox 1865 1974 1998 2012; x_wconf 83' lang='lat' dir='ltr'><strong>eodem</strong></span> <span class='ocrx_word' id='word_1_408' title='bbox 2030 1975 2148 2013; x_wconf 90' lang='lat' dir='ltr'><strong>modo</strong></span> <span class='ocrx_word' id='word_1_409' title='bbox 2178 1976 2292 2025; x_wconf 84' lang='lat' dir='ltr'><strong>poni,</strong></span> 
     </span>
     <span class='ocr_line' id='line_1_68' title="bbox 1249 2024 2290 2073; baseline 0 -11"><span class='ocrx_word' id='word_1_410' title='bbox 1249 2025 1324 2064; x_wconf 89' lang='lat' dir='ltr'><strong>hoc</strong></span> <span class='ocrx_word' id='word_1_411' title='bbox 1346 2025 1394 2063; x_wconf 90' lang='lat' dir='ltr'><strong>est</strong></span> <span class='ocrx_word' id='word_1_412' title='bbox 1409 2054 1419 2070; x_wconf 91' lang='lat'>‚</span> <span class='ocrx_word' id='word_1_413' title='bbox 1448 2025 1578 2063; x_wconf 91' lang='lat' dir='ltr'><strong>iisdem</strong></span> <span class='ocrx_word' id='word_1_414' title='bbox 1598 2024 1757 2072; x_wconf 89' lang='lat' dir='ltr'><strong>syllabis,</strong></span> <span class='ocrx_word' id='word_1_415' title='bbox 1779 2025 1908 2073; x_wconf 89' lang='lat' dir='ltr'><strong>quibus</strong></span> <span class='ocrx_word' id='word_1_416' title='bbox 1930 2025 1975 2063; x_wconf 88' lang='lat' dir='ltr'><strong>de</strong></span> <span class='ocrx_word' id='word_1_417' title='bbox 1996 2025 2201 2063; x_wconf 75' lang='lat' dir='ltr'><strong>Thessaliae</strong></span> <span class='ocrx_word' id='word_1_418' title='bbox 2223 2025 2290 2063; x_wconf 85' lang='lat' dir='ltr'><strong>tlu-</strong></span> 
     </span>
     <span class='ocr_line' id='line_1_69' title="bbox 1249 2074 2290 2124; baseline 0.002 -13"><span class='ocrx_word' id='word_1_419' title='bbox 1249 2076 1313 2113; x_wconf 87' lang='lat' dir='ltr'><strong>vio</strong></span> <span class='ocrx_word' id='word_1_420' title='bbox 1345 2075 1490 2114; x_wconf 85' lang='lat' dir='ltr'><strong>dicitur.</strong></span> <span class='ocrx_word' id='word_1_421' title='bbox 1542 2075 1738 2123; x_wconf 88' lang='lat' dir='ltr'><strong>Potestque</strong></span> <span class='ocrx_word' id='word_1_422' title='bbox 1770 2075 1827 2111; x_wconf 89' lang='lat' dir='ltr'><strong>vel</strong></span> <span class='ocrx_word' id='word_1_423' title='bbox 1867 2081 1994 2112; x_wconf 74' lang='lat' dir='ltr'><strong>Peneus</strong></span> <span class='ocrx_word' id='word_1_424' title='bbox 2037 2074 2290 2124; x_wconf 82' lang='lat' dir='ltr'><strong>dissyllabum,</strong></span> 
     </span>
     <span class='ocr_line' id='line_1_70' title="bbox 1249 2124 2286 2175; baseline 0.001 -13"><span class='ocrx_word' id='word_1_425' title='bbox 1249 2134 1403 2175; x_wconf 90' lang='lat' dir='ltr'><strong>utraque</strong></span> <span class='ocrx_word' id='word_1_426' title='bbox 1425 2127 1556 2175; x_wconf 87' lang='lat' dir='ltr'><strong>longa,</strong></span> <span class='ocrx_word' id='word_1_427' title='bbox 1582 2124 1722 2163; x_wconf 61' lang='lat' dir='ltr'><strong>dietum</strong></span> <span class='ocrx_word' id='word_1_428' title='bbox 1748 2126 1885 2171; x_wconf 86' lang='lat' dir='ltr'><strong>accipi:</strong></span> <span class='ocrx_word' id='word_1_429' title='bbox 1914 2125 1971 2162; x_wconf 91' lang='lat' dir='ltr'><strong>vel</strong></span> <span class='ocrx_word' id='word_1_430' title='bbox 1999 2127 2110 2164; x_wconf 81' lang='lat' dir='ltr'><strong>etiam</strong></span> <span class='ocrx_word' id='word_1_431' title='bbox 2133 2132 2286 2171; x_wconf 80' lang='lat' dir='ltr'><strong>Peneus,</strong></span> 
     </span>
     <span class='ocr_line' id='line_1_71' title="bbox 1249 2176 2290 2226; baseline 0.002 -13"><span class='ocrx_word' id='word_1_432' title='bbox 1249 2176 1358 2214; x_wconf 89' lang='lat' dir='ltr'><strong>tribus</strong></span> <span class='ocrx_word' id='word_1_433' title='bbox 1380 2176 1518 2226; x_wconf 86' lang='lat' dir='ltr'><strong>syllabis</strong></span> <span class='ocrx_word' id='word_1_434' title='bbox 1543 2205 1554 2221; x_wconf 95' lang='lat'>,</span> <span class='ocrx_word' id='word_1_435' title='bbox 1581 2184 1620 2213; x_wconf 92' lang='lat' dir='ltr'><strong>ut</strong></span> <span class='ocrx_word' id='word_1_436' title='bbox 1649 2178 1786 2224; x_wconf 88' lang='lat' dir='ltr'><strong>priores</strong></span> <span class='ocrx_word' id='word_1_437' title='bbox 1815 2176 1908 2213; x_wconf 78' lang='lat' dir='ltr'><strong>duae</strong></span> <span class='ocrx_word' id='word_1_438' title='bbox 1937 2187 2019 2213; x_wconf 90' lang='lat' dir='ltr'><strong>cum</strong></span> <span class='ocrx_word' id='word_1_439' title='bbox 2056 2177 2290 2224; x_wconf 85' lang='lat' dir='ltr'><strong>praecedenti</strong></span> 
     </span>
     <span class='ocr_line' id='line_1_72' title="bbox 1247 2226 2287 2277; baseline 0.001 -13"><span class='ocrx_word' id='word_1_440' title='bbox 1247 2226 1347 2265; x_wconf 88' lang='lat' dir='ltr'><strong>finali</strong></span> <span class='ocrx_word' id='word_1_441' title='bbox 1369 2227 1556 2277; x_wconf 66' lang='lat' dir='ltr'><strong>dactylum</strong></span> <span class='ocrx_word' id='word_1_442' title='bbox 1584 2227 1817 2264; x_wconf 83' lang='lat' dir='ltr'><strong>constituant.</strong></span> <span class='ocrx_word' id='word_1_443' title='bbox 1844 2227 1942 2263; x_wconf 86' lang='lat' dir='ltr'><strong>Nam</strong></span> <span class='ocrx_word' id='word_1_444' title='bbox 1965 2226 2009 2264; x_wconf 91' lang='lat' dir='ltr'><strong>de</strong></span> <span class='ocrx_word' id='word_1_445' title='bbox 2030 2227 2136 2264; x_wconf 86' lang='lat' dir='ltr'><strong>Plinii</strong></span> <span class='ocrx_word' id='word_1_446' title='bbox 2157 2228 2287 2265; x_wconf 65' lang='lat' dir='ltr'><strong>lectio-</strong></span> 
     </span>
    </p>
   </div>
   <div class='ocr_carea' id='block_1_21' title="bbox 1191 2276 2290 2327">
    <p class='ocr_par' dir='ltr' id='par_1_24' title="bbox 1191 2276 2290 2327">
     <span class='ocr_line' id='line_1_73' title="bbox 1191 2276 2290 2327; baseline 0.002 -13"><span class='ocrx_word' id='word_1_447' title='bbox 1191 2286 1195 2289; x_wconf 80' lang='lat'>·</span> <span class='ocrx_word' id='word_1_448' title='bbox 1247 2290 1295 2315; x_wconf 90' lang='lat' dir='ltr'><strong>ne</strong></span> <span class='ocrx_word' id='word_1_449' title='bbox 1309 2306 1319 2323; x_wconf 92' lang='lat'><strong>,</strong></span> <span class='ocrx_word' id='word_1_450' title='bbox 1347 2289 1458 2327; x_wconf 88' lang='lat' dir='ltr'><strong>quam</strong></span> <span class='ocrx_word' id='word_1_451' title='bbox 1478 2277 1576 2315; x_wconf 82' lang='lat' dir='ltr'><strong>idem</strong></span> <span class='ocrx_word' id='word_1_452' title='bbox 1589 2277 1734 2314; x_wconf 85' lang='lat' dir='ltr'><strong>Merula</strong></span> <span class='ocrx_word' id='word_1_453' title='bbox 1752 2276 2007 2325; x_wconf 89' lang='lat' dir='ltr'><strong>reprehendit,</strong></span> <span class='ocrx_word' id='word_1_454' title='bbox 2030 2277 2087 2315; x_wconf 85' lang='lat' dir='ltr'><strong>alii</strong></span> <span class='ocrx_word' id='word_1_455' title='bbox 2105 2277 2290 2325; x_wconf 86' lang='lat' dir='ltr'><strong>judicent.</strong></span> 
     </span>
    </p>
   </div>
   <div class='ocr_carea' id='block_1_22' title="bbox 1244 2327 2288 3432">
    <p class='ocr_par' dir='ltr' id='par_1_25' title="bbox 1244 2327 2287 3432">
     <span class='ocr_line' id='line_1_74' title="bbox 1248 2327 2285 2377; baseline 0 -11"><span class='ocrx_word' id='word_1_456' title='bbox 1248 2328 1361 2377; x_wconf 89' lang='lat' dir='ltr'><strong>Apud</strong></span> <span class='ocrx_word' id='word_1_457' title='bbox 1383 2328 1598 2367; x_wconf 89' lang='lat' dir='ltr'><strong>Strabonem</strong></span> <span class='ocrx_word' id='word_1_458' title='bbox 1631 2336 1728 2365; x_wconf 89' lang='lat' dir='ltr'><strong>certe</strong></span> <span class='ocrx_word' id='word_1_459' title='bbox 1758 2327 1856 2365; x_wconf 83' lang='lat' dir='ltr'><strong>idem</strong></span> <span class='ocrx_word' id='word_1_460' title='bbox 1881 2328 1984 2365; x_wconf 89' lang='lat' dir='ltr'><strong>locus</strong></span> <span class='ocrx_word' id='word_1_461' title='bbox 2016 2328 2126 2376; x_wconf 84' lang='lat' dir='ltr'><strong>(nam</strong></span> <span class='ocrx_word' id='word_1_462' title='bbox 2150 2329 2285 2366; x_wconf 86' lang='lat' dir='ltr'><strong>Plinius</strong></span> 
     </span>
     <span class='ocr_line' id='line_1_75' title="bbox 1249 2378 2287 2427; baseline -0.001 -10"><span class='ocrx_word' id='word_1_463' title='bbox 1249 2381 1287 2416; x_wconf 71' lang='grc' dir='ltr'><strong>δι</strong></span> <span class='ocrx_word' id='word_1_464' title='bbox 1307 2380 1381 2417; x_wconf 90' lang='lat' dir='ltr'><strong>loci</strong></span> <span class='ocrx_word' id='word_1_465' title='bbox 1405 2381 1441 2416; x_wconf 71' lang='grc' dir='ltr'><strong>δε</strong></span> <span class='ocrx_word' id='word_1_466' title='bbox 1464 2379 1622 2417; x_wconf 87' lang='lat' dir='ltr'><strong>fluminis</strong></span> <span class='ocrx_word' id='word_1_467' title='bbox 1649 2389 1789 2416; x_wconf 87' lang='lat' dir='ltr'><strong>nomen</strong></span> <span class='ocrx_word' id='word_1_468' title='bbox 1821 2378 1929 2426; x_wconf 81' lang='lat' dir='ltr'><strong>facit)</strong></span> <span class='ocrx_word' id='word_1_469' title='bbox 1957 2379 2051 2415; x_wconf 90' lang='lat' dir='ltr'><strong>inter</strong></span> <span class='ocrx_word' id='word_1_470' title='bbox 2070 2378 2287 2427; x_wconf 81' lang='lat' dir='ltr'><strong>Sebastopo-</strong></span> 
     </span>
     <span class='ocr_line' id='line_1_76' title="bbox 1247 2428 2285 2480; baseline 0 -13"><span class='ocrx_word' id='word_1_471' title='bbox 1247 2429 1311 2468; x_wconf 89' lang='lat' dir='ltr'><strong>lim</strong></span> <span class='ocrx_word' id='word_1_472' title='bbox 1327 2459 1338 2475; x_wconf 94' lang='lat'>,</span> <span class='ocrx_word' id='word_1_473' title='bbox 1365 2441 1459 2480; x_wconf 88' lang='lat' dir='ltr'><strong>quae</strong></span> <span class='ocrx_word' id='word_1_474' title='bbox 1479 2431 1516 2467; x_wconf 68' lang='grc' dir='ltr'><strong>ὅ(</strong></span> <span class='ocrx_word' id='word_1_475' title='bbox 1545 2428 1756 2467; x_wconf 84' lang='lat' dir='ltr'><strong>Dioscurias</strong></span> <span class='ocrx_word' id='word_1_476' title='bbox 1785 2428 1833 2466; x_wconf 88' lang='lat' dir='ltr'><strong>est</strong></span> <span class='ocrx_word' id='word_1_477' title='bbox 1857 2456 1867 2471; x_wconf 92' lang='lat'>,</span> <span class='ocrx_word' id='word_1_478' title='bbox 1905 2430 1943 2465; x_wconf 88' lang='lat'>&amp;</span> <span class='ocrx_word' id='word_1_479' title='bbox 1961 2437 2111 2476; x_wconf 87' lang='lat' dir='ltr'><strong>gentem</strong></span> <span class='ocrx_word' id='word_1_480' title='bbox 2136 2429 2285 2467; x_wconf 84' lang='lat' dir='ltr'><strong>Henio-</strong></span> 
     </span>
     <span class='ocr_line' id='line_1_77' title="bbox 1248 2478 2284 2527; baseline -0.005 -9"><span class='ocrx_word' id='word_1_481' title='bbox 1248 2481 1402 2518; x_wconf 90' lang='lat' dir='ltr'><strong>chorum</strong></span> <span class='ocrx_word' id='word_1_482' title='bbox 1420 2508 1429 2522; x_wconf 86' lang='lat'>‚</span> <span class='ocrx_word' id='word_1_483' title='bbox 1459 2482 1495 2517; x_wconf 92' lang='lat' dir='ltr'><strong>in</strong></span> <span class='ocrx_word' id='word_1_484' title='bbox 1517 2481 1690 2518; x_wconf 88' lang='lat' dir='ltr'><strong>interiore</strong></span> <span class='ocrx_word' id='word_1_485' title='bbox 1717 2480 1825 2517; x_wconf 88' lang='lat' dir='ltr'><strong>Ponti</strong></span> <span class='ocrx_word' id='word_1_486' title='bbox 1855 2478 1956 2521; x_wconf 88' lang='lat' dir='ltr'><strong>finu,</strong></span> <span class='ocrx_word' id='word_1_487' title='bbox 1987 2480 2139 2522; x_wconf 77' lang='grc' dir='ltr'><strong>Πιτυοῦς</strong></span> <span class='ocrx_word' id='word_1_488' title='bbox 2158 2480 2284 2527; x_wconf 81' lang='lat' dir='ltr'><strong>appel-</strong></span> 
     </span>
     <span class='ocr_line' id='line_1_78' title="bbox 1246 2528 2287 2578; baseline 0 -9"><span class='ocrx_word' id='word_1_489' title='bbox 1246 2531 1350 2569; x_wconf 78' lang='lat' dir='ltr'><strong>latur,</strong></span> <span class='ocrx_word' id='word_1_490' title='bbox 1378 2530 1580 2569; x_wconf 88' lang='lat' dir='ltr'><strong>Videlibro</strong></span> <span class='ocrx_word' id='word_1_491' title='bbox 1603 2530 1815 2568; x_wconf 84' lang='lat' dir='ltr'><strong>undecimo.</strong></span> <span class='ocrx_word' id='word_1_492' title='bbox 1855 2528 1971 2578; x_wconf 90' lang='lat' dir='ltr'><strong>Quod</strong></span> <span class='ocrx_word' id='word_1_493' title='bbox 1986 2538 2109 2567; x_wconf 87' lang='lat' dir='ltr'><strong>autem</strong></span> <span class='ocrx_word' id='word_1_494' title='bbox 2133 2531 2287 2578; x_wconf 87' lang='lat' dir='ltr'><strong>quidam</strong></span> 
     </span>
     <span class='ocr_line' id='line_1_79' title="bbox 1248 2580 2284 2631; baseline 0 -12"><span class='ocrx_word' id='word_1_495' title='bbox 1248 2582 1358 2620; x_wconf 83' lang='lat' dir='ltr'><strong>etiarn</strong></span> <span class='ocrx_word' id='word_1_496' title='bbox 1389 2581 1550 2631; x_wconf 82' lang='lat' dir='ltr'><strong>Pamison</strong></span> <span class='ocrx_word' id='word_1_497' title='bbox 1569 2593 1634 2629; x_wconf 87' lang='lat' dir='ltr'><strong>pro</strong></span> <span class='ocrx_word' id='word_1_498' title='bbox 1666 2587 1770 2618; x_wconf 83' lang='lat' dir='ltr'><strong>Peneo</strong></span> <span class='ocrx_word' id='word_1_499' title='bbox 1792 2580 1912 2627; x_wconf 81' lang='lat' dir='ltr'><strong>legere</strong></span> <span class='ocrx_word' id='word_1_500' title='bbox 1939 2580 2080 2618; x_wconf 85' lang='lat' dir='ltr'><strong>malunt</strong></span> <span class='ocrx_word' id='word_1_501' title='bbox 2103 2608 2114 2625; x_wconf 92' lang='lat'>‚</span> <span class='ocrx_word' id='word_1_502' title='bbox 2142 2581 2178 2618; x_wconf 90' lang='lat' dir='ltr'><strong>id</strong></span> <span class='ocrx_word' id='word_1_503' title='bbox 2199 2581 2284 2619; x_wconf 87' lang='lat' dir='ltr'><strong>illo-</strong></span> 
     </span>
     <span class='ocr_line' id='line_1_80' title="bbox 1247 2630 2283 2682; baseline 0.001 -12"><span class='ocrx_word' id='word_1_504' title='bbox 1247 2644 1328 2670; x_wconf 90' lang='lat' dir='ltr'><strong>rum</strong></span> <span class='ocrx_word' id='word_1_505' title='bbox 1346 2632 1490 2682; x_wconf 88' lang='lat' dir='ltr'><strong>judicio</strong></span> <span class='ocrx_word' id='word_1_506' title='bbox 1519 2632 1703 2680; x_wconf 90' lang='lat' dir='ltr'><strong>relinquo.</strong></span> <span class='ocrx_word' id='word_1_507' title='bbox 1751 2631 1831 2679; x_wconf 83' lang='lat' dir='ltr'><strong>Ego</strong></span> <span class='ocrx_word' id='word_1_508' title='bbox 1854 2630 1943 2668; x_wconf 88' lang='lat' dir='ltr'><strong>nihil</strong></span> <span class='ocrx_word' id='word_1_509' title='bbox 1965 2640 2105 2668; x_wconf 88' lang='lat' dir='ltr'><strong>temere</strong></span> <span class='ocrx_word' id='word_1_510' title='bbox 2126 2633 2283 2671; x_wconf 82' lang='lat' dir='ltr'><strong>convel-</strong></span> 
     </span>
     <span class='ocr_line' id='line_1_81' title="bbox 1246 2681 2282 2730; baseline 0 -10"><span class='ocrx_word' id='word_1_511' title='bbox 1246 2683 1396 2721; x_wconf 86' lang='lat' dir='ltr'><strong>lendum</strong></span> <span class='ocrx_word' id='word_1_512' title='bbox 1422 2691 1512 2730; x_wconf 88' lang='lat' dir='ltr'><strong>puto</strong></span> <span class='ocrx_word' id='word_1_513' title='bbox 1540 2710 1550 2727; x_wconf 93' lang='lat'><strong>‚</strong></span> <span class='ocrx_word' id='word_1_514' title='bbox 1573 2694 1695 2730; x_wconf 89' lang='lat' dir='ltr'><strong>neque</strong></span> <span class='ocrx_word' id='word_1_515' title='bbox 1731 2693 1796 2730; x_wconf 88' lang='lat' dir='ltr'><strong>pro</strong></span> <span class='ocrx_word' id='word_1_516' title='bbox 1828 2683 1991 2725; x_wconf 84' lang='lat' dir='ltr'><strong>incerto,</strong></span> <span class='ocrx_word' id='word_1_517' title='bbox 2018 2690 2080 2719; x_wconf 86' lang='lat' dir='ltr'><strong>aut</strong></span> <span class='ocrx_word' id='word_1_518' title='bbox 2104 2681 2282 2726; x_wconf 82' lang='lat' dir='ltr'><strong>obscuro,</strong></span> 
     </span>
     <span class='ocr_line' id='line_1_82' title="bbox 1248 2731 2282 2783; baseline -0.001 -11"><span class='ocrx_word' id='word_1_519' title='bbox 1248 2745 1365 2783; x_wconf 87' lang='lat' dir='ltr'><strong>aeque</strong></span> <span class='ocrx_word' id='word_1_520' title='bbox 1396 2734 1573 2771; x_wconf 82' lang='lat' dir='ltr'><strong>incertum</strong></span> <span class='ocrx_word' id='word_1_521' title='bbox 1605 2731 1919 2770; x_wconf 81' lang='lat' dir='ltr'><strong>substituendum:</strong></span> <span class='ocrx_word' id='word_1_522' title='bbox 1959 2741 2150 2780; x_wconf 85' lang='lat' dir='ltr'><strong>propterea</strong></span> <span class='ocrx_word' id='word_1_523' title='bbox 2179 2735 2282 2782; x_wconf 89' lang='lat' dir='ltr'><strong>quod</strong></span> 
     </span>
     <span class='ocr_line' id='line_1_83' title="bbox 1248 2782 2283 2832; baseline 0 -10"><span class='ocrx_word' id='word_1_524' title='bbox 1248 2786 1361 2822; x_wconf 77' lang='lat' dir='ltr'><strong>multa</strong></span> <span class='ocrx_word' id='word_1_525' title='bbox 1380 2784 1474 2832; x_wconf 76' lang='lat' dir='ltr'><strong>apud</strong></span> <span class='ocrx_word' id='word_1_526' title='bbox 1496 2793 1636 2821; x_wconf 84' lang='lat' dir='ltr'><strong>veteres</strong></span> <span class='ocrx_word' id='word_1_527' title='bbox 1655 2782 1817 2829; x_wconf 85' lang='lat' dir='ltr'><strong>usurpata</strong></span> <span class='ocrx_word' id='word_1_528' title='bbox 1830 2783 1952 2827; x_wconf 89' lang='lat' dir='ltr'><strong>fuere,</strong></span> <span class='ocrx_word' id='word_1_529' title='bbox 1981 2794 2141 2831; x_wconf 85' lang='lat' dir='ltr'><strong>quorum</strong></span> <span class='ocrx_word' id='word_1_530' title='bbox 2155 2795 2283 2822; x_wconf 79' lang='lat' dir='ltr'><strong>exem-</strong></span> 
     </span>
     <span class='ocr_line' id='line_1_84' title="bbox 1247 2832 2282 2884; baseline 0 -11"><span class='ocrx_word' id='word_1_531' title='bbox 1247 2836 1303 2884; x_wconf 91' lang='lat' dir='ltr'><strong>pla</strong></span> <span class='ocrx_word' id='word_1_532' title='bbox 1325 2835 1367 2872; x_wconf 89' lang='lat' dir='ltr'><strong>ad</strong></span> <span class='ocrx_word' id='word_1_533' title='bbox 1390 2846 1456 2872; x_wconf 90' lang='lat' dir='ltr'><strong>nos</strong></span> <span class='ocrx_word' id='word_1_534' title='bbox 1481 2835 1537 2872; x_wconf 82' lang='lat' dir='ltr'><strong>vel</strong></span> <span class='ocrx_word' id='word_1_535' title='bbox 1559 2834 1654 2871; x_wconf 84' lang='lat' dir='ltr'><strong>nulla</strong></span> <span class='ocrx_word' id='word_1_536' title='bbox 1669 2862 1679 2878; x_wconf 93' lang='lat'>‚</span> <span class='ocrx_word' id='word_1_537' title='bbox 1709 2833 1765 2870; x_wconf 80' lang='lat' dir='ltr'><strong>vel</strong></span> <span class='ocrx_word' id='word_1_538' title='bbox 1795 2832 1934 2881; x_wconf 86' lang='lat' dir='ltr'><strong>prorsus</strong></span> <span class='ocrx_word' id='word_1_539' title='bbox 1960 2833 2130 2870; x_wconf 83' lang='lat' dir='ltr'><strong>rariffima</strong></span> <span class='ocrx_word' id='word_1_540' title='bbox 2151 2845 2282 2882; x_wconf 89' lang='lat' dir='ltr'><strong>perve-</strong></span> 
     </span>
     <span class='ocr_line' id='line_1_85' title="bbox 1244 2883 2284 2934; baseline -0.001 -11"><span class='ocrx_word' id='word_1_541' title='bbox 1244 2897 1343 2923; x_wconf 89' lang='lat' dir='ltr'><strong>nere.</strong></span> <span class='ocrx_word' id='word_1_542' title='bbox 1371 2885 1517 2922; x_wconf 87' lang='lat' dir='ltr'><strong>Deinde</strong></span> <span class='ocrx_word' id='word_1_543' title='bbox 1535 2886 1572 2922; x_wconf 87' lang='lat'>&amp;</span> <span class='ocrx_word' id='word_1_544' title='bbox 1595 2885 1681 2922; x_wconf 83' lang='lat' dir='ltr'><strong>illud</strong></span> <span class='ocrx_word' id='word_1_545' title='bbox 1703 2883 1908 2932; x_wconf 69' lang='lat' dir='ltr'><strong>probabile,</strong></span> <span class='ocrx_word' id='word_1_546' title='bbox 1938 2883 2118 2921; x_wconf 89' lang='lat' dir='ltr'><strong>Ovidium</strong></span> <span class='ocrx_word' id='word_1_547' title='bbox 2133 2913 2143 2928; x_wconf 89' lang='lat'>‚</span> <span class='ocrx_word' id='word_1_548' title='bbox 2174 2893 2284 2934; x_wconf 87' lang='lat' dir='ltr'><strong>utpo-</strong></span> 
     </span>
     <span class='ocr_line' id='line_1_86' title="bbox 1245 2933 2281 2985; baseline 0 -10"><span class='ocrx_word' id='word_1_549' title='bbox 1245 2945 1282 2975; x_wconf 91' lang='lat' dir='ltr'><strong>te</strong></span> <span class='ocrx_word' id='word_1_550' title='bbox 1302 2938 1365 2985; x_wconf 88' lang='lat' dir='ltr'><strong>qui</strong></span> <span class='ocrx_word' id='word_1_551' title='bbox 1386 2945 1443 2973; x_wconf 91' lang='lat' dir='ltr'><strong>tot</strong></span> <span class='ocrx_word' id='word_1_552' title='bbox 1458 2937 1534 2983; x_wconf 84' lang='lat' dir='ltr'><strong>jam</strong></span> <span class='ocrx_word' id='word_1_553' title='bbox 1566 2947 1680 2972; x_wconf 87' lang='lat' dir='ltr'><strong>annos</strong></span> <span class='ocrx_word' id='word_1_554' title='bbox 1712 2937 1746 2972; x_wconf 90' lang='lat' dir='ltr'><strong>in</strong></span> <span class='ocrx_word' id='word_1_555' title='bbox 1782 2935 1903 2971; x_wconf 87' lang='lat' dir='ltr'><strong>Ponto</strong></span> <span class='ocrx_word' id='word_1_556' title='bbox 1925 2933 2090 2976; x_wconf 81' lang='lat' dir='ltr'><strong>vixisset,</strong></span> <span class='ocrx_word' id='word_1_557' title='bbox 2118 2935 2216 2983; x_wconf 83' lang='lat' dir='ltr'><strong>plura</strong></span> <span class='ocrx_word' id='word_1_558' title='bbox 2238 2948 2281 2975; x_wconf 86' lang='lat' dir='ltr'><strong>ac</strong></span> 
     </span>
     <span class='ocr_line' id='line_1_87' title="bbox 1247 2985 2281 3035; baseline 0.001 -11"><span class='ocrx_word' id='word_1_559' title='bbox 1247 2988 1400 3024; x_wconf 90' lang='lat' dir='ltr'><strong>certiora</strong></span> <span class='ocrx_word' id='word_1_560' title='bbox 1431 2986 1594 3035; x_wconf 86' lang='lat' dir='ltr'><strong>ejusdem</strong></span> <span class='ocrx_word' id='word_1_561' title='bbox 1627 2986 1699 3022; x_wconf 90' lang='lat' dir='ltr'><strong>loci</strong></span> <span class='ocrx_word' id='word_1_562' title='bbox 1730 2985 1924 3022; x_wconf 86' lang='lat' dir='ltr'><strong>fluminum</strong></span> <span class='ocrx_word' id='word_1_563' title='bbox 1953 2985 2107 3022; x_wconf 88' lang='lat' dir='ltr'><strong>nomina</strong></span> <span class='ocrx_word' id='word_1_564' title='bbox 2133 2988 2281 3034; x_wconf 67' lang='lat' dir='ltr'><strong>cognita</strong></span> 
     </span>
     <span class='ocr_line' id='line_1_88' title="bbox 1247 3034 2282 3086; baseline -0.002 -11"><span class='ocrx_word' id='word_1_565' title='bbox 1247 3035 1429 3080; x_wconf 66' lang='lat' dir='ltr'><strong>habuisse,</strong></span> <span class='ocrx_word' id='word_1_566' title='bbox 1458 3048 1568 3086; x_wconf 89' lang='lat' dir='ltr'><strong>quam</strong></span> <span class='ocrx_word' id='word_1_567' title='bbox 1593 3035 1650 3073; x_wconf 88' lang='lat' dir='ltr'><strong>alii</strong></span> <span class='ocrx_word' id='word_1_568' title='bbox 1666 3064 1675 3080; x_wconf 90' lang='lat'>‚</span> <span class='ocrx_word' id='word_1_569' title='bbox 1705 3045 1814 3084; x_wconf 88' lang='lat' dir='ltr'><strong>atque</strong></span> <span class='ocrx_word' id='word_1_570' title='bbox 1836 3035 2019 3081; x_wconf 82' lang='lat' dir='ltr'><strong>absentes,</strong></span> <span class='ocrx_word' id='word_1_571' title='bbox 2045 3034 2282 3080; x_wconf 77' lang='lat' dir='ltr'><strong>tradere‚aut</strong></span> 
     </span>
     <span class='ocr_line' id='line_1_89' title="bbox 1250 3086 2280 3136; baseline -0.002 -11"><span class='ocrx_word' id='word_1_572' title='bbox 1250 3088 1361 3125; x_wconf 70' lang='lat' dir='ltr'><strong>ctiam</strong></span> <span class='ocrx_word' id='word_1_573' title='bbox 1391 3087 1477 3125; x_wconf 91' lang='lat' dir='ltr'><strong>scire</strong></span> <span class='ocrx_word' id='word_1_574' title='bbox 1506 3095 1712 3136; x_wconf 88' lang='lat' dir='ltr'><strong>potuerant.</strong></span> <span class='ocrx_word' id='word_1_575' title='bbox 1741 3087 1917 3123; x_wconf 77' lang='lat' dir='ltr'><strong>Micrtt.</strong></span> <span class='ocrx_word' id='word_1_576' title='bbox 1958 3086 2142 3135; x_wconf 62' lang='lat' dir='ltr'><strong>Peniusque</strong></span> <span class='ocrx_word' id='word_1_577' title='bbox 2162 3086 2280 3123; x_wconf 76' lang='lat' dir='ltr'><strong>codex</strong></span> 
     </span>
     <span class='ocr_line' id='line_1_90' title="bbox 1251 3135 2282 3186; baseline -0.003 -10"><span class='ocrx_word' id='word_1_578' title='bbox 1251 3140 1347 3176; x_wconf 87' lang='lat' dir='ltr'><strong>Petri</strong></span> <span class='ocrx_word' id='word_1_579' title='bbox 1366 3138 1492 3176; x_wconf 89' lang='lat' dir='ltr'><strong>Servii.</strong></span> <span class='ocrx_word' id='word_1_580' title='bbox 1518 3140 1556 3175; x_wconf 87' lang='lat'>&amp;</span> <span class='ocrx_word' id='word_1_581' title='bbox 1582 3139 1618 3174; x_wconf 90' lang='lat' dir='ltr'><strong>in</strong></span> <span class='ocrx_word' id='word_1_582' title='bbox 1648 3137 1783 3186; x_wconf 86' lang='lat' dir='ltr'><strong>scriptis</strong></span> <span class='ocrx_word' id='word_1_583' title='bbox 1815 3137 1919 3174; x_wconf 89' lang='lat' dir='ltr'><strong>Plinii</strong></span> <span class='ocrx_word' id='word_1_584' title='bbox 1939 3136 2201 3184; x_wconf 66' lang='lat' dir='ltr'><strong>exemplaribus</strong></span> <span class='ocrx_word' id='word_1_585' title='bbox 2221 3135 2282 3173; x_wconf 88' lang='lat' dir='ltr'><strong>lib.</strong></span> 
     </span>
     <span class='ocr_line' id='line_1_91' title="bbox 1255 3186 2282 3238; baseline -0.007 -12"><span class='ocrx_word' id='word_1_586' title='bbox 1255 3201 1307 3226; x_wconf 81' lang='lat' dir='ltr'><strong>vr.</strong></span> <span class='ocrx_word' id='word_1_587' title='bbox 1329 3201 1407 3238; x_wconf 89' lang='lat' dir='ltr'><strong>cap.</strong></span> <span class='ocrx_word' id='word_1_588' title='bbox 1428 3199 1464 3237; x_wconf 84' lang='lat'><strong>4.</strong></span> <span class='ocrx_word' id='word_1_589' title='bbox 1493 3188 1637 3225; x_wconf 79' lang='lat' dir='ltr'><strong>Flumen</strong></span> <span class='ocrx_word' id='word_1_590' title='bbox 1657 3199 1698 3227; x_wconf 63' lang='grc' dir='ltr'><strong>ω’</strong></span> <span class='ocrx_word' id='word_1_591' title='bbox 1717 3186 1871 3236; x_wconf 76' lang='lat' dir='ltr'><strong>oppidum</strong></span> <span class='ocrx_word' id='word_1_592' title='bbox 1896 3186 2028 3223; x_wconf 84' lang='lat' dir='ltr'><strong>Penius.</strong></span> <span class='ocrx_word' id='word_1_593' title='bbox 2065 3186 2282 3235; x_wconf 73' lang='lat' dir='ltr'><strong>Hypanisque</strong></span> 
     </span>
     <span class='ocr_line' id='line_1_92' title="bbox 1255 3235 2282 3284; baseline -0.005 -7"><span class='ocrx_word' id='word_1_594' title='bbox 1255 3241 1364 3278; x_wconf 86' lang='lat' dir='ltr'><strong>etiam</strong></span> <span class='ocrx_word' id='word_1_595' title='bbox 1398 3239 1624 3277; x_wconf 88' lang='lat' dir='ltr'><strong>scribendum</strong></span> <span class='ocrx_word' id='word_1_596' title='bbox 1654 3250 1698 3275; x_wconf 85' lang='lat' dir='ltr'><strong>ex</strong></span> <span class='ocrx_word' id='word_1_597' title='bbox 1727 3239 1823 3276; x_wconf 87' lang='lat' dir='ltr'><strong>libris</strong></span> <span class='ocrx_word' id='word_1_598' title='bbox 1852 3238 2017 3284; x_wconf 83' lang='lat' dir='ltr'><strong>antiquis.</strong></span> <span class='ocrx_word' id='word_1_599' title='bbox 2053 3235 2113 3282; x_wconf 87' lang='lat' dir='ltr'><strong>qui</strong></span> <span class='ocrx_word' id='word_1_600' title='bbox 2142 3236 2282 3272; x_wconf 82' lang='lat' dir='ltr'><strong>noriffi-</strong></span> 
     </span>
     <span class='ocr_line' id='line_1_93' title="bbox 1256 3284 2286 3338; baseline -0.007 -10"><span class='ocrx_word' id='word_1_601' title='bbox 1256 3302 1336 3329; x_wconf 87' lang='lat' dir='ltr'><strong>mus</strong></span> <span class='ocrx_word' id='word_1_602' title='bbox 1351 3290 1399 3328; x_wconf 92' lang='lat' dir='ltr'><strong>est</strong></span> <span class='ocrx_word' id='word_1_603' title='bbox 1417 3290 1558 3328; x_wconf 85' lang='lat' dir='ltr'><strong>fluvius.</strong></span> <span class='ocrx_word' id='word_1_604' title='bbox 1573 3300 1638 3337; x_wconf 92' lang='lat' dir='ltr'><strong>pro</strong></span> <span class='ocrx_word' id='word_1_605' title='bbox 1649 3295 1835 3338; x_wconf 84' lang='lat' dir='ltr'><strong>Oratesque</strong></span> <span class='ocrx_word' id='word_1_606' title='bbox 1848 3296 1984 3325; x_wconf 74' lang='lat' dir='ltr'><strong>veteres</strong></span> <span class='ocrx_word' id='word_1_607' title='bbox 2004 3284 2180 3332; x_wconf 84' lang='lat' dir='ltr'><strong>plerique,</strong></span> <span class='ocrx_word' id='word_1_608' title='bbox 2193 3292 2286 3322; x_wconf 83' lang='lat' dir='ltr'><strong>Cra-</strong></span> 
     </span>
     <span class='ocr_line' id='line_1_94' title="bbox 1256 3335 2285 3432; baseline -0.009 -50"><span class='ocrx_word' id='word_1_609' title='bbox 1256 3353 1369 3392; x_wconf 81' lang='lat' dir='ltr'><strong>tesque</strong></span> <span class='ocrx_word' id='word_1_610' title='bbox 1379 3369 1390 3388; x_wconf 89' lang='lat'><em>‚</em></span> <span class='ocrx_word' id='word_1_611' title='bbox 1402 3341 1586 3432; x_wconf 53' lang='grc' dir='ltr'>ῃςέῃυίὶί,</span> <span class='ocrx_word' id='word_1_612' title='bbox 1598 3345 1770 3392; x_wconf 76' lang='lat' dir='ltr'><strong>curesque</strong></span> <span class='ocrx_word' id='word_1_613' title='bbox 1781 3368 1791 3386; x_wconf 87' lang='lat'><em>‚</em></span> <span class='ocrx_word' id='word_1_614' title='bbox 1805 3339 1863 3379; x_wconf 88' lang='lat' dir='ltr'><strong>vel</strong></span> <span class='ocrx_word' id='word_1_615' title='bbox 1875 3343 2052 3384; x_wconf 74' lang='lat' dir='ltr'><strong>Catesque.</strong></span> <span class='ocrx_word' id='word_1_616' title='bbox 2081 3335 2176 3374; x_wconf 77' lang='lat' dir='ltr'><strong>unde</strong></span> <span class='ocrx_word' id='word_1_617' title='bbox 2186 3336 2285 3392; x_wconf 58' lang='lat' dir='ltr'><strong>recte</strong></span> 
     </span>
    </p>

    <p class='ocr_par' dir='ltr' id='par_1_26' title="bbox 1488 3398 2288 3431">
     <span class='ocr_line' id='line_1_95' title="bbox 1488 3398 2288 3431; baseline -0.006 0"><span class='ocrx_word' id='word_1_618' title='bbox 1488 3398 1573 3431; x_wconf 88' lang='lat' dir='ltr'><strong>tttt</strong></span> <span class='ocrx_word' id='word_1_619' title='bbox 1602 3402 1623 3428; x_wconf 86' lang='lat'><em>2</em></span> <span class='ocrx_word' id='word_1_620' title='bbox 2233 3398 2288 3426; x_wconf 62' lang='lat' dir='ltr'><strong>Vir</strong></span> 
     </span>
    </p>
   </div>
  </div>
 </body>
</html>
