2495 3675
435 154 1066 228 TRISTIUM
1150 167 1501 226 L113.111.

2130 167 2223 221 601

1577 168 1748 225 ELEG.
1787 170 1939 231 XIV.

368 257 518 315 Dum
541 279 655 329 me,
694 275 956 322 terrarum
981 267 1098 339 pa'rs
1121 283 1259 339 pene
1284 262 1593 327 novissima,
1631 263 1865 330 PontuS,

443 331 642 391 Euxini
667 336 793 392 falso
820 340 1040 395 nomine
1065 339 1265 406 dicim,
1302 339 1479 395 habet.

81 469 181 514 libri,
208 467 265 507 sed
292 469 415 517 inepta
434 469 559 510 leffio.
587 476 733 523 quoties
751 487 828 513 non
850 475 1003 522 Noster,
1024 476 1121 524 stru-

84 523 148 558 flos
166 521 202 556 &
227 519 406 563 exstruens
428 535 519 570 rogos
539 523 654 561 dixit!
685 525 758 563 vid.
785 526 846 563 lib.
874 538 902 562 1.
930 538 992 564 111.
1013 528 1076 575 98.

129 582 187 607 22.
219 570 377 607 Flamma
399 581 523 614 parata
545 574 667 624 rogis.]
706 581 850 624 Reperta
869 577 1034 625 quinque
1053 589 1118 614 ve-

80 620 304 658 terespnm.
326 621 445 660 Varie.
459 625 497 661 &
512 634 668 673 quatuor
686 625 744 662 alii
758 652 769 668 ‚
790 628 942 674 perafla.
971 627 1117 668 Heius.

81 670 255 711 Heinsius
284 672 374 711 olim
402 673 489 713 inde
507 684 648 725 perapta
672 675 841 717 faciebat.

1227 487 1288 518 27.
1316 485 1402 516 Pars
1419 487 1500 526 pene
1523 473 1703 525 noviffima
1727 474 1828 513 Ponti
1848 472 2048 522 Euxinus]
2089 479 2215 512 Pomm

1176 530 1283 566 multi
1304 537 1454 566 veteres.
1484 528 1604 565 Scribe
1619 556 1629 573 ,
1894 575 1899 581 ι

1225 585 1327 616 Dum
1350 593 1402 616 me
1422 591 1598 616 terrarum
1617 588 1696 628 pars
1718 587 1796 623 pene
1818 573 1995 624 novsffima
2022 581 2147 611 Pontus
2161 600 2171 618 ,

1277 631 1408 666 Euxini
1422 629 1513 677 falso
1536 630 1673 665 nomine
1689 629 1800 665 dicius
1814 656 1825 672 ‚
1854 627 1966 663 habet.

1172 680 1321 719 Hnms.
1349 679 1404 718 Ita
1426 681 1464 718 &
1484 681 1625 728 legebat
1647 680 1759 720 Faber
1778 679 1823 718 ad
1839 677 1990 718 Phaedr.
2012 686 2065 715 ιν.
2088 674 2219 721 Fabsisj

802 851 1345 913 ELEGIA
1444 851 1623 919 XIV.

497 997 657 1055 Ultor
683 1000 738 1055 δε
764 1003 972 1058 antistes
999 1003 1285 1059 dociorum
1309 1004 1481 1061 sancie
1507 1005 1779 1066 virorum,

570 1075 675 1146 Qui
706 1075 830 1129 facis
866 1076 1086 1148 ingenio
1112 1077 1320 1149 semper
1348 1080 1516 1132 amice
1542 1095 1698 1137 meo;

361 1142 578 1219 Ecquid
597 1187 610 1210 ,
649 1148 1046 1204 utincolumem
1073 1150 1348 1220 quondam
1376 1150 1643 1205 celebrare
1669 1146 1894 1211 solebas,

439 1219 599 1274 Nunc
626 1237 843 1292 quoque
862 1261 878 1284 ‚
919 1239 987 1276 ne
1015 1222 1197 1277 videar
1224 1236 1369 1277 totus
1394 1223 1591 1284 abeffe,
1631 1221 1814 1276 caves?

222 1305 254 1360 ς
365 1290 592 1363 Suscipis
621 1294 858 1364 exceptis
883 1294 1079 1367 ecquid
1107 1312 1223 1349 mea
1251 1296 1481 1350 carmina
1507 1294 1632 1350 solis-

445 1364 666 1418 Artibus
682 1403 697 1428 ‚
739 1366 928 1420 arti-fici
952 1384 1088 1440 quae
1112 1385 1349 1423 nocuere
1372 1369 1500 1422 suo?

366 1436 538 1491 Immo
565 1438 635 1491 ita
659 1436 740 1491 fac
761 1480 775 1500 ‚
818 1452 1026 1502 vatum,
1065 1441 1258 1511 quaeso
1283 1480 1298 1504 ‚
1336 1439 1565 1495 studiose
1590 1455 1854 1494 novorum
1872 1460 1891 1499 3

440 1509 674 1580 Quaque
702 1522 880 1579 pote3‚
913 1513 1083 1566 retine
1109 1530 1303 1585 corpus
1327 1513 1382 1567 in
1407 1512 1554 1568 Urbe
1581 1529 1778 1566 meum.

360 1578 453 1634 Est
478 1581 601 1652 fuga
626 1582 764 1635 dicia
790 1582 945 1646 mihi,
985 1601 1092 1638 non
1121 1586 1195 1639 est
1221 1585 1343 1656 fuga
1371 1584 1510 1639 dicia
1533 1584 1745 1647 libellis,

222 1664 288 1703 10

434 1652 546 1724 Qui
571 1654 777 1707 domini
804 1672 1030 1725 poenam
1057 1673 1166 1710 non
1191 1675 1435 1711 meruere
1460 1657 1583 1728 pati.

305 1740 307 1742 ·
365 1723 529 1794 Saepe
555 1741 649 1795 per
675 1740 938 1781 extremas
965 1727 1223 1799 profugus
1249 1743 1397 1798 pater
1421 1730 1620 1784 exsulat
1647 1744 1795 1789 oras;

436 1797 583 1850 Urbe
612 1811 787 1850 tamen
818 1799 949 1853 natis
976 1800 1163 1853 exsulis
1191 1799 1295 1853 ess'e
1321 1801 1462 1855 licet.

361 1867 582 1923 Palladis
609 1872 887 1942 exempIO,
925 1872 996 1925 de
1023 1889 1109 1925 me
1137 1871 1242 1926 fine
1269 1886 1438 1927 matre
1462 1885 1635 1928 creata

435 1942 690 1998 Carmina
715 1944 848 2000 sunt.
889 1943 1038 2016 stirps
1062 1944 1192 2001 haec
1219 1946 1610 2019 progeniesque
1636 1962 1753 2001 mea
1778 1943 1875 1999 est..

126 2215 161 2240 2·
191 2201 434 2255 Qidfacis]
462 2203 640 2253 Qifacis
658 2205 789 2257 scripti.
818 2209 964 2249 erusss

76 2310 79 2314 .
124 2274 160 2310 ς.
187 2265 366 2315 suscipis.]
404 2264 543 2313 colligis
561 2266 596 2303 in
621 2268 817 2306 nonnullis.
845 2271 979 2309 Naue.
1027 2275 1118 2309 Con-

67 2310 144 2359 ficis
164 2313 251 2352 ocio
275 2317 500 2354 vetustiores.
524 2317 642 2365 plures
665 2345 676 2362 ‚
715 2321 910 2369 Conspicis,
943 2333 1012 2360 nec
1030 2334 1118 2371 pau-

75 2364 108 2399 ci
123 2364 290 2413 ,Colligis.
304 2368 404 2414 quod
428 2366 570 2415 sequor.
591 2380 703 2409 unus.
719 2371 866 2419 Excipis.
900 2372 988 2411 alius
1002 2401 1012 2417 ,
1034 2374 1120 2412 Exi-

71 2412 133 2461 gis.
162 2414 303 2453 Hiems.
359 2417 498 2465 Colligis
527 2416 614 2457 esset
646 2420 769 2464 idem,
799 2422 900 2470 quod
924 2431 1118 2472 tamquam

74 2463 280 2511 expositum
307 2477 445 2514 partum
471 2467 587 2505 tollis:
627 2469 661 2505 id
689 2472 790 2507 enim
815 2475 960 2519 proprie
981 2474 1028 2511 est
1050 2474 1116 2511 col-

70 2511 181 2560 ligere.
208 2515 415 2562 vid.Justin,
434 2518 659 2561 xxixr.4.sed
681 2521 765 2566 quia
779 2523 939 2570 agnoscit
959 2524 1017 2562 sua
1041 2537 1117 2563 car-

71 2564 174 2601 mina
195 2564 375 2611 Ovidius,
405 2567 529 2604 immo
548 2568 620 2616 ipse
648 2572 760 2608 mittit
781 2574 903 2610 amico
926 2574 1010 2615 suo,
1039 2587 1117 2613 non

72 2613 172 2650 reete
194 2614 341 2664 colligere
360 2616 431 2654 dici
455 2617 512 2655 illa
532 2618 647 2665 potest
661 2647 671 2664 ‚
699 2632 794 2669 quae
814 2635 888 2661 non
915 2626 1117 2673 projiciun-

71 2670 152 2706 tur;
181 2663 238 2703 sed
263 2669 349 2715 quia
375 2668 548 2705 infamata
579 2673 784 2716 patrocinio
814 2674 990 2723 egebant,
1020 2676 1118 2714 reete

73 2713 183 2759 dicit,
204 2717 360 2765 suscipis?
388 2719 489 2767 quod
507 2721 648 2767 patroni
670 2722 740 2765 est:
770 2724 818 2761 ita
842 2726 907 2762 inf.
933 2736 1034 2773 v.·V1.
1059 2738 1093 2776 3.

83 2810 85 2812 ,
124 2781 176 2814 Tu
195 2780 292 2816 modo
305 2781 449 2830 suscepti
470 2782 620 2831 cauffdm
643 2783 795 2823 dimittis
814 2788 932 2827 amici,
1000 2801 1011 2808 ³

73 2842 113 2880 &
129 2844 266 2891 paffim.
289 2846 326 2882 ὅ(
347 2846 394 2882 ita
416 2845 452 2883 in
484 2846 654 2884 Francos.
673 2848 803 2886 codice
824 2851 950 2889 titulus
970 2851 1119 2902 Elegiae

68 2896 173 2938 crat,
193 2895 240 2932 ad
260 2895 429 2932 Amicum
451 2897 511 2946 qui
535 2899 639 2945 (lege
659 2898 727 2946 cui)
758 2898 859 2936 libros
879 2902 1070 2949 allegat-at:
1093 2903 1117 2940 fi

73 2949 197 2983 tamen
215 2946 340 2993 colligit
361 2948 439 2994 quis
473 2948 628 2985 retinere
660 2949 769 2986 vellet
784 2979 793 2993 ,
830 2953 1048 2999 explicarem
1072 2953 1118 2991 de

73 2993 189 3032 studio
209 2996 315 3045 hujus
337 2998 469 3040 amici,
491 2999 553 3046 qui
576 2999 702 3036 omnia
719 3012 905 3039 novorum
923 3003 1120 3042 Poetarum

74 3055 183 3092 opera
210 3047 362 3085 studiose
384 3048 635 3097 conquirebat.
663 3048 722 3086 sed
745 3050 789 3086 de
811 3055 1018 3099 patrocinio
1031 3055 1113 3092 mal-

71 3091 144 3132 lem
164 3108 314 3144 capere:
343 3109 427 3136 nam
452 3110 542 3136 mox
554 3098 607 3142 Μ.
625 3103 910 3146 15.c0mmendo;
927 3106 964 3141 ὅ(
987 3106 1039 3143 16.
1064 3116 1122 3142 tu-

72 3154 179 3200 torem
198 3147 299 3186 dixit.
319 3160 384 3198 pro
403 3149 524 3198 ecquid
546 3177 557 3195 ,
595 3149 752 3199 equidem
779 3152 848 3189 Ms.
871 3154 1005 3193 Bersm.
1036 3156 1122 3205 quid

69 3206 162 3232 emm
184 3197 329 3235 Lovan.
350 3199 480 3238 Bussm.

120 3256 153 3291 7.
181 3247 328 3294 Studiose
355 3250 562 3301 novorum]
629 3256 780 3291 Tuorum
811 3267 914 3293 unus.
951 3255 1109 3293 virorum

66 3293 277 3342 alius.unde
294 3298 383 3339 olim
411 3301 766 3358 Heinsiusffipiqrutq
789 3305 848 3346 vel
863 3305 1111 3361 boqorugn.scd
1166 3315 1247 3351 ne,
1267 3313 1378 3354 quam
1402 3302 1575 3340 carminis
1595 3303 1757 3343 lex-nou
1779 3299 1955 3342 admittit·
1983 3298 2095 3334 C10F·

2055 2064 2226 2122 Hane*

1175 2211 1245 2262 ego
1267 2222 1437 2249 novorum
1460 2209 1679 2257 interpretor
1694 2234 1704 2253 ‚
1723 2208 1786 2258 qui
1798 2215 1969 2256 tempore
1986 2203 2061 2242 hoc
2075 2201 2217 2246 vivunt2

1175 2270 1269 2311 quo's
1294 2274 1426 2300 omnes
1454 2260 1563 2299 tueris
1587 2259 1624 2297 ὅτ
1647 2270 1747 2297 amas
1769 2267 1807 2297 ut
1830 2272 1884 2297 xv.
1904 2270 1939 2295 x.
1963 2267 2023 2304 4¹·

1233 2330 1399 2380 Temporis
1420 2328 1517 2367 illius
1535 2326 1622 2364 colui
1636 2325 1784 2377 fovique
1795 2327 1926 2375 politas.

1176 2380 1410 2469 BUngletine
1433 2443 1555 2469 nomen
1576 2428 1613 2465 in
1643 2428 1724 2465 urbe
1745 2423 1898 2473 meum]
1954 2426 2082 2471 Corpus
2101 2418 2223 2468 major

1175 2494 1254 2529 pars
1278 2490 1458 2520 veterum.
1486 2487 1610 2529 argute
1633 2480 1672 2516 &
1702 2489 1801 2515 vere.
1848 2475 2039 2512 Adeantur
2059 2481 2154 2520 quae
2175 2469 2218 2508 ad

1176 2533 1374 2570 Maronem
1399 2533 1444 2570 de
1464 2533 1538 2569 hoc
1558 2528 1740 2567 vocabulo
1761 2534 1992 2564 annotamus.
2018 2521 2065 2560 fic
2088 2519 2221 2558 Noster

1172 2582 1233 2620 lib.
1253 2596 1296 2621 11.
1319 2583 1364 2621 de
1386 2581 1518 2630 scriptis
1544 2579 1770 2628 Virgilianis‚
1800 2586 1930 2624 v.533.

1232 2649 1303 2682 Nec
1325 2645 1449 2694 legitur
1463 2654 1546 2694 pars
1566 2642 1637 2678 ulla
1658 2641 1766 2689 magis
1783 2641 1823 2676 de
1847 2647 1977 2687 corpore
1997 2648 2066 2675 toto
2079 2664 2091 2683 ‚

1280 2699 1401 2744 Quam
1422 2708 1490 2732 non
1510 2694 1658 2743 legitimo
1670 2693 1803 2738 foedere
1814 2693 1958 2740 junctus
1974 2702 2084 2726 amor.

1175 2745 1325 2784 Hms.
1368 2748 1556 2795 Qamque
1580 2753 1670 2794 potes
1701 2743 1811 2780 etiam
1842 2740 2010 2778 Bernens.
2047 2746 2088 2778 ut
2112 2736 2218 2788 saepe

1178 2796 1275 2835 alibi.

1229 2859 1285 2885 10.
1317 2853 1395 2884 Non
1415 2860 1565 2885 meruere
1579 2844 1680 2894 sui.]
1716 2849 1797 2880 Non
1821 2852 1970 2879 meruere
1990 2840 2065 2886 pati
2083 2840 2223 2878 Exceri

1175 2904 1235 2944 pta
1254 2898 1392 2942 Voffii,
1417 2897 1517 2947 quod
1539 2908 1615 2934 non
1639 2895 1827 2943 displicet,
1855 2893 1939 2942 quia
1963 2904 2053 2930 mox
2084 2893 2220 2929 iterum

1174 2948 1334 2997 sequitur
1348 2976 1357 2992 ,
1386 2947 1426 2984 de
1445 2947 1576 2983 domini
1592 2947 1716 2993 funere
1737 2952 1838 2993 rapta
1850 2943 1988 2999 suillib..
2006 2955 2036 2980 1.
2055 2953 2098 2980 ex
2110 2941 2222 2998 Pont.

1178 3009 1205 3034 1.
1227 3000 1286 3036 62.
1316 2997 1437 3048 Estque
1461 2998 1536 3047 pati
1587 3009 1708 3039 aenas,
1739 3007 1845 3043 quam
1876 2994 2026 3043 merutſje
2047 3020 2057 3037 ,
2092 3003 2223 3029 minus.

1177 3050 1216 3084 ὅ(
1240 3061 1292 3087 iv.
1316 3059 1372 3086 vx.
1389 3049 1448 3086 26.
1476 3006 1631 3097 Pafflros
1658 3056 1799 3097 poenam
1822 3044 1968 3081 crederet
1986 3043 2043 3092 esse
2062 3042 2156 3079 duos.
2182 3043 2223 3079 &

1178 3098 1275 3137 alibi.
1304 3099 1434 3137 Bunms
2049 3145 2056 3151 ,
2221 3143 2223 3146 ⁴

1234 3162 1292 3188 11.
1320 3155 1419 3199 Saepe
1439 3157 1498 3199 per
1519 3147 1716 3197 externas.]
1744 3149 1929 3185 Extremas
1952 3144 2069 3184 muln.
2097 3144 2136 3182 &
2149 3142 2234 3192 pla·-

1179 3209 1249 3240 cet.
1277 3201 1425 3239 HE1NS,
2172 3242 2179 3248 ⁶
2221 3242 2226 3246 ῃ

1225 3263 1282 3290 12.
1310 3250 1436 3301 Urba]
1489 3251 1669 3289 Romae:
1724 3248 1883 3288 den-aeia
1917 3249 1954 3286 in
1991 3242 2228 3295 praepositio-2

1344 3350 1536 3405 ‚Gggg3
2122 3347 2225 3390 ‘¹³⁸‘-
