2495 3675
502 197 670 252 FA
744 173 1295 252 STO'R'U
1367 188 1437 247 Μ
1547 194 1738 254 ιω.
1811 203 1870 261 11.

220 318 283 381 65
357 311 505 368 Dent
530 312 626 367 tibi
651 311 930 372 coelesteS,
955 308 1104 380 ¹quot
1132 318 1191 360 tu
1218 307 1531 364 coelestibus
1556 326 1735 368 annos,

196 390 208 397 “
437 386 654 459 Proque
680 386 769 437 tua
792 391 1038 436 maneant
1063 380 1117 435 in
1150 378 1373 437 statione
1399 381 1586 437 domo,

366 458 516 514 Tum
542 473 759 531 quoque
782 454 942 509 vicini
966 455 1113 508 lucus
1137 453 1640 538 celebratur-Asyli3

380 586 382 588 ,
437 532 561 604 Qua
589 528 722 600 petit
751 544 1042 600 aequoreas
1068 526 1479 609 advenaTibris
1504 547 1680 602 aquas.

367 604 458 659 Ad
484 600 752 674 penetrale
779 602 1018 664 Numae,
1053 598 1527 670 Capitohnumque
1552 603 1895 675 Tonantem„

224 698 289 747 70

440 676 604 745 Inque
624 673 773 742 Jovis
800 674 1002 728 summa
1027 674 1268 727 caeditur
1292 693 1410 729 arce
1439 674 1640 732 bidens,

364 748 529 818 Saepe
556 763 737 817 graves
764 747 964 817 pluvias
990 747 1277 818 adopertus
1307 746 1534 802 nubibus
1560 751 1752 808 Auster

431 820 713 883 Concinit,
752 833 842 873 aut
867 819 1034 891 posita
1061 819 1153 874 sub
1181 820 1303 874 nive
1331 834 1470 876 terra
1496 821 1638 879 latet.

77 1033 216 1072 Marsus
244 1034 435 1083 ineptior,
473 1033 537 1082 qui
567 1031 753 1082 ejusmodi
782 1033 930 1079 ’γραφεὶς
955 1045 1032 1072 non
1060 1045 1116 1071 re·

73 1085 176 1123 fellit.
212 1086 306 1133 Quis
327 1084 456 1121 bardus
485 1084 651 1131 Augusto
682 1085 907 1132 templorum
928 1086 1116 1123 inventio·

71 1146 157 1172 nem
187 1133 431 1173 adtribueret?
458 1135 635 1172 Nnanor..
679 1136 808 1173 Livius
829 1135 922 1173 libro
946 1148 999 1174 ιν.
1037 1148 1114 1184 cap.

73 1196 133 1222 20.
168 1186 364 1235 Augustum
394 1187 575 1233 Caesarem
607 1185 812 1234 templorum>
849 1187 1005 1223 omnium
1038 1201 1114 1224 con—

73 1236 215 1274 ditorem
243 1250 283 1273 ac
322 1236 545 1283 restitutorem
576 1235 680 1274 dixit.
735 1239 892 1284 Magnus
932 1238 1116 1275 Casaubo-

70 1297 137 1324 nus
160 1288 203 1326 ad
222 1287 440 1326 Suetonium
457 1290 552 1335 Aug.
583 1298 645 1336 32.
683 1288 721 1324 &
741 1287 818 1336 post
839 1288 942 1324 illum
965 1289 1116 1336 Neapo-

69 1336 134 1381 lis,
161 1339 311 1388 legunt,
339 1340 487 1386 refizc'lor.
515 1337 575 1375 sed
607 1338 746 1386 primae
767 1336 969 1382 editiones,
995 1339 1114 1376 codex

71 1388 201 1437 Pomp.
222 1391 327 1428 Laeti
345 1419 354 1433 ‚
380 1389 523 1427 Zulich.
538 1390 575 1425 &
593 1388 724 1425 decem
745 1388 804 1426 alii
818 1415 840 1444 ,ι
857 1389 1115 1446 repostam-opti·-

72 1449 146 1477 me.
164 1441 317 1478 Tacitus
336 1440 471 1477 Annal.
492 1438 552 1475 lib.
581 1451 607 1475 1.
631 1441 710 1488 163.
737 1444 905 1475 Caecmae
933 1437 1114 1476 dubnantz

73 1503 223 1537 quonam
246 1491 343 1526 modo
364 1500 477 1538 ruptos
497 1487 664 1535 vetustate
674 1499 792 1539 pontes
812 1496 992 1537 reponeret.
1017 1489 1114 1539 apud

76 1539 274 1578 Maronem
298 1540 449 1578 AEneid.
469 1552 504 1577 v.
535 1550 616 1587 752.

126 1589 191 1639 Jpfi
220 1591 372 1637 transtra
400 1600 535 1628 novant
557 1617 567 1635 ‚
602 1587 822 1639 flammisque
859 1589 996 1640 ambtssz
1025 1600 1115 1641 repo·
1150 1595 1156 1601 '

248 1652 339 1677 nunt

129 1690 257 1728 Robora
279 1692 439 1741 navigiis.

79 1741 207 1780 Statius
230 1743 286 1780 via
310 1744 542 1781 Domitiana.

128 1793 202 1842 (Qi
224 1793 338 1831 reddit
358 1795 527 1844 Capitolio
546 1798 761 1842 Tonantem,'

129 1849 175 1880 Et
189 1852 306 1893 pacem
322 1845 454 1894 propria
472 1846 570 1883 domo
592 1847 731 1896 reponit.
956 1897 958 1899 Ι

76 1895 135 1933 Sil.
155 1906 183 1932 1.
204 1895 284 1942 558.
298 1896 487 1947 molemque
499 1906 676 1945 reponunt.
697 1897 836 1936 maenia
844 1906 965 1947 ponere
986 1900 1112 1949 passim

74 1944 172 1993 apud
193 1945 322 1984 Po'e'tas
338 1974 348 1990 ‚
366 1947 411 1986 de
427 1959 504 1997 quo
517 1949 772 1996 Metamorph.
796 1962 860 1987 111.
883 1949 937 1992 ybs.
956 1963 1010 1999 ¹3·
1038 1953 1114 2000 egi-

76 2007 170 2033 mus.
206 1995 350 2034 Gloss'ae
374 2025 385 2041 ,
422 2010 517 2047 quae
546 2000 608 2037 sub
643 1999 767 2037 Isidori
806 2002 1114 2040 circumferuntur

73 2048 252 2092 nomine,
274 2045 448 2097 positiones
461 2077 472 2094 ,
491 2049 660 2099 aedificia.
686 2051 782 2100 apud
796 2052 995 2090 Horatium
1013 2065 1026 2090 1
1044 2053 1112 2102 Ep.

73 2108 109 2134 x.
132 2109 145 2134 ι
180 2126 188 2135 .

125 2109 367 2200 Ρέηεηιίαεᾳαε
393 2151 492 2188 domo
511 2152 708 2201 quaerenda
727 2152 772 2199 est
790 2166 872 2190 area
886 2153 1053 2203 primum.

74 2197 214 2237 Hssms.
243 2199 409 2251 Repofitae
438 2202 615 2240 columnae
641 2203 735 2253 apud
758 2205 877 2242 Cicer.
899 2206 934 2242 in
956 2205 1063 2244 Verr.
1082 2220 1112 2245 1.

75 2260 151 2297 cap.
171 2264 230 2299 55.
251 2253 289 2289 &
312 2253 368 2300 56.
407 2253 583 2291 familiare
615 2254 650 2292 id
682 2255 835 2293 verbum
867 2254 1005 2294 Tacito
1022 2285 1033 2301 ‚
1072 2267 1113 2296 ut

76 2300 279 2340 consulenti
296 2303 462 2341 indicem
482 2303 728 2343 Freinshemii
751 2306 936 2344 constabit.
965 2307 1114 2346 Petron.

75 2361 155 2398 cap.
172 2363 228 2390 cx.
252 2352 416 2401 Repofitus
435 2354 473 2392 in
500 2355 683 2403 pristinum
703 2356 815 2396 decus.
841 2358 915 2396 vid.
935 2359 973 2396 δί
993 2358 1116 2398 Dem-

73 2399 175 2446 pster.
193 2402 239 2440 ad
257 2404 382 2442 Rosin.
398 2418 445 2443 11.
465 2417 542 2454 cap.
562 2419 596 2444 2.
621 2406 752 2446 Bunm.

128 2449 189 2497 65.
215 2455 309 2498 Quos
329 2465 368 2489 tu
387 2455 576 2500 caelestibus
593 2459 741 2505 annos]
779 2461 877 2506 Quot
903 2469 943 2496 tu
964 2460 1112 2508 Regius.

77 2499 184 2537 Unus
205 2501 402 2540 Vaticanus
417 2531 426 2548 ,
452 2513 573 2552 aequos
591 2506 791 2551 caelestibus.
818 2516 956 2556 argute.
981 2509 1042 2546 sed
1062 2512 1113 2547 nil

75 2556 190 2588 muta.
213 2551 363 2590 Hiems.

126 2601 186 2638 66.
215 2607 389 2638 Maneant
406 2604 442 2640 in
454 2602 637 2654 statione]
667 2604 881 2644 Excubent:
910 2619 986 2655 quo
997 2607 1111 2648 verbo

78 2650 117 2687 &
135 2650 186 2688 ufi
207 2651 252 2688 ad
268 2653 363 2690 hanc
384 2665 460 2689 rem
483 2655 639 2703 antiqui.⁴
662 2654 868 2693 Pacuvius:
897 2663 963 2709 13η
973 2657 1113 2707 imperio

81 2699 187 2747 vestro
200 2699 251 2750 fic
272 2701 500 2751 Salisubsulus
521 2705 670 2742 excubet.
695 2706 820 2744 NEAP.

106 2752 185 2797 ,67.
212 2757 300 2789 Tum
321 2753 492 2803 quoque]
520 2762 621 2792 Nunc
638 2769 767 2804 quoque
788 2756 959 2796 Francof.
995 2786 999 2790 -
1033 2787 1038 2790 -

128 2805 188 2848 67.
215 2807 325 2839 Lucus
343 2805 523 2854 Averni.]
555 2806 664 2844 Haefi
684 2818 768 2844 curn
792 2809 883 2845 haec
904 2820 992 2856 puer
1008 2809 1112 2860 legis-

75 2852 173 2896 sem,
200 2853 238 2890 &
259 2853 376 2892 adhuc
394 2856 551 2900 'naere03
580 2869 650 2894 nec
675 2857 811 2906 aliquid
837 2859 927 2897 lucis
946 2863 1115 2908 praetulit

78 2902 210 2952 priscae
229 2903 399 2942 editionis
421 2906 540 2944 codex
561 2935 571 2952 ,
611 2907 647 2944 in
668 2919 745 2957 quo
765 2936 775 2952 ‚
813 2908 909 2946 lucus
926 2910 1114 2950 celebratur

81 2953 194 3001 Asyli.
221 2954 327 2992 Putat
345 2968 438 2994 unus
457 2958 695 3007 interpretum
715 2959 760 2996 de
783 2960 946 2998 Lucariis
966 2961 1030 2999 hic
1041 2965 1112 3012 agi3

80 3002 140 3040 sed
160 3016 314 3053 campae
342 3007 378 3042 &
409 3006 536 3044 flocci:
575 3021 659 3046 nam
683 3021 724 3046 ea
750 3009 834 3047 festa
852 3019 954 3049 erant
975 3025 1054 3050 xxv.
1075 3015 1115 3051 ὃς

78 3053 210 3144 ίῑεωὲη
219 3067 299 3153 Jxxlr.
318 3056 498 3107 Kalendas
514 3058 704 3108 Augustas.
731 3060 849 3100 Vetus
858 3062 1117 3103 Kalendarium

82 3113 164 3143 men
183 3117 202 3143 e
243 3117 338 3145 uio:

206 3185 535 3252 x1v'q'1ssveA‘R.
564 3213 612 3250 N.
640 3194 879 3268 1³„quRK'¹

135 3261 139 3264 ’
168 3262 170 3264 ’
202 3260 381 3323 xmgc.
411 3270 541 3319 Lvot
570 3272 718 3324 vrcT.
745 3275 930 3327 CAESAR

124 3337 130 3348 =
210 3324 296 3366 ΧΠ.
325 3330 521 3373 LVCAR.
547 3334 694 3386 LVDI.

2089 905 2225 962 Pro-

1172 1034 1263 1072 Non
1286 1041 1384 1072 caret
1409 1035 1518 1084 igitur
1547 1037 1684 1076 mend-fi
1715 1051 1791 1078 vox
1818 1039 2021 1088 postrema:
2050 1044 2124 1082 hoc
2144 1057 2222 1084 cer-

1171 1095 1251 1123 tum
1273 1086 1414 1129 habeo3
1444 1087 1533 1135 quid
1567 1101 1657 1126 vero
1687 1091 1874 1128 rescribam
1916 1093 1951 1128 in
1990 1093 2102 1131 dubio
2127 1095 2220 1134 sum.
2270 1120 2275 1126 ·

1172 1137 1299 1174 Nem).
1329 1137 1431 1184 Asyli
1454 1137 1574 1177 Ursin.
1594 1140 1773 1180 Arondel.
1795 1143 1936 1180 Mazar.
1953 1143 2094 1182 Zulicli.
2116 1147 2222 1192 Nau<

1170 1199 1244 1235 ger.
1268 1188 1306 1224 &
1326 1187 1454 1224 decem
1477 1189 1548 1226 alii.
1591 1190 1758 1229 Haerent
1777 1192 1850 1229 hoc
1870 1193 1957 1230 loco
1981 1195 2222 1242 interpretes,'

1171 1249 1242 1274 nec
1271 1238 1306 1275 se
1335 1239 1546 1286 expediunt.
1584 1241 1644 1278 An
1675 1243 1842 1291 intelligit
1872 1243 1997 1281 lucum
2020 1271 2031 1288 ,
2069 1244 2113 1282 de
2143 1259 2221 1295 quo

1173 1288 1293 1326 Festus
1314 1288 1351 1325 in
1374 1290 1548 1327 Lucaria?
1573 1302 1798 1341 quamquam
1824 1294 2069 1335 Lucariorum
2089 1296 2220 1335 festum

1170 1339 1207 1375 in
1238 1337 1344 1375 aliam
1376 1339 1473 1377 diem
1508 1341 1679 1389 rejiciunt
1706 1344 1923 1382 Kalendaria
1954 1346 2115 1394 antiqua.
2167 1348 2222 1385 Ut

1171 1389 1392 1437 opinionem
1421 1402 1544 1428 meam
1577 1391 1696 1431 dicam
1727 1395 1764 1432 in
1795 1407 1832 1433 re
1859 1395 2095 1438 subobscura,
2125 1406 2218 1446 puto

1169 1439 1312 1476 Helerni
1337 1441 1536 1489 legendum
1561 1469 1572 1488 ,
1608 1444 1646 1481 ὅ(
1676 1445 1733 1494 agi
1759 1445 1805 1484 de
1834 1458 1881 1484 eo
1911 1447 1998 1486 luco
2021 1475 2031 1492 ,
2059 1447 2105 1485 de
2134 1459 2214 1498 quo

1168 1489 1230 1528 lib.
1253 1503 1304 1528 vr.
1332 1503 1414 1540 105.

1220 1542 1374 1590 Adjacet
1392 1543 1560 1593 antiquus
1582 1545 1738 1584 Tiberino
1755 1548 1851 1586 lucus
1871 1550 2022 1587 Helerni.

1169 1591 1218 1630 fic
1241 1593 1341 1631 enim
1362 1595 1507 1632 codices
1529 1598 1758 1645 veteresjllic
1780 1600 1911 1649 majori
1931 1613 1974 1637 ex
1995 1608 2094 1649 parte
2110 1607 2220 1647 ,autg

1169 1643 1330 1689 Hilerni,
1359 1653 1423 1682 aut
1443 1645 1583 1691 Elerni,
1609 1657 1670 1685 aut
1704 1650 1818 1687 Ilerni.
1857 1650 1979 1688 Ursini
2001 1654 2219 1691 veterrimus

1171 1695 1211 1732 δε
1234 1695 1439 1733 Helmstad.
1460 1697 1598 1734 Alerni.
1632 1707 1701 1736 tres
1725 1701 1808 1744 alii,
1839 1701 1992 1738 Averni.
2019 1713 2112 1738 unus
2134 1703 2222 1740 Far-

1169 1744 1338 1784 nefianus
1358 1758 1435 1784 non
1455 1758 1610 1796 magnae
1629 1748 1738 1793 fidei,
1766 1749 1942 1788 Hilernae.
1963 1752 2066 1800 quod
2092 1753 2219 1802 vulga-

1170 1804 1223 1834 tas
1242 1797 1374 1847 majori
1402 1809 1447 1836 ex
1479 1808 1581 1846 parte
1611 1800 1793 1839 editiones
1823 1803 2033 1850 occupavit.
2070 1802 2220 1841 Viderit

1170 1847 1281 1896 igitur
1300 1848 1526 1887 doc'tiffimus
1556 1850 1772 1900 Onuphrius
1788 1881 1799 1897 ‚
1827 1864 1899 1902 qna
1927 1854 2038 1890 fretus
2059 1853 2221 1892 auctori-

1168 1906 1243 1936 tate
1273 1900 1425 1949 regione
1454 1900 1563 1938 Urbis
1584 1913 1676 1939 xm.
1711 1902 1950 1941 AEnrcutmu
1988 1915 2038 1941 Er
2069 1905 2219 1942 Lucum

1168 1949 1378 1988 Humum
1404 1960 1529 1998 ponat.
1567 1952 1740 2000 Hylernae
1757 1954 1853 1991 lucus
1871 1954 1918 1992 est
1941 1954 2037 2004 apud
2057 1954 2220 2003 supposi-

1167 2008 1248 2039 tum
1261 2002 1306 2039 ab
1321 2003 1447 2039 Annio
1459 2001 1679 2041 viterbiensi
1693 2004 1844 2043 Fabium
1860 2005 2055 2054 pictorem.
2075 2007 2219 2045 Hnms.

1219 2051 1279 2089 68.
1312 2052 1509 2101 Advena.]
1538 2053 1691 2102 Proper-t
1717 2066 1769 2093 ιν.
1794 2067 1825 2094 1.
1847 2056 1882 2094 8.

1254 2108 1304 2140 Et
1323 2103 1450 2140 Tiberis
1471 2103 1589 2150 nostris
1608 2105 1749 2142 advena
1769 2106 1871 2144 bobus
1891 2117 1980 2146 erat.
2009 2107 2140 2144 Douz.

1162 2172 1165 2175 ·
1221 2155 1282 2201 69.
1310 2155 1375 2190 Ad
1401 2154 1573 2202 p’enc-trale
1603 2156 1783 2206 Numae]
1838 2158 1927 2196 Hoc
1956 2157 2004 2196 est
2030 2157 2216 2207 templum

1170 2204 1521 2243 Vestale.'Horatius
1549 2218 1576 2243 1.
1599 2206 1676 2245 Od.
1700 2219 1734 2245 2.

1224 2268 1381 2307 Vidimus
1394 2270 1542 2320 flavum
1563 2272 1712 2310 Tiberim
1726 2302 1735 2318 ‚
1765 2273 1902 2311 retortis

1222 2319 1352 2357 Littore
1372 2324 1510 2368 Etrufito
1530 2323 1699 2360 violenter
1718 2325 1841 2370 undis,

1206 2370 1275 2406 'Ire
1293 2371 1462 2421 dejeffum
1479 2386 1706 2412 monumema
1727 2376 1822 2426 Regis
1835 2405 1846 2422 ‚

1349 2424 1555 2473 Templaque
1574 2426 1695 2472 Vestae.

1170 2484 1226 2522 Ibi
1245 2495 1386 2524 veteres
1409 2489 1568 2534 Magistri
1591 2502 1600 2524 ε
1637 2491 1777 2537 Regiam
1799 2490 1885 2527 dicit
1916 2498 2056 2529 Numae
2076 2493 2213 2544 Pompi-

1169 2533 1232 2577 lii,
1260 2536 1321 2582 qui
1339 2536 1388 2570 ad
1409 2537 1518 2580 Vestae
1530 2537 1633 2583 fitam
1656 2538 1791 2577 habuit.
1826 2542 2003 2580 ΝεΑΡοι.

1220 2584 1279 2631 69.
1306 2585 1609 2636 Capitolinumque
1629 2591 1856 2641 Tonantem]
1885 2593 2162 2634 Martialislibro
2173 2597 2214 2634 xl

1166 2631 1442 2682 Epigrammate
1463 2649 1515 2674 rr.

1219 2689 1292 2721 Nec
1312 2686 1502 2734 Capitolini
1514 2689 1698 2736 fitmmum
1717 2692 1889 2739 penetrale
1905 2694 2071 2731 tonantis.
2084 2696 2214 2736 Nem

1223 2745 1280 2780 70.
1308 2741 1417 2786 Inque
1436 2738 1545 2782 Jovis
1558 2740 1730 2791 summis}
1768 2745 1914 2781 Summa*
1933 2759 2014 2782 arce
2030 2746 2109 2784 libri
2129 2759 2211 2785 rne-

1164 2784 1298 2830 liores,
1328 2788 1438 2825 recte.
1474 2790 1609 2828 Arcem
1632 2792 1878 2838 Capitolinam
1910 2796 2046 2845 (quam
2068 2797 2111 2833 ab
2131 2797 2217 2845 ipso-

1170 2835 1358 2883 Capitolio
1381 2838 1602 2887 distinguunt
1621 2843 1742 2890 paffim
1767 2845 1896 2883 Livius
1912 2856 2021 2895 atque
2039 2847 2122 2897 alii)
2160 2847 2213 2888 sic

1168 2887 1395 2935 appellabant
1418 2891 1502 2926 κη’
1522 2890 1665 2938 ἐξοχὴν.
1686 2903 1727 2931 ur
1748 2895 1838 2932 infra
1859 2897 1919 2934 lib.
1941 2910 1993 2935 vr.
2015 2897 2097 2947 183.

1220 2943 1314 2974 Arce
1331 2953 1462 2989 quoque
1480 2940 1518 2977 in
1531 2946 1673 2990 summa
1700 2944 1842 2990 Junani
1863 2948 1991 2994 templa
2014 2955 2187 2995 Avlonetaej

1274 2993 1328 3025 Ex
1352 3000 1429 3026 voto
1449 2996 1776 3041 memorantfacla,
1805 2998 1978 3044 camille,
2006 3009 2078 3038 tuo.

1177 3039 1219 3077 In
1238 3049 1398 3078 mortem
1423 3041 1528 3080 Drufi
1543 3071 1553 3087 ‚
1581 3045 1626 3082 de
1647 3046 1831 3094 Augusto:

1226 3090 1293 3127 -Jlle
1310 3091 1417 3140 vigil,
1437 3093 1579 3140 summa
1601 3095 1692 3139 facer
1707 3096 1765 3133 ille
1785 3097 1913 3135 locatus
1934 3099 1971 3136 in
1989 3104 2090 3146 arccg

1178 3141 1217 3179 &
1237 3141 1318 3179 alibi
1339 3155 1415 3180 non
1437 3156 1527 3181 raro.
1559 3146 1701 3184 Hsms.
1729 3148 1815 3185 Vid.
1838 3150 1903 3187 inf.
1922 3151 1973 3192 fis.
1997 3165 2079 3200 591.

1229 3203 1287 3238 71.
1316 3199 1412 3243 Saepe
1425 3208 1549 3243 graves
1563 3195 1744 3248 pluvias.]
1791 3200 1912 3237 Habes
1937 3202 2035 3240 idem
2058 3202 2076 3238 ἦ
2103 3202 2219 3239 Coie-⁴

1177 3242 1286 3280 mella
1305 3244 1364 3281 lib.
1387 3257 1438 3282 xr.
1461 3257 1538 3293 cap.
1564 3258 1617 3284 ιι.
1642 3248 1826 3293 Kzlendis,
1855 3253 1997 3299 inquit,
2031 3251 2219 3287 Februariis

1179 3292 1276 3330 Fidis
1294 3295 1412 3343 incipit
1432 3297 1599 3341 occidere3
1630 3310 1756 3337 ventus
1780 3302 1951 3347 Eurinus,
1981 3313 2023 3341 v·
2042 3301 2221 3337 interdum

1181 3345 1330 3394 Auster,
1360 3358 1437 3384 cum
1455 3348 1627 3397 grandine
1649 3350 1702 3398 est.
1732 3351 1854 3390 Nem.
2146 3399 2211 3439 A?

2059 3411 2119 3449 '11-
2186 3414 2200 3437 ί
2212 3421 2227 3450 ⁸:
