2495 3675
238 153 365 211 ,668
752 151 826 206 Ῥ.
903 149 1321 210 OVIDII
1386 145 1926 208 ‘NASON‘IS

413 264 477 316 15
551 247 680 306 Fert
706 262 916 317 tamen,
958 267 1016 307 ut
1043 253 1234 314 debet,
1272 249 1415 305 casus
1440 247 1706 324 patienter
1728 266 1962 311 amaros:

563 380 565 382 ,
640 324 804 380 More
835 333 932 381 nec
958 324 1209 379 indomiti
1234 322 1383 376 frena
1401 322 1610 375 'recusat
1637 322 1778 393 equi.

565 396 683 457 Nec
714 399 831 454 fore
859 414 1168 470 perpetuam
1195 394 1488 467 speratlibi
1514 395 1746 449 numinis
1775 395 1935 461 iram,

644 471 901 525 Conscius
928 471 979 522 in
1005 471 1158 539 culpa
1184 485 1292 523 non
1327 467 1490 521 scelus
1516 466 1619 521 ess'e
1639 467 1752 521 esua.

558 542 724 614 Saepe
753 544 949 603 refert,
990 542 1047 593 fit
1075 555 1272 612 quanta
1298 540 1401 594 Dei
1425 540 1735 594 clementia:
1776 541 1926 612 cujus

416 633 486 668 20
634 618 700 669 Se
727 631 941 685 quoque
967 612 1022 666 in
1047 614 1304 684 exemplis
1331 612 1682 667 adnumerare
1707 612 1853 667 solet.

561 688 695 741 Nam
719 687 868 756 quod
893 703 1019 757 opes
1049 700 1226 740 teneat
1252 686 1470 757 patria3‚
1507 685 1657 757 quod
1683 687 1901 740 nomina
1930 684 2091 750 civisg

642 759 888 830 Denique
913 760 1062 831 quod
1091 761 1262 820 vivat,
1309 775 1499 813 munus
1527 757 1720 812 habere
1745 758 1867 813 Dei.

565 830 653 884 Te
680 843 888 893 tamen,
927 833 989 893 ὁ,
1027 831 1062 885 fi
1087 832 1216 903 quid
1246 833 1422 885 credis
1460 830 1588 890 mihi
1615 831 1814 894 carior,
1850 832 1966 896 ille,

623 902 916 967 Omnihm,
955 905 1010 958 -in
1040 918 1158 958 toto
1185 903 1397 976 pectore
1422 903 1627 974 semper
1653 903 1826 958 habet.

419 993 485 1044 25
561 975 760 1048 Teque
787 975 1203 1040 Menoetiaden,
1241 990 1294 1030 te
1322 977 1413 1047 qui
1439 976 1716 1029 comitavit
1744 976 2002 1041 Oresten,

631 1050 721 1101 Te
748 1062 904 1102 vocat
933 1047 1202 1119 AEgiden,
1241 1049 1639 1121 Euryalumque
1667 1047 1832 1105 suurn.

561 1120 689 1174 Nec
713 1123 934 1192 patriam
965 1124 1127 1193 magis
1153 1123 1236 1175 ille
1262 1123 1404 1176 suam
1429 1121 1719 1183 desiderat,
1761 1123 1817 1174 δε
1842 1140 1980 1195 quae

637 1195 867 1247 Plurima
891 1213 1014 1248 cum
1043 1195 1208 1265 patria
1234 1195 1388 1249 sentit
1416 1194 1585 1248 abesse
1612 1194 1730 1256 sua,

560 1264 739 1336 Quam
759 1268 967 1330 ·vultuS‚
1003 1269 1296 1339 oculosque
1325 1280 1473 1330 tuoS,
1515 1268 1549 1320 ὀ
1576 1266 1786 1320 dulcior
1810 1266 1900 1320 illo

419 1356 487 1403 30
635 1339 834 1403 Melle,
857 1340 1022 1411 «quod
1046 1341 1099 1394 in
1125 1341 1259 1394 ceris
1283 1341 1467 1395 Attica
1490 1341 1641 1411 ponit
1666 1339 1801 1408 apis!

560 1411 731 1482 Saepe¹
754 1413 915 1466 etiam
946 1430 1193 1467 moerens
1218 1426 1427 1485 tempus
1452 1412 1803 1467 reminiscitur
1830 1411 1992 1477 illudi,

633 1484 800 1556 Quod
829 1491 1321 1557 non-praeventum
1347 1500 1520 1540 morte
1545 1483 1693 1539 fuisse
1721 1484 1886 1539 dolet.

559 1556 812 1629 Cumque
837 1559 920 1611 alii
953 1561 1200 1629 sugerent
1226 1558 1425 1612 subitae
1450 1558 1695 1629 contagia
1722 1556 1912 1621 cladiS,

635 1632 752 1684 Nec
779 1632 977 1684 vellent
1001 1631 1138 1685 *ietae
1161 1631 1323 1685 limen
1350 1631 1498 1685 adire
1525 1630 1747 1692 domiue

417 1720 482 1769 35
555 1701 643 1757 Te
669 1703 759 1757 fibi
783 1705 1109 1775 cumpaucis
1135 1702 1638 1758 meminitvmanfisse
1674 1702 1919 1758 fidelem:

638 1775 693 1829 Si
715 1793 910 1846 paucos
936 1777 1316 1848 aliquistresve
1340 1776 1585 1848 duosque
1612 1788 1787 1829 vocat.

563 1849 824 1920 Quamvis
853 1849 1138 1911 mouit-m,
1180 1848 1331 1902 senfit
1357 1862 1533 1903 tamen
1563 1847 1768 1902 omnia:
1794 1859 1963 1904 necte

631 1921 696 1974 Se
723 1920 894 1974 minus
930 1921 1157 1976 adversis
1186 1920 1464 1976 indoluisse
1487 1921 1602 1975 suis.

563 1992 745 2050 Verba
768 1993 929 2054 solet,
968 1995 1282 2067 vultumque
1309 2007 1488 2057 tuum,
1527 1995 1865 2068 gemitusque
1892 1994 2121 2056 referre:

415 2084 486 2135 ‚40
623 2065 787 2132 Ette
814 2065 978 2131 flente
1006 2067 1125 2131 suos
1149 2066 1480 2133 immaduisse
1503 2066 1654 2131 sinus.

2236 2143 2417 2216 Quam

259 2279 431 2317 Utinam
457 2280 547 2318 mihi
571 2307 581 2324 ‚
607 2280 748 2318 Poetae
767 2307 777 2325 ,
813 2279 920 2322 status
950 2285 1009 2323 ille
1028 2283 1113 2322 effer
1134 2313 1144 2330 ,
1172 2293 1213 2324 ut
1228 2284 1318 2325 liee=
1372 2291 1414 2323 ut
1431 2282 1469 2322 δε
1489 2281 1623 2332 priscae
1643 2281 1836 2320 editiones.
1855 2280 1965 2319 reete.
1990 2279 2016 2318 fi
2037 2278 2270 2318 distinetione
2286 2282 2414 2323 locum

272 2338 327 2367 ret
353 2329 506 2368 caussam
525 2359 534 2375 ,
571 2333 726 2368 minime
749 2334 976 2373 manifestam
1006 2336 1165 2373 tristitiae
1191 2336 1314 2381 silere,
1373 2336 1498 2383 erigas.
1525 2335 1668 2371 Hiems.
1737 2333 1865 2370 Carius
1885 2332 1945 2368 illo
1973 2332 2067 2380 Reg.
2088 2330 2142 2367 illi
2174 2332 2281 2370 Leid.
2309 2332 2414 2374 Bern-

268 2379 333 2418 sed
357 2391 441 2418 cum
465 2382 522 2418 illa
552 2380 592 2419 fit
623 2382 796 2421 omnibus
826 2394 936 2431 nota,
963 2387 1048 2436 quia
1077 2386 1153 2423 sum
1178 2387 1314 2433 ejecstus
1372 2387 1410 2423 &
1431 2388 1529 2423 SerV.
1550 2384 1620 2421 illis
1639 2385 1728 2422 duo.

271 2431 309 2468 in
333 2430 499 2468 ultimam
531 2432 728 2470 barbariem
747 2460 757 2477 ,
785 2436 930 2473 mallem
954 2438 990 2474 in
1019 2449 1065 2473 eo
1092 2434 1178 2473 effet
1207 2437 1313 2475 status
1419 2448 1478 2483 24.
1507 2441 1614 2484 Teque
1639 2433 1906 2477 Menoetiaden,
1934 2432 2033 2484 σα]
2063 2434 2253 2482 Quattuor
2271 2436 2415 2474 amico-·

273 2492 399 2526 meus,
429 2489 468 2520 ut
488 2481 659 2520 deberem
673 2483 807 2522 docere
829 2486 983 2525 caussam
1003 2485 1309 2532 tristitiae,idest,
1369 2498 1450 2524 rum
1475 2487 1582 2535 paria.
1613 2485 1672 2522 De
1703 2486 1756 2522 his
1779 2485 1936 2528 Cicero,
1965 2485 2003 2521 &
2025 2495 2096 2532 ego
2123 2485 2159 2521 in
2189 2485 2413 2524 observatio-

270 2532 360 2569 utin
378 2532 544 2570 taliloco
557 2532 668 2571 effem
682 2534 839 2582 polium,
859 2539 963 2587 cujus
981 2549 1058 2575 non
1078 2538 1308 2591 poeniteret,
1365 2537 1469 2575 nibus
1502 2539 1539 2574 in
1566 2533 1888 2583 Metamorphofin
1921 2535 2037 2580 meis,
2065 2546 2160 2584 quae
2188 2536 2297 2582 alias,
2323 2537 2410 2576 Deo

271 2581 298 2618 fi
319 2594 439 2629 poena
467 2585 610 2622 crimini
639 2597 726 2623 meo
740 2588 991 2632 conferretur,
1029 2588 1067 2625 δί
1096 2588 1225 2636 injuria
1248 2600 1309 2626 me
1366 2587 1540 2631 volente,
1569 2586 1808 2625 excudentur.
1837 2587 2013 2623 Ctorm.

272 2634 375 2679 queri
395 2646 527 2676 omnes
540 2634 715 2674 dicerent.
725 2646 763 2673 ut
783 2638 872 2676 mihi
891 2639 985 2677 estin
999 2640 1164 2687 quinque
1176 2639 1309 2686 scriptis
1416 2650 1477 2687 25.
1506 2643 1550 2673 Te
1568 2638 1629 2687 qui
1658 2637 1842 2674 comitatus
1865 2636 2040 2686 Orestem]
2097 2637 2300 2675 Comitatur
2316 2640 2412 2676 non-'
2492 2590 2495 2710 1

271 2682 312 2735 ᾃ
336 2684 449 2727 prima
471 2685 645 2725 editione.
674 2700 715 2724 ne
734 2688 823 2725 mihi
851 2689 886 2727 in
911 2689 1052 2727 duobus
1079 2689 1166 2726 aliis.
1196 2698 1235 2725 ut
1246 2688 1315 2738 fibi
1366 2689 1453 2726 nulli
1489 2688 1675 2724 comitavit
1696 2689 1943 2735 fragmentum
1959 2687 2195 2724 Vaticanum.
2223 2688 2412 2735 VideNoq
2434 2695 2438 2703 ’

273 2741 311 2768 m
334 2732 522 2773 Voffiano.
544 2737 736 2776 &duobus
757 2740 840 2776 aliis.
866 2740 904 2777 in
922 2740 982 2777 illo
1002 2739 1072 2777 else
1096 2739 1226 2777 dicitur
1239 2739 1315 2776 ele·-
1366 2747 1418 2777 tas
1443 2738 1552 2776 Trist.
1572 2739 1630 2776 lib.
1656 2751 1686 2775 i.
1714 2738 1815 2787 Eleg.
1841 2737 2018 2780 v111.)bs.
2042 2749 2102 2786 3¹·
2131 2738 2276 2777 HEms.
2491 2716 2495 2805 i

274 2790 499 2838 gant-emmo
520 2788 556 2822 in
573 2787 631 2824 illo
653 2788 731 2826 loco.
758 2800 868 2839 quam
898 2802 1031 2828 vocem
1061 2789 1164 2837 saepe
1182 2789 1314 2827 librarii
1419 2790 1479 2827 28.
1506 2791 1615 2827 Sentit
1633 2788 1736 2837 abesse
1748 2787 1848 2839 βῶξ]
1878 2794 1947 2825 Sua
1966 2788 2236 2826 multiveteres.
2263 2790 2413 2829 HEINs:

271 2841 384 2869 nimis
397 2834 583 2890 diligentes
594 2839 908 2879 addiderunt.vid.
922 2842 1044 2889 Sigon.
1057 2839 1100 2878 ad
1116 2841 1312 2887 Liv.11.17.
1423 2852 1481 2890 33.
1509 2839 1672 2889 Cladis.]
1704 2843 1804 2886 Pestis
1821 2840 1905 2886 Jun.
1924 2838 2046 2876 mortis
2063 2838 2169 2876 Leid.
2187 2840 2311 2877 mentis
2331 2841 2410 2886 Lo-¹

275 2881 393 2919 Gron.
413 2885 456 2920 ad
469 2886 796 2939 lib.v11.35.caus]a
819 2893 992 2941 querenda
1006 2890 1286 2929 Suom-Bonna.
1369 2904 1440 2930 van
1471 2893 1532 2942 qui
1556 2893 1593 2929 δί
1614 2892 1650 2928 in
1673 2890 1903 2939 praecedent.
1934 2899 2164 2939 praeventum
2183 2901 2307 2930 mente.

331 2944 385 2980 19.
417 2940 672 2991 &epe-refert]
725 2948 821 2990 saepe
843 2945 945 2990 refert
962 2945 1076 2989 secum
1100 2941 1147 2989 sit
1175 2952 1311 2990 quanta
1424 2945 1481 2992 36.
1511 2941 1651 2991 Vocat.]
1691 2947 1803 2989 Negat
1824 2939 1996 2978 Leidens.

273 2981 455 3040 clementto
469 2986 633 3025 Leidens.
647 2999 773 3028 contra
791 3002 965 3030 metrum.
984 2995 1081 3042 saepe
1100 2993 1202 3040 refert
1225 3005 1311 3042 quae
1423 3004 1479 3042 37.
1507 2994 1743 3039 Sensittamen
1760 2991 1910 3041 omnia]
1940 2990 2050 3028 Sentit
2062 2990 2244 3030 meliores.
2270 2993 2411 3032 Hzms.'

275 3042 379 3069 tanta
401 3035 454 3069 det
478 3037 610 3074 Putean
643 3042 812 3086 patientia
834 3044 978 3080 Lova-n.
1426 3044 1485 3092 38.
1513 3042 1728 3092 indoluisse]
1759 3041 1953 3091 Ingemuisse
1981 3042 2129 3079 Lovan.

326 3096 386 3121 20.
419 3093 664 3141 Anrncmerare
680 3090 796 3141 solen]
845 3099 1104 3130 connumerare
1131 3093 1312 3132 Arondeh
1422 3105 1484 3143 40.
1515 3099 1559 3130 Et
1589 3106 1621 3131 te
1643 3094 1744 3142 flente
1762 3094 1844 3142 suos
1871 3091 2114 3141 demaduiſje.]
2170 3092 2210 3130 In
2244 3093 2406 3135 Palatino

274 3132 419 3172 Hfims.
448 3137 532 3172 Viti.
553 3138 759 3184 hpist.th.
783 3141 866 3188 328.
1369 3146 1550 3193 emaduiffe
1570 3145 1765 3193 legebatur·
1798 3144 1845 3180 D.
1865 3144 2009 3180 Heins-
2056 3143 2256 3188 Nonnulli,
2281 3144 2409 3182 imma-

290 3236 298 3242 -
325 3197 384 3242 ιιι.
415 3192 509 3222 Nam
530 3189 617 3234 quod
641 3190 742 3240 opes.]
773 3192 867 3237 Jam
890 3194 1058 3231 nonnulli
1081 3206 1125 3232 ex
1136 3196 1313 3243 praestan-
1371 3196 1480 3245 duiſje.
1514 3206 1546 3232 at
1561 3196 1695 3242 septem
1709 3202 1770 3232 aut
1780 3194 1869 3231 oeto
1891 3192 2085 3235 meliores,
2108 3195 2408 3243 emadaiffe.quod

259 3237 433 3274 -ῒΙΟῐὼυΞ-
464 3237 606 3293 ΗξῐΝ-ε.
1372 3250 1523 3284 verbum
1548 3247 1715 3293 elegans,
1743 3245 1801 3280 sed
1823 3244 1888 3281 rari
1911 3244 1989 3281 usus
2009 3244 2067 3280 cst.
2098 3243 2244 3282 Hrzms.
2302 3247 2408 3286 Non·
2469 3260 2474 3265 ·

323 3297 387 3339 23·
417 3291 544 3326 Canus
570 3289 656 3341 alle]
711 3293 835 3332 Carior
864 3294 972 3333 multi
1001 3306 1047 3333 ex
1080 3296 1316 3345 melioribus,
1373 3298 1461 3338 dum
1491 3297 1569 3336 satis
1597 3295 1822 3336 auctoritatis
1848 3294 1959 3334 video
1982 3293 2028 3333 ad
2056 3295 2308 3344 recipiendum
2335 3297 2407 3337 hoc

2326 3358 2409 3400 ‚verz
