2495 3675
462 183 1092 243 TRISTIUM
1175 175 1377 240 1⁴1¹„
1445 175 1519 238 V.
1594 180 1900 246 Eme-AX.

360 288 547 360 thue
573 305 676 361 ego
703 302 756 344 te
781 287 993 343 videam
1019 283 1191 342 caussa
1213 281 1458 357 graviore
1485 279 1746 353 fugatum.

428 360 586 417 Haec
612 362 730 417 sunt
756 364 784 417 a
810 361 993 433 primis
1018 359 1262 434 proxima
1288 371 1414 413 vota
1437 355 1584 411 mibi.

2117 184 2212 251 683

120 563 181 601 37.
208 549 424 603 Pagarum]
473 551 517 590 In
538 550 705 591 exsilium
726 549 896 596 mistum,
922 548 983 587 lib.
1003 561 1031 588 1.
1058 547 1108 586 E-

63 607 134 656 leg.
153 617 199 643 11.
295 653 381 705 quid
399 666 501 704 quem
510 652 617 703 fugat
645 653 703 691 ille
723 652 869 690 tenetis?

66 707 126 747 Sic
146 707 185 746 ὃ(
204 707 296 746 libro
310 704 470 745 secundo
484 732 495 751 ,
516 704 619 756 quod
632 715 777 754 parcam
796 702 963 742 scribere.
991 701 1107 741 Cror.

1217 548 1277 599 38.
1306 555 1398 586 Haec
1407 547 1494 595 sunt
1515 543 1540 582 ἃ
1553 543 1678 594 primis
1693 544 1856 594 proxima
1875 554 1961 583 vota
1983 546 2079 587 meis.
2093 547 2110 598 ]
2124 555 2206 588 Mea

1162 599 1205 646 est
1217 602 1323 649 prim.
1336 599 1442 637 Polit.
1452 598 1620 646 quinque
1631 596 1704 643 alii,
1714 610 1801 637 mea.
1812 597 1908 637 Puto
1921 624 1932 644 ,
1942 596 2044 638 mihi.
2062 599 2207 641 Hm&

1162 655 1253 688 Vota
1263 650 1414 700 secunda
1433 647 1587 687 Moreti.

758 950 1307 1019 ELEGIA
1405 949 1524 1017 IX.

535 1171 660 1228 Tua
684 1172 722 1228 fi
745 1171 937 1227 sineres
962 1172 1016 1226 in
1045 1170 1232 1226 nostris
1259 1173 1478 1227 nomina
1502 1170 1632 1243 poni

577 1245 948 1307 Carminibus;
989 1244 1185 1317 positus
1211 1261 1374 1316 quam
1399 1243 1528 1299 mihi
1554 1244 1706 1314 saepe
1730 1241 1903 1299 foresl‘

344 1320 435 1376 Te
457 1320 625 1374 solum
651 1318 826 1374 meriti
857 1335 1106 1372 canerem
1134 1334 1376 1380 memor;
1421 1318 1584 1389 inque
1608 1315 1799 1371 libellis

420 1391 682 1448 Creviffet
706 1391 811 1446 sine
836 1404 890 1444 te
915 1391 1106 1462 pagina
1131 1390 1269 1444 nulla
1291 1390 1440 1445 meis,

210 1486 240 1537 ς
352 1466 500 1539 Quid
529 1465 624 1519 tibi
649 1464 903 1519 deberem
929 1466 1045 1517 tota
1069 1463 1289 1517 sciretur
1313 1464 1368 1517 in
1395 1460 1573 1517 Urbe:

429 1537 591 1592 Exsul
614 1538 668 1591 in
693 1535 868 1591 amissa
891 1535 928 1590 fi
949 1547 1130 1591 tamen
1154 1535 1301 1590 Urbe
1324 1537 1490 1607 legor.

347 1610 438 1665 Te
465 1610 705 1682 praesens
728 1610 944 1672 mitem,
982 1621 1035 1663 te
1060 1607 1232 1663 noffet
1262 1608 1424 1663 serior
1448 1621 1616 1663 aetas:

426 1682 631 1753 Scripta
658 1681 972 1736 vetustatem
998 1681 1033 1735 fi
1058 1681 1227 1735 modo
1248 1681 1421 1735 nostra
1446 1681 1643 1735 ferent.

349 1755 468 1810 Nec
497 1754 592 1808 tibi
616 1753 835 1808 cessaret
862 1751 1048 1807 doetus
1077 1753 1213 1807 bene
1238 1754 1420 1807 dicere
1444 1752 1634 1806 lefiior:

427 1827 540 1882 Hic
568 1825 664 1881 tibi
691 1827 898 1880 servato
929 1838 1049 1879 vate
1076 1837 1314 1878 maneret
1344 1825 1534 1878 honor.

353 1898 588 1956 Caesaris
615 1898 689 1952 est
715 1898 948 1970 primum
975 1915 1195 1960 munUS‚
1228 1897 1378 1968 quod
1403 1896 1648 1951 ducimus
1674 1912 1820 1953 auras
1833 1914 1853 1951 ες

427 1971 616 2027 Gratia
639 1971 757 2043 post
780 1987 1001 2042 magnos
1026 1969 1099 2023 est
1122 1969 1217 2038 tibi
1244 1969 1486 2024 habenda
1509 1969 1678 2024 Deos,

353 2046 444 2102 Ille
468 2043 619 2097 dedit
646 2043 839 2108 vitam3
878 2057 963 2106 tu,
999 2059 1161 2115 quam
1184 2042 1335 2095 dedit
1360 2043 1477 2103 ille,
1522 2042 1713 2096 tueris:

427 2115 499 2172 Et
527 2116 656 2169 facis
680 2128 904 2186 accepto
930 2132 1152 2168 munere
1179 2113 1323 2184 poffe
1346 2113 1467 2167 frui.
1762 2173 1766 2176 ,

211 2209 271 2261 15
344 2192 598 2260 Cumque
619 2188 983 2260 perhorruerit
1005 2188 1147 2240 casus
1173 2203 1289 2256 pars
1313 2186 1546 2241 maxima
1570 2186 1774 2242 nostros
1785 2216 1810 2254 5

425 2262 552 2317 Pars
575 2261 737 2315 etiam
760 2258 910 2314 credi
932 2258 1259 2331 pertimuisse
1291 2259 1452 2324 velit,

214 1847 280 1884 10

2063 2384 2207 2442 Nau-‘

119 2541 155 2578 ς.
180 2531 267 2564 Tota
286 2523 424 2570 sciretur
446 2521 485 2561 in
512 2520 632 2573 urbe.]
687 2527 769 2560 Toto
790 2521 941 2572 sciretur
974 2521 1012 2559 in
1031 2519 1107 2559 orbe

63 2579 237 2626 Excerpt.
256 2573 365 2613 Vofl'.
382 2575 420 2613 &
441 2581 511 2611 tres
530 2573 622 2612 libri.

117 2647 152 2685 8.
183 2647 217 2683 si
237 2644 334 2682 modo
355 2643 465 2691 nostra
478 2641 640 2692 ferunt]
682 2648 801 2680 Ferent
820 2643 985 2693 quinque
1004 2649 1109 2680 vete-

49 2697 121 2738 ⁴res
137 2701 144 2735 !
161 2698 195 2733 ὃ(
218 2696 311 2744 legar
323 2707 388 2743 pro
402 2694 488 2743 legor
500 2693 606 2732 multi
626 2693 802 2744 superiori
825 2694 942 2732 versu.
963 2693 1109 2731 Herus.

42 2800 54 2806 ,ι
68 2755 197 2788 Ferunt
218 2746 359 2784 Richel.

121 2822 179 2850 10.
212 2812 272 2849 Hic
294 2820 326 2847 te
342 2820 498 2847 maneret
520 2809 666 2860 honora]
722 2810 786 2848 Hic
806 2810 871 2848 tibi
890 2810 1038 2859 plurimi
1065 2822 1110 2848 ex

69 2863 239 2911 antiquis.
270 2869 469 2910 utrumque
491 2861 646 2909 probum
669 2859 729 2898 est.
756 2861 902 2899 Hiems.

126 2924 182 2951 11.
211 2912 381 2949 Ducimus
400 2911 546 2961 auras.]
577 2917 720 2949 Auram
746 2920 828 2950 tres.
845 2912 1011 2950 duximus
1032 2912 1111 2951 Lo-

73 2974 157 3002 van.

47 3012 50 3016 ⁴
127 3025 183 3061 13.
212 3013 272 3050 Ille
299 3013 393 3050 dedit
415 3013 555 3058 vitam,
582 3024 645 3057 tu,
674 3025 782 3063 quam
811 3013 906 3051 dedit
925 3013 1011 3062 ipse,
1039 3024 1112 3051 tue-

75 3063 162 3114 ris.]
191 3064 310 3102 Vatic.
332 3065 369 3102 ὅτ.
390 3065 416 3102 is
430 3092 440 3109 ,
468 3076 581 3113 quem
603 3064 776 3113 impreffit
797 3066 958 3114 optimus
977 3064 1113 3103 Planti-

77 3125 167 3157 nus,
194 3128 301 3163 quam
322 3115 417 3152 dedit
436 3114 505 3153 ille.
532 3117 687 3164 optime.
712 3115 883 3152 Croni-1.
918 3121 994 3160 Tu,
1022 3115 1113 3164 quod

78 3164 173 3201 dedit
184 3165 240 3201 ille
256 3192 267 3209 ,
294 3165 408 3202 tueris.
426 3166 697 3204 Puteaneus.ut
716 3178 769 3203 v1.
787 3166 883 3204 Met.
903 3167 987 3214 655.
1019 3173 1118 3204 Intus

81 3213 182 3251 habes
209 3215 297 3261 quod
325 3215 445 3264 poscis,
474 3218 538 3256 ait.
574 3216 818 3255 Lovaniensis
849 3215 1027 3261 habebat,
1055 3228 1117 3262 tu,

82 3263 138 3302 cui
158 3264 251 3301 dedit
269 3265 348 3309 ille,
376 3267 492 3305 tueris.

136 3338 196 3378 15.
221 3334 377 3381 Cumque
399 3330 648 3383 perhorreret]
708 3329 948 3384 perhorruerit
975 3329 1114 3382 septem

1161 2520 1345 2560 meliores,
1372 2532 1484 2570 quare
1504 2521 1542 2559 &
1565 2531 1655 2559 mox
1671 2548 1681 2564 ,
1702 2519 1864 2568 speHarit
1883 2531 1948 2568 pro
1960 2520 2127 2569 spet't'aret
2146 2526 2204 2562 re-'

1162 2585 1279 2622 pono.
1310 2583 1394 2609 narn
1409 2572 1577 2622 speelavit
1600 2572 1805 2609 Patavinus.
1834 2572 1978 2609 Huius.

1218 2622 1276 2661 16.
1303 2623 1554 2671 Pertimuiffe.]
1608 2623 1772 2670 Exponit
1805 2623 1948 2659 Merula
1973 2651 1982 2666 ‚
2021 2623 2121 2672 quafi
2152 2624 2204 2663 illi

1164 2685 1241 2712 non
1262 2674 1338 2711 veri
1367 2674 1477 2711 amici
1497 2670 1721 2716 timuissent,
1747 2683 1793 2709 ne
1824 2673 1927 2710 simul
1949 2685 2034 2711 cum
2056 2674 2210 2714 Ovidio

1164 2726 1420 2773 relegarentur.
1448 2723 1493 2761 de
1519 2735 1596 2773 quo
1618 2733 1741 2761 tamen
1763 2735 1941 2771 nusquam
1966 2724 2124 2762 Ovidius
2139 2726 2205 2764 ali-

1166 2775 1201 2813 bi
1221 2774 1455 2813 mentionem
1489 2775 1586 2813 facit.
1612 2786 1724 2824 quare
1758 2775 1904 2811 mallem
1931 2775 2052 2824 legere
2071 2803 2082 2820 ‚
2106 2786 2204 2825 prae-

1168 2826 1324 2875 timuisle.
1347 2837 1424 2873 pars
1455 2826 1567 2863 etiam
1598 2837 1697 2863 nunc
1719 2853 1729 2868 ,
1768 2837 1852 2863 cum
1876 2826 2000 2863 vident
2021 2838 2081 2864 me
2102 2828 2205 2865 exsu-

1165 2877 1240 2915 lem
1264 2905 1274 2920 ,
1301 2884 1342 2913 ut
1377 2876 1550 2914 excusent
1568 2904 1579 2920 ,
1616 2875 1718 2925 quod
1750 2876 1885 2913 nullam
1915 2888 2026 2923 opem
2055 2878 2205 2916 tulerint

1167 2929 1282 2971 mihi,
1310 2927 1411 2974 ajunt
1442 2926 1477 2963 se
1507 2927 1570 2964 diu
1591 2925 1831 2975 praetimuisse
1858 2928 1952 2964 hanc
1972 2939 2093 2965 meam
2116 2941 2208 2976 poe·

1168 2990 1277 3022 narn,
1303 2978 1340 3014 ὅ(
1360 2977 1455 3014 casus
1485 2977 1648 3015 infelices
1667 2992 1679 3021 ;
1718 2979 1805 3025 quia
1827 2977 1931 3025 saepe
1959 2978 2124 3016 viderant
2144 2992 2206 3016 me

1166 3029 1249 3066 talia
1267 3027 1460 3065 admittere
1480 3055 1491 3071 ‚
1526 3028 1655 3078 quibus
1683 3027 1847 3065 exsilium
1876 3040 2047 3076 mererer.
2075 3034 2112 3065 ὅ(
2133 3031 2208 3067 hoc

1166 3078 1422 3124 quotidianum
1445 3079 1514 3124 est,
1541 3088 1581 3117 ut
1598 3080 1818 3129 quiveteres
1839 3081 1979 3116 amicos
1996 3078 2208 3123 destituunt,

1172 3131 1220 3168 ita
1237 3130 1271 3168 se
1293 3138 1469 3178 purgent,
1497 3129 1599 3179 quod
1623 3130 1702 3178 jam
1733 3128 1795 3167 diu
1825 3130 2063 3178 imprudentis
2082 3132 2208 3167 homi·

1173 3182 1329 3224 nis,nec
1350 3182 1418 3218 suis
1441 3181 1596 3218 consiliis
1618 3180 1870 3228 obsequentis,
1900 3181 1995 3219 casus
2022 3182 2210 3226 praevide·

1173 3231 1243 3269 rint
1263 3233 1300 3268 &
1319 3232 1607 3279 praetimuerint.
1642 3230 1843 3279 praetimere
1864 3233 1973 3268 etiam
1995 3232 2151 3267 occurrit
2169 3232 2206 3266 in

1172 3283 1410 3330 Argumento
1441 3281 1525 3320 Fab.
1552 3295 1578 3319 1.
1604 3281 1683 3319 libr.
1701 3293 1762 3320 xv.
1783 3282 1876 3321 Met.
1895 3281 1968 3320 vid.
1989 3282 2026 3317 &
2047 3278 2210 3315 Broukh.

1173 3333 1219 3373 ad
1231 3332 1361 3374 Tibul.
1379 3344 1445 3384 m,
1466 3345 1520 3374 xv,
1541 3342 1600 3381 14.
1625 3331 1756 3382 Burri.

2056 3377 2113 3417 38.
2138 3382 2215 3425 Saea„
