2495 3675
387 126 956 198 EPISTOLARUM
983 138 1104 197 ΕΧ·
1130 140 1411 200 PONTO.
1452 143 1572 202 Lm.
1610 141 1705 217 iv.
1744 145 1923 207 ΕΜ.
1951 148 2103 210 xvi.
2155 112 2159 115 “
2219 148 2328 223 892

321 323 404 371 30,

468 234 732 308 Musaque
757 233 1025 300 Turrani,
1053 234 1301 307 Tragicis
1327 237 1506 293 innixa
1530 239 1835 305 cothurnis;
2212 281 2232 288 -

536 307 606 362 Et
660 326 722 361 ua
749 325 871 361 cum
897 307 1057 361 socco
1083 307 1268 373 Musa,
1309 309 1542 371 Melisse,
1583 313 1733 368 levis,
2086 332 2090 334 ·

461 380 605 436 Cum
627 379 658 434 X
684 397 800 433 arus
824 379 1211 452 Gracchusque
1235 382 1423 436 darent
1457 383 1566 438 fera
1593 386 1730 440 dicia
1755 389 2015 462 tyrannis;

533 452 843 507 Callimachi
870 453 1127 507 Proculus
1156 455 1316 508 molle
1340 468 1551 510 teneret
1578 459 1707 512 iter:

460 523 683 596 Tityrus
708 525 947 595 antiquas
972 526 1024 577 ὃ(
1052 539 1163 579 erat
1187 530 1277 598 qui
1303 527 1537 599 pasceret
1561 530 1785 597 herbas,

530 599 782 670 Aptaque
810 598 1025 652 venanti
1053 598 1272 655 Gratius
1295 617 1438 656 arma
1464 601 1631 657 daret.

217 817 278 855 29.
304 805 493 857 Turrani]
537 805 672 844 Turani
700 804 848 854 Malasp.
870 808 914 846 ad
936 809 1054 848 Cicer.
1080 821 1132 846 vr.
1158 809 1204 848 ad

165 855 246 894 Att.
273 869 307 903 9.
338 857 490 895 Thorani
503 857 694 902 Heinsius,
725 856 830 905 quod
849 870 990 897 nomen
1021 859 1116 907 apud
1139 860 1202 898 Ci-

165 918 343 945 ceronem
384 907 426 944 ad
460 909 587 947 Famil.
620 920 674 944 vi.
703 919 762 948 21·
795 917 856 945 22.
891 911 942 949 D.
974 911 1201 949 Turranium

165 956 362 996 hominem
376 958 582 1003 χρηςομειόῆ
608 966 792 995 memorat
812 958 928 998 Cicer
954 974 983 999 1.
1004 962 1048 998 ad
1072 961 1139 998 Att
1169 971 1199 1007 ς.

168 1008 232 1044 ubi
262 1009 337 1046 vid.
359 1009 510 1047 Corrad.
536 1010 709 1056 Zaratani
738 1008 812 1046 Ms.
833 1008 967 1049 Bersm.
995 1012 1143 1049 Tiranm·
1162 1012 1201 1050 P.

166 1057 406 1096 Dan.innexa
427 1059 602 1097 cothurnis
621 1060 774 1096 Moreti.
799 1059 928 1099 Euam.

220 1118 283 1156 30.
312 1115 403 1146 Cum
419 1111 508 1156 fhcco
523 1110 639 1157 Musa,
656 1109 803 1158 Meliffe,
818 1111 935 1159 levis]
965 1111 1086 1150 Scribe
1101 1140 1111 1157 ,
1123 1125 1202 1150 cum

157 1158 252 1207 socco
274 1159 356 1196 levi.
392 1159 440 1198 fic
466 1173 612 1210 gravem
642 1160 851 1198 cothurnum
887 1163 969 1200 alibi
999 1162 1103 1201 dixit.
1132 1163 1203 1203 Cn.

164 1208 352 1247 Melissum
383 1211 548 1260 Togatas
579 1208 748 1258 scripsisse
785 1211 880 1250 testis
908 1214 956 1251 est
990 1214 1202 1252 Scholiastes

164 1258 315 1297 Horatii
335 1261 379 1298 ad
412 1263 538 1300 Artem
570 1261 760 1299 Poeticam
784 1277 794 1304 ;
834 1269 979 1312 Togatas
996 1263 1203 1313 seripserunt

166 1309 284 1346 AElius
304 1312 458 1357 Lamia,
486 1313 666 1350 Antonius
688 1313 823 1359 Rufus,
850 1320 918 1353 Cn.
942 1315 1117 1364 Meliſjas,
1145 1320 1202 1353 Λ-

155 1360 304 1406 franius
326 1388 337 1406 ,
373 1364 568 1410 Africanus
587 1391 599 1408 ‚
637 1365 851 1412 Pomponius.
878 1367 942 1416 qui
966 1366 1082 1403 Rufus
1100 1366 1203 1404 forfi-

164 1418 228 1448 tan
249 1411 348 1449 idem
371 1424 455 1451 curn
478 1425 525 1452 eo
539 1425 672 1464 ,quem
696 1415 828 1453 Noster
840 1415 943 1464 supra·
963 1424 1072 1453 vocat
1088 1416 1205 1462 fidici-

166 1473 247 1516 nem
267 1462 474 1501 Pindaricae
494 1472 612 1514 Lyrae.
640 1465 773 1514 Cajum
787 1465 975 1504 Melissum
994 1475 1104 1505 vocat
1117 1468 1204 1505 Sue-

165 1518 312 1557 tonius,
343 1515 493 1552 &inter
524 1516 800 1554 Grammaticos
825 1518 1009 1560 recenset.
1037 1519 1101 1565 qui
1121 1518 1206 1556 To-

165 1570 265 1610 gatas
285 1575 370 1601 eum
392 1565 540 1603 edidiffe
568 1568 678 1603 etiam
713 1567 858 1613 prodit,
885 1580 973 1617 quas
994 1568 1205 1617 inscripserit

165 1611 368 1651 Trabeatas.
388 1616 532 1654 Laudat
553 1628 706 1665 quoque
721 1618 936 1667 Ineptiarum
959 1619 1037 1668 ejus
1050 1646 1061 1662 ,
1075 1619 1134 1657 seu
1151 1621 1205 1669 jo-

165 1674 282 1699 corum
303 1665 451 1711 libellos,
480 1666 604 1717 quibus
630 1678 673 1707 (9¹
693 1668 816 1705 mimos
837 1669 965 1718 diver-fi
983 1670 1085 1717 operis
1098 1671 1206 1719 postea

167 1712 357 1769 addiderit.
387 1716 433 1754 sic
461 1719 559 1755 enim
580 1717 806 1757 scribendum
823 1747 834 1763 ‚
863 1731 947 1757 cum
968 1720 1046 1757 libri
1065 1729 1206 1760 veteres

168 1776 304 1821 ammos
326 1766 455 1816 diverst
482 1768 586 1817 operis
614 1769 820 1808 exhibeant.
878 1771 1060 1808 Videntur
1080 1780 1204 1809 autem

160 1827 313 1862 jocorum
331 1817 442 1855 libelli
465 1817 658 1857 constitiffe
675 1831 720 1856 ex
749 1821 929 1870 Apologis
950 1821 1140 1868 AEsopicis.
1168 1822 1206 1860 id

165 1866 265 1903 enim
283 1866 456 1906 scribendi
477 1881 591 1918 genus
616 1871 704 1918 jocos
725 1874 918 1908 vocabant.
956 1871 1005 1908 fic
1024 1871 1206 1910 Phaedrus

163 1914 211 1953 de
232 1915 266 1953 se
289 1919 427 1965 passim.
453 1919 540 1957 hinc
562 1921 599 1957 &
631 1921 809 1959 Martialis
832 1921 975 1967 improbi
990 1922 1081 1970 jocos
1101 1921 1208 1958 Phoe-

165 1965 232 2002 dri.
260 1977 299 2004 ut
320 1969 514 2008 videantur
533 1969 579 2006 de
600 1970 747 2008 Meliffo
774 1970 1010 2020 intelligenda
1031 1971 1088 2009 illa
1109 1971 1206 2020 apud

164 2016 372 2056 ¹Phaedrum
402 2019 460 2058 lib.
485 2033 531 2058 11.
560 2020 644 2057 Fab.
665 2021 816 2059 ultima:

219 2086 397 2133 Quoniam
418 2096 595 2135 occuparat
617 2086 706 2134 alter
726 2100 766 2125 ne
777 2087 908 2134 primus
920 2088 1055 2135 forem,

219 2143 275 2173 Ne
286 2137 377 2181 solus
397 2139 469 2186 esset
483 2138 627 2183 studui,
656 2138 746 2188 quod
762 2138 954 2185 superfuit:

219 2192 292 2224 Nec
311 2188 392 2224 haec
411 2188 573 2233 invidia,
601 2201 725 2226 verum
742 2188 786 2236 est
808 2188 1009 2227 aemulatio.

169 2253 493 2290 Commentarium
521 2254 599 2299 ejus
627 2253 673 2290 de
702 2253 826 2300 apibus
847 2253 994 2291 laudant
1016 2254 1147 2292 Plinius
1166 2254 1205 2292 &

171 2303 328 2340 Servius.
356 2303 414 2341 sed
436 2305 463 2341 is
485 2313 574 2350 puto
589 2331 598 2346 ,
627 2303 786 2342 diversus
805 2304 850 2341 ab
870 2304 944 2341 hoc
965 2305 1112 2349 nostro,
1137 2307 1202 2353 qui

170 2352 406 2391 Columellae
424 2355 534 2391 eti-ain
557 2354 736 2391 laudatur.
763 2355 934 2392 meminit
946 2355 1076 2393 Melissi
1091 2356 1199 2393 etiam

170 2403 314 2451 Virgilii
340 2404 434 2440 virae
455 2404 594 2441 aanor.
647 2405 845 2442 Caeterum
868 2417 952 2442 cum
975 2405 1020 2443 de
1048 2417 1202 2452 praeno-

166 2456 270 2492 mine
302 2454 432 2492 Meliffi
465 2455 692 2504 scriptoribus
730 2468 855 2504 parum
887 2457 1115 2501 conveniat,
1163 2458 1201 2495 δε

167 2505 378 2543 Scholiastcrs
403 2507 546 2544 Horatii
578 2511 713 2543 Cneum
738 2534 747 2549 ,
777 2507 972 2545 Suetonius
993 2507 1120 2544 Caium
1143 2519 1203 2555 ap-

166 2557 302 2604 pellent
326 2573 337 2599 ‚·
374 2557 628 2606 Hieronymus
652 2559 686 2594 iri
713 2558 902 2595 Chronico
926 2558 1068 2595 Eusebii
1103 2565 1204 2594 Mar-

166 2620 245 2643 cum
263 2635 271 2648 ,
292 2607 334 2643 ad
359 2619 495 2646 annum
523 2621 674 2645 mmxiii.
692 2610 826 2656 opinor
849 2620 975 2646 verum
992 2609 1123 2646 Meliffi
1137 2622 1204 2646 no-

169 2668 257 2693 rnen
280 2657 381 2695 fuiffe
404 2686 414 2701 ‚
452 2660 579 2696 Caium
602 2659 761 2696 Cilnium
792 2660 977 2708 Meliffurn.
1006 2660 1072 2696 fuit
1102 2660 1200 2696 euim

168 2708 398 2745 Maecenatis
415 2709 586 2752 libertus,
617 2710 673 2747 cui
697 2711 782 2745 Ca'io
803 2722 1029 2758 praenomen
1054 2738 1064 2753 ‚
1090 2710 1205 2747 Cilnio

169 2769 310 2796 nometi
332 2761 460 2807 gentis,
484 2761 654 2797 Libertos
675 2769 797 2797 autem
822 2771 1048 2807 praenomen
1075 2772 1116 2798 ac
1137 2772 1205 2798 no-

170 2819 259 2845 men
299 2809 459 2850 familiae
489 2810 508 2847 a
554 2811 716 2848 Patronis
756 2819 942 2848 mutuatos
978 2810 1047 2848 effe
1082 2812 1204 2849 notius

171 2858 220 2894 est
242 2886 252 2901 ‚
299 2871 412 2907 quam
441 2868 480 2898 ut
515 2860 669 2909 operose
703 2861 887 2898 hocloco
923 2861 942 2898 a
981 2874 1042 2899 me
1077 2861 1204 2900 adstrui

173 2908 315 2947 debeat.
345 2910 490 2947 HHNS.

225 2987 284 3025 31.
313 2982 403 3013 Cum
426 2982 533 3014 Varus
546 2978 786 3027 Gracchusque
797 2977 923 3015 darent
933 2980 1014 3026 fera
1035 2978 1127 3015 diora
1141 2985 1206 3027 Ty-

176 3026 321 3075 rannh]
352 3028 523 3075 Tyrannis
545 3029 688 3066 videtur
706 3029 948 3066 scribendum.
983 3029 1210 3077 Tragoedias

177 3077 278 3112 enirn
299 3086 474 3126 uterque,
503 3079 538 3115 ni
573 3080 698 3122 fallor,
726 3079 948 3125 scripserunt.
1002 3081 1089 3117 Huc
1109 3081 1210 3116 trahe

177 3124 267 3162 illud
297 3125 471 3166 Tristinm
501 3129 660 3166 secundo
685 3157 694 3173 ‚
733 3130 860 3166 Accius
888 3131 960 3178 esset
982 3142 1096 3167 atrox.
1123 3132 1207 3177 quia

181 3174 276 3212 dieta
306 3176 342 3212 ὃ(
365 3176 455 3214 facia
485 3181 621 3216 atrocia
648 3191 891 3228 tyrannorum
919 3181 1113 3227 tragoediis
1142 3181 1208 3217 suis

179 3234 256 3261 erat
275 3226 499 3274 complexus.
526 3231 679 3267 Gracchi
694 3241 790 3268 certe
806 3231 971 3267 Atalanta
987 3243 1004 3266 a
1029 3230 1207 3269 'i'risciano

178 3275 368 3322 laudatur,
395 3288 440 3314 ex
462 3288 534 3327 qua
548 3280 648 3327 hunc
665 3281 808 3320 versum
832 3282 969 3331 profert
985 3282 1045 3321 lib.
1066 3292 1120 3332 vn

2105 680 2298 736 Na'i'das

1316 818 1345 849 Ο
1362 823 1467 861 grata
1489 814 1590 851 cardo
1603 840 1613 858 ,
1641 811 1771 862 regium
1792 812 1948 863 egressum
1966 812 2135 853 indicans.

1259 870 1297 908 δε
1318 877 1359 908 C.
1379 875 1574 909 Gracchum
1596 881 1717 909 vocat.
1745 873 1846 920 quod
1868 874 1903 910 in
1926 883 2085 909 errorem
2117 871 2219 909 duxit
2241 870 2299 908 CI·

1259 921 1442 967 Voflium,
1457 931 1495 961 ut
1509 931 1648 971 putaret
1661 922 1704 959 C
1718 923 1926 959 Gracchum
1940 930 2101 960 veterem
2116 923 2216 960 illum
2231 922 2300 959 Ti-

1253 971 1342 1010 berii
1363 973 1509 1010 fratrem
1525 973 1726 1022 tragoedias
1739 971 1920 1021 scripsisse3
1938 973 2091 1021 Analog.
2106 986 2129 1009 1.
2150 983 2300 1020 cap.22.

1256 1022 1291 1060 Si
1314 1024 1460 1071 tyranni
1479 1025 1630 1071 retines,
1661 1024 1906 1071 castigandum
1927 1024 1995 1061 erit
2026 1024 2158 1061 Varius.
2195 1023 2297 1061 Varii

1257 1075 1359 1111 enim
1388 1074 1569 1123 Thyestes
1600 1074 1838 1112 laudatissima
1870 1074 1965 1123 apud
1995 1083 2134 1111 veteres
2175 1073 2233 1111 sed
2258 1074 2297 1111 δε

1259 1123 1444 1162 Gracchus
1466 1125 1656 1174 Thyesten
1682 1125 1863 1172 scripserat
1885 1153 1896 1169 ‚
1930 1136 1976 1162 ex
2002 1136 2072 1173 qua
2102 1125 2297 1162 Priscianus

1257 1173 1357 1212 hunc
1377 1187 1531 1225 quoque
1556 1176 1697 1213 versum
1723 1176 1894 1223 producit
1912 1175 2003 1213 libro
2025 1176 2157 1213 eodem
2171 1203 2182 1220 ,

1312 1236 1433 1287 Merfit
1447 1239 1620 1289 sequentis
1642 1238 1830 1276 humidum
1849 1238 1980 1286 plantis
2000 1239 2161 1279 humum.

1254 1305 1324 1345 Sed
1344 1306 1712 1356 Variusjamdudum
1743 1304 1764 1343 ὲ
1801 1306 1894 1342 vivis
1921 1305 2138 1352 excesserat,
2174 1308 2209 1346 ni
2235 1308 2302 1346 fal-

1252 1357 1333 1402 lor,
1362 1368 1446 1394 cum
1475 1357 1567 1394 haec
1597 1356 1768 1394 scribebat
1789 1356 1900 1394 Naso.
1936 1357 2100 1395 Fortaffis
2122 1359 2159 1396 &
2183 1359 2298 1396 Grac·

1256 1408 1314 1445 chi
1333 1419 1472 1445 nomen
1494 1407 1720 1445 reddendum
1747 1407 1876 1445 Nonio
1900 1408 1936 1444 in
1956 1409 2094 1454 Cardo,
2121 1409 2300 1457 Cardcge-

1259 1459 1349 1495 neris
1365 1459 1557 1502 foeminini.
1585 1461 1714 1494 Graius
1733 1457 1773 1494 in
1796 1456 2013 1501 Peliadibus,
2041 1465 2144 1496 Sonat
2166 1460 2294 1506 impul-

1254 1509 1298 1557 sa
1321 1511 1411 1558 regia
1441 1510 1555 1547 cardo.
1593 1510 1718 1546 malim
1748 1510 1898 1557 inquam
1921 1536 1931 1553 ,
1971 1514 2120 1547 Graccus
2142 1538 2152 1554 ,
2182 1513 2294 1558 (nam

1262 1565 1413 1597 Graccus
1437 1572 1513 1598 non
1551 1559 1728 1596 Gracchus
1762 1561 1797 1597 iri
1835 1561 1990 1608 antiquis
2021 1561 2298 1599 numismatibus

1260 1611 1417 1659 semper)
1432 1611 1610 1658 &‚sonat
1636 1609 1797 1660 impulsu.
1825 1610 2034 1648 Gracchum
2058 1613 2155 1650 enim
2179 1611 2297 1648 cardi-

1263 1675 1339 1698 nem
1364 1662 1575 1699 foeminino
1587 1674 1721 1710 genere
1744 1659 1948 1698 enunciaffe
1964 1662 2040 1710 jam
2056 1674 2100 1700 ex
2115 1662 2295 1699 Prisciano

1260 1712 1403 1750 scimus.
1429 1724 1498 1750 nec
1511 1714 1642 1750 mirum
1656 1712 1860 1750 archaismis
1880 1712 1979 1749 illum
1993 1712 2171 1750 indulfiffe
2185 1740 2195 1756 ‚
2207 1724 2294 1751 nam

1259 1762 1323 1800 illo
1345 1764 1464 1801 adhuc
1483 1772 1654 1811 tempore
1684 1764 1815 1800 Accius
1845 1763 1881 1799 &
1904 1763 2081 1801 Pacuvius
2103 1765 2138 1801 in
2162 1763 2299 1801 deliciis

1260 1822 1374 1851 erant.
1410 1814 1508 1851 unde
1537 1815 1575 1851 ὃ(
1605 1813 1734 1851 auctor
1761 1813 1807 1850 de
1837 1812 1959 1850 cauffis
1991 1823 2183 1859 corruptae
2215 1813 2294 1851 elo·

1259 1865 1433 1912 quentiae
1445 1864 1562 1901 Asinii
1578 1864 1750 1901 Pollionis
1762 1863 1963 1912 tragoedias
1979 1892 1987 1909 ‚
2001 1873 2039 1901 ut
2052 1874 2206 1902 veterno
2220 1866 2296 1902 Ac-

1261 1915 1307 1951 cii
1326 1914 1449 1961 plenas
1474 1915 1718 1961 reprehendit.
1781 1914 1963 1951 Exemere
1994 1914 2145 1952 demum
2175 1923 2293 1953 totam

1258 1963 1357 2001 hanc
1373 1965 1505 2001 animis
1535 1967 1671 2001 nubem
1693 1965 1912 2001 Neronianis
1939 1966 2163 2012 temporibus
2182 1965 2296 2003 Pom-

1261 2015 1394 2062 ponius
1420 2015 1608 2051 Secundus
1638 2015 1675 2051 ὃς
1707 2015 1882 2051 Annaeus
1910 2014 2057 2052 Seneca.
2088 2027 2157 2062 qua
2185 2015 2230 2053 de
2253 2028 2293 2054 re

1259 2064 1344 2102 alibi
1372 2065 1543 2112 pluribus.
1590 2064 1701 2101 Certe
1730 2065 1824 2112 apud
1854 2064 2092 2112 Calpurnium
2122 2065 2291 2105 Pisonem

1259 2115 1352 2152 libro
1372 2115 1533 2153 secundo
1555 2114 1601 2152 de
1623 2116 1848 2152 continentia
1872 2115 2065 2153 Poetarum
2080 2144 2090 2160 ,
2118 2128 2227 2165 quem
2252 2118 2298 2155 li-

1260 2165 1364 2203 brum
1389 2166 1514 2204 Paulus
1536 2166 1677 2203 Merula
1697 2166 1889 2202 inventum
1911 2165 1931 2203 a
1950 2167 1983 2203 se
2001 2167 2167 2204 Lutetiae
2186 2168 2227 2205 ad
2243 2168 2291 2205 D.

1259 2216 1423 2254 Victoris
1449 2217 1587 2264 saepius
1618 2216 1778 2253 laudavit
1812 2217 2102 2254 Commentariis
2126 2220 2160 2255 in
2184 2219 2291 2256 Ennii

1259 2268 1445 2312 Annales,
1473 2279 1571 2305 nunc
1589 2278 1726 2315 magno
1740 2278 1822 2304 cum
1838 2267 2074 2305 reiliterariae
2093 2270 2293 2307 detrimen-

1257 2326 1297 2355 to
1317 2319 1546 2367 deperditum
1562 2346 1571 2362 ,
1585 2318 1702 2355 versus
1723 2319 1936 2355 hexameter
1967 2318 2172 2366 Seirpronii
2192 2320 2293 2368 Graji

1256 2369 1522 2417 proferebatur.
1566 2380 1632 2417 pro
1663 2380 1741 2416 quo
1782 2369 1970 2417 Sempronii
1998 2369 2120 2405 Gracci
2150 2382 2289 2409 nomen

1258 2420 1387 2469 reponi
1416 2420 1547 2457 debere
1580 2418 1711 2456 censeo
1770 2419 1892 2454 Gracci
1923 2419 2021 2456 enim
2053 2420 2293 2467 Semproniae

1258 2473 1387 2518 gentis.
1414 2471 1450 2507 δε
1485 2470 1546 2507 sub
1576 2481 1731 2507 nomine
1750 2471 1957 2516 Sempronii
1983 2470 2136 2507 Gracchi
2159 2470 2291 2519 Thye-

1259 2521 1347 2558 stem
1373 2521 1567 2558 Priscianus
1589 2520 1684 2557 citat.
1719 2520 1778 2557 sed
1800 2522 1835 2556 ὅ(
1859 2520 1953 2566 apud
1974 2521 2205 2558 Macrobium
2231 2523 2292 2559 Sa-

1259 2572 1453 2608 turnalium
1475 2572 1534 2608 lib.
1556 2583 1600 2608 ri.
1630 2580 1759 2618 cap.4.
1799 2571 1858 2607 ubi
1887 2570 1930 2607 de
1949 2571 2044 2620 jocis
2075 2572 2111 2607 ὃ(
2138 2573 2293 2611 εἰξὶωίε

1261 2622 1420 2659 Caesaris
1444 2623 1589 2669 Augusti
1620 2623 1754 2669 agitur,
1790 2620 1902 2665 Postea
1929 2622 2049 2658 Lucius
2072 2625 2196 2670 gravis
2216 2635 2292 2659 rra-

1256 2673 1454 2721 goediarum
1479 2675 1622 2719 scriotor
1656 2672 1890 2719 interrogabat
1920 2685 1995 2707 eum
2016 2700 2026 2716 ,
2064 2674 2150 2721 quid
2180 2685 2291 2721 ageret

1262 2726 1363 2769 Ajax
1384 2733 1464 2760 tuus
1504 2725 1561 2759 ubi
1591 2722 1811 2759 Torrentius
1843 2725 1989 2769 reponit
2011 2729 2048 2760 L.
2074 2725 2156 2761 [rius
2178 2727 2295 2771 gravis

1260 2774 1516 2823 tragoediarum
1534 2773 1681 2822 scriptor.
1714 2773 1902 2822 Rycquius
1924 2785 1969 2810 ex
1993 2776 2124 2812 codice
2148 2776 2295 2813 Vatica-

1263 2837 1335 2869 no,
1367 2831 1403 2861 L.
1426 2827 1600 2861 Gnavius.
1650 2823 1780 2866 Forte,
1809 2828 1846 2859 L.
1866 2828 2024 2861 Graccus.
2058 2826 2111 2862 vel
2135 2852 2144 2868 ,
2182 2831 2295 2862 Tura-

1263 2877 1340 2912 nius
1360 2903 1370 2918 ‚
1400 2878 1499 2923 cujus
1520 2876 1690 2922 tragicam
1724 2874 1866 2910 Musam
1893 2875 1969 2921 jam
2003 2874 2103 2921 supra
2130 2876 2293 2914 laudavit

1266 2926 1408 2963 Noster.
1445 2927 1585 2962 l-ifiirss.
1626 2925 1682 2961 De
1705 2925 1818 2960 Vario
1841 2925 1992 2962 &Varo
2014 2926 2117 2975 saepe
2138 2926 2296 2964 confufis

1262 2979 1348 3014 'vide
1370 2975 1530 3024 Rutgei‘s.
1555 2974 1730 3011 Vcnusin.
1752 2975 1853 3011 Lect
1878 2987 1954 3012 can.
1977 2987 2037 3013 ιιι.

1320 3039 1375 3076 32.
1405 3025 1604 3074 Proculus.]
1634 3026 1672 3062 δε
1693 3026 1764 3062 hoc
1783 3028 2010 3072 cognomine
2029 3028 2166 3066 multae
2184 3029 2290 3065 funii-

1264 3080 1332 3115 liae
1357 3077 1544 3126 insignitae
1565 3104 1574 3120 ‚
1603 3078 1708 3123 ita-ut
1726 3075 1817 3120 ‚nisi
1845 3088 1985 3114 nomen
2010 3088 2150 3128 pateat,
2178 3079 2221 3114 dc
2244 3090 2291 3115 eo

1264 3129 1387 3166 frustra
1410 3138 1637 3176 quaeramus.

1320 3190 1376 3227 33.
1406 3180 1543 3223 'simus
1563 3177 1729 3227 antiquas
1747 3190 1790 3217 cy
1810 3187 1884 3214 erat
1908 3178 1968 3229 qui
1984 3180 2124 3225 pasceret
2139 3177 2287 3226 herbas]
2331 3201 2335 3204 -

1265 3231 1372 3268 Haec
1393 3241 1458 3265 nec
1484 3229 1612 3264 Latina
1636 3230 1739 3275 sunt,
1765 3241 1833 3268 nec
1853 3230 1930 3268 satis
1945 3228 2107 3275 intelligo
2130 3229 2216 3276 quid
2228 3228 2290 3265 sibi

1265 3280 1393 3330 yelint.
1422 3277 1651 3324 Hafniensis,
2240 3328 2245 3334 .

2206 3334 2301 3367 :11:7¹-
