2495 3675
423 202 1367 270 FASTORUM
1476 207 1675 266 L113.

318 327 425 382 Pro
451 326 652 401 Troja,
688 326 965 387 Romane,
1003 323 1094 376 tua
1119 319 1311 378 Venus
1336 338 1480 378 arma
1505 322 1742 392 ferebat;

386 400 528 456 Cum
561 400 765 473 gemuit
791 411 1029 452 teneram
1055 395 1274 468 cuspide
1297 396 1429 451 laesa
1454 414 1704 465 manum,

180 419 278 457 120

1746 213 1852 274 IV.
2077 234 2188 290 239

321 474 701 547 Coelestesque
725 471 855 525 duas
880 467 1127 539 Trojano
1149 467 1334 538 judice
1354 470 1502 526 vicit.

393 547 521 618 <Ah
546 546 710 602 nolim
737 541 901 596 viflas
929 540 1034 595 hoc
1063 541 1359 597 meminisse
1385 543 1594 614 Deas!)

320 620 659 690 Assaracique
685 632 846 670 nurus
870 613 1014 671 ,dieta
1034 614 1134 670 est:
1175 628 1235 669 ut
1259 616 1458 671 scilicet
1481 619 1612 674 olim

393 689 821 760 Magnus'liileos
847 686 1036 742 Caesar
1059 688 1278 743 haberet
1304 707 1444 745 avos,

117 759 122 766 ’
182 786 278 835 125
317 767 434 821 Nec
458 762 663 818 Veneri
686 775 926 833 tempuS,
964 778 1126 833 quam
1153 780 1276 825 ver,
1314 777 1429 818 erat
1453 765 1625 837 aptius
1649 767 1830 824 ullum.

395 835 540 892 Vere
565 835 737 890 nitent
762 848 961 888 terrae:
1006 852 1134 889 vere
1157 835 1395 891 remifl'us
1420 855 1561 909 ager.

316 911 476 966 Nunc
502 907 697 962 herbae
723 907 879 979 rupta
905 908 1094 962 tellure
1121 909 1397 964 cacumina
1423 912 1650 975 tollunt;

394 981 554 1036 Nunc
580 980 794 1036 tumido
817 996 1056 1051 gemmas
1081 982 1288 1036 cortice
1314 984 1510 1054 palmes
1546 985 1671 1056 agit.

317 1054 392 1110 Et
417 1053 648 1108 formosa
670 1052 858 1109 Venus
884 1051 1125 1108 formoso
1146 1067 1394 1128 tempore
1418 1056 1582 1129 digna
1605 1056 1708 1112 est:

181 1147 281 1196 130

390 1126 575 1200 thue
601 1125 764 1190 solet,
801 1123 970 1181 Marti
995 1127 1305 1181 continuata
1330 1129 1440 1182 su0.

317 1201 467 1260 Vere
493 1212 680 1254 monet
705 1216 891 1254 curvas
914 1212 1152 1252 materna
1176 1215 1272 1270 per
1311 1217 1543 1273 aequora
1571 1217 1774 1275 puppes

393 1274 502 1328 Ire:
544 1290 644 1327 nec
667 1271 911 1326 hibernas
930 1270 1039 1339 jam
1062 1270 1289 1326 timuisse
1314 1273 1496 1328 minas,

318 1347 451 1404 Rite
476 1345 649 1400 Deam
672 1343 863 1398 Latiae
887 1344 1060 1398 colitis
1086 1356 1390 1418 matresque
1411 1363 1685 1420 nurusque
1701 1370 1721 1411 ;

401 1418 471 1474 Et
496 1434 590 1474 vos
606 1456 622 1482 ‚
658 1418 777 1490 quis
801 1415 965 1470 vittae
989 1416 1256 1488 longaque
1283 1416 1436 1471 vestis
1460 1417 1617 1485 abest.

181 1512 273 1570 135
319 1494 499 1550 Aurea
524 1504 828 1545 marmoreo
856 1487 1166 1543 redimicula
1191 1488 1378 1544 solvite
1406 1492 1577 1547 collo:

395 1564 616 1621 Demite
640 1561 878 1619 divitias:
917 1574 1029 1616 tota
1051 1561 1272 1620 lavanda
1292 1561 1411 1618 Dea
1435 1563 1525 1619 est.

88 1834 170 1873 122}
195 1830 260 1871 'Ah
279 1829 385 1869 nolim
415 1826 531 1865 ὐἱῆας
556 1824 617 1863 hoe
644 1824 831 1876 meminiffe
851 1825 969 1877 deas]
1010 1826 1079 1865 Di-

38 1887 111 1923 etas
133 1885 192 1922 hoc
213 1881 361 1932 meruisse
386 1880 525 1918 Mazar.
547 1877 690 1916 Zulich.
713 1878 751 1915 &
776 1879 886 1927 prim.
907 1878 1078 1917 Ambros.

30 1947 99 1985 pro
129 1935 192 1972 Ah
214 1944 283 1973 tres
306 1960 316 1979 ,
359 1939 457 1977 Has,
485 1940 578 1968 unus
599 1957 610 1974 ,
645 1934 758 1966 Hanc.
796 1928 927 1976 Forte,
956 1933 1080 1978 Qam

35 1985 170 2023 nolim!
201 1995 241 2025 ut
259 1985 421 2023 Met.1x.
447 1984 572 2030 Quam
590 1978 696 2017 nolim
708 1989 790 2018 rata
802 1978 905 2030 fint!
933 1982 1080 2020 Hmus.

37 2041 94 2077 At
112 2036 221 2074 nolim
245 2036 445 2082 Gottorph.

91 2099 171 2136 ης.
199 2086 330 2136 Erat.]
375 2083 453 2121 Erit
470 2083 576 2132 prim.
600 2081 730 2120 Ambr.
750 2081 833 2128 Jun.
862 2093 919 2120 eat
940 2083 1080 2123 Medic.

38 2149 144 2177 unus.
168 2145 208 2176 ut
229 2137 334 2186 saepe
353 2136 389 2173 in
409 2134 464 2173 his
482 2134 591 2172 libris.
611 2133 685 2171 vid.
704 2132 766 2170 lib.
786 2145 851 2172 111.
876 2135 936 2180 76.

93 2204 176 2242 126.
203 2208 286 2241 Vere
311 2199 467 2250 nitent.]
507 2199 626 2237 Virent
656 2200 835 2238 Mazarin.
866 2201 905 2238 ὃς
929 2198 1080 2249 quidam

41 2253 110 2294 aiii.
136 2252 197 2292 sed
215 2252 324 2292 male.
349 2252 424 2291 vid.
445 2250 510 2288 inf.
529 2261 616 2299 430.
646 2262 683 2288 v.
705 2262 793 2296 207.
820 2251 976 2295 deinde,
1004 2263 1084 2287 vere

41 2304 191 2344 remittit
210 2318 289 2354 ager
306 2315 401 2343 unus
420 2302 573 2340 Moreti.
590 2302 702 2339 etiam
723 2313 801 2341 non
831 2300 1032 2340 invenuste.

93 2382 175 2418 127.
202 2370 334 2408 Herbae
342 2367 482 2419 rupta.]
496 2367 629 2405 Herbae
640 2377 769 2406 veteres
781 2368 963 2418 Excerpta
976 2369 1085 2407 Dou-

41 2431 106 2460 zae
128 2422 166 2458 &
186 2421 338 2459 Putean.

100 2484 181 2521 128.
209 2490 314 2522 Nune
342 2482 517 2532 tumida]
563 2483 699 2520 Douza
726 2483 896 2527 volebat,
923 2493 1008 2522 tune
1027 2495 1085 2522 tu-

46 2535 153 2574 mido.
192 2534 231 2572 &
259 2535 310 2572 ita
335 2533 397 2571 hic
420 2534 459 2570 δε
489 2532 662 2580 superiori
701 2532 804 2570 versu
827 2534 932 2571 multi
954 2534 1086 2583 scripti.

96 2611 180 2648 129.
208 2598 327 2644 Digna
344 2595 429 2644 est.]
459 2595 598 2632 Gaudet
615 2595 782 2644 Moreti„

96 2661 180 2697 130.
208 2648 427 2685 Continuata
439 2649 503 2695 suo
517 2645 596 2696 est.]
627 2645 702 2684 Viro
719 2645 762 2694 est
778 2645 876 2694 Junii
892 2645 1025 2686 codex.
1044 2656 1085 2687 ut

43 2713 78 2742 ιι
97 2700 207 2739 Trist.
226 2699 314 2748 296.
990 2697 1001 2705 “

41 2813 82 2853 H
95 2768 174 2800 Stat
194 2767 304 2799 Venus
322 2759 432 2798 Ultori
445 2760 572 2810 junb't'a
589 2759 667 2797 viro
683 2768 765 2797 ante
773 2760 876 2808 fhres.

86 2824 184 2853 mus.

101 2885 183 2923 13¹·
209 2878 288 2911 Vere
316 2871 469 2921 monet.]
518 2878 597 2909 Vere
610 2872 710 2922 jubet
745 2873 914 2913 Francof.
942 2887 1009 2924 pro
1030 2875 1085 2915 di-

50 2925 148 2962 versa
167 2923 337 2962 leffione.
366 2932 481 2960 movet
508 2922 651 2962 Arund.
688 2926 726 2962 ὃ(
750 2925 834 2972 Jun.
856 2925 905 2964 ¹&
936 2927 1084 2975 plurimi

50 2975 122 3016 alii.
139 2986 281 3013 movent
299 2986 394 3013 unus
412 2973 569 3012 Heinsii.

105 3049 187 3086 132.
214 3037 394 3087 Hybernas
412 3037 491 3083 jam
515 3036 661 3088 timuiffi’
680 3039 834 3088 minas]
891 3041 1083 3091 Meminiffie

51 3087 170 3127 codex
189 3088 334 3134 Ursini,
360 3088 785 3137 prim.Ambros.&duo
808 3090 971 3131 Patavini
989 3094 1086 3141 opti-

54 3147 137 3176 mae
153 3148 275 3178 notae.
301 3140 446 3177 Huius.
491 3139 647 3188 Elegans
665 3140 817 3188 quidem
837 3141 947 3180 lectio
965 3143 1087 3181 memi-

55 3187 156 3236 niffe3
172 3189 230 3227 sed
250 3201 336 3228 cum
361 3188 585 3238 praecesserit
608 3191 730 3239 paullo
759 3200 864 3238 ante,
893 3195 932 3232 &
952 3194 988 3233 id
1011 3206 1090 3232 vcr-

55 3237 144 3275 bum
175 3239 223 3276 ita
254 3239 410 3287 positum
442 3248 681 3279 contemnere
709 3243 746 3281 &
774 3255 851 3282 non
874 3256 998 3284 curare
1023 3258 1093 3285 no-

54 3294 129 3333 tet,
156 3296 196 3326 ut
214 3289 309 3336 apud
329 3290 518 3330 Claudian.
534 3290 624 3331 Bell.
646 3294 732 3332 Get.
755 3294 839 3344 328.

105 3354 178 3399 Nec
196 3351 354 3403 meminit
371 3352 452 3400 leti,
480 3354 675 3407 nimbosque
695 3367 759 3397 aut
769 3359 905 3410 frigora
924 3368 1037 3412 curat²

2001 1690 2191 1748 Aurea

1135 1826 1174 1866 &
1195 1826 1241 1867 de
1263 1829 1508 1881 praesentibus
1530 1828 1635 1870 rebus
1657 1828 1737 1881 capi
1758 1828 1891 1870 debeat
1915 1828 2017 1880 (vid.
2034 1828 2079 1868 ad
2099 1828 2185 1868 Vai.

1134 1878 1281 1921 Flac.v.
1300 1882 1400 1932 584.)
1423 1896 1495 1934 ego
1512 1882 1573 1921 hic
1592 1882 1742 1932 metuisse
1760 1881 1935 1927 mallem,
1965 1879 2067 1931 quod
2079 1879 2186 1930 saepe

1136 1941 1222 1969 cum
1246 1933 1435 1984 meminiffie
1456 1934 1706 1973 confuderunt
1724 1933 1870 1973 librarii.
1905 1934 1955 1972 ita
1977 1930 2075 1982 apud
2093 1931 2186 1978 Proff

1134 1989 1227 2030 pert.
1246 1998 1272 2023 1.
1295 1985 1398 2035 Eleg.
1420 1998 1474 2025 xx.
1497 1987 1550 2025 16.
1580 1985 1641 2023 ubi
1661 1984 1801 2034 vulgo,

1187 2051 1397 2085 Communes
1415 2061 1476 2085 nec
1498 2046 1686 2096 meminisse
1705 2053 1807 2086 Deos.

1136 2114 1176 2150 in
1197 2125 1275 2152 uno
1293 2113 1511 2152 Broukhufii
1534 2113 1582 2152 est
1596 2141 1606 2159 ,
1634 2110 1795 2162 metuiffe.
1817 2111 1922 2162 quod
1947 2110 2082 2151 firmari
2101 2096 2185 2160 pofi

1136 2163 1187 2202 set
1206 2166 1251 2203 ex
1275 2165 1406 2214 Virgil.
1437 2165 1537 2203 Ceiri
1559 2164 1645 2214 318.

1189 2236 1488 2282 Communemque
1509 2230 1630 2269 timere
1656 2229 1788 2268 Deum}

1139 2291 1189 2332 fic
1217 2296 1255 2332 in
1285 2295 1351 2333 alia
1376 2295 1463 2334 licet
1490 2306 1554 2339 re,
1581 2294 1692 2342 Epist.
1720 2307 1772 2332 xx.
1794 2305 1852 2341 74.
1898 2292 2057 2332 dominae
2077 2290 2188 2341 perti-

1140 2345 1257 2395 muiffe
1277 2344 1405 2384 minas.
1437 2345 1643 2396 pertimuiffe
1662 2346 1802 2384 Moreti
1825 2347 1951 2384 tertius
1980 2345 2042 2383 hic
2071 2344 2184 2380 etiam

1136 2396 1306 2435 habebat.
1331 2397 1463 2436 Euam.

1189 2470 1269 2507 134.
1295 2460 1404 2508 §lueis
1419 2460 1535 2497 vittae
1559 2460 1726 2510 longaque
1743 2459 1844 2504 vestis
1863 2459 1992 2509 abest.]
2049 2458 2176 2494 Mere-

1136 2509 1242 2546 trices
1266 2509 1462 2556 fignificat,
1489 2521 1585 2557 quae
1614 2521 1684 2547 nec
1712 2511 1833 2552 vittis,
1860 2522 1930 2548 nec
1949 2511 2060 2558 longa
2083 2507 2192 2546 veste:

1140 2558 1345 2596 utebantur.
1362 2559 1422 2597 lib.
1447 2571 1510 2596 111.
1531 2559 1568 2597 &
1591 2559 1682 2610 eleg.
1704 2558 1749 2597 de
1771 2560 1911 2598 Ponto:

1190 2620 1260 2658 Scis
1280 2631 1421 2667 tamen,
1446 2632 1489 2662 φ’
1510 2622 1640 2672 liquido
1664 2623 1807 2672 juratus
1826 2624 1932 2661 dicere
1944 2623 2055 2674 postes,

1243 2677 1326 2708 Non
1347 2685 1401 2709 me
1420 2673 1583 2721 legitimos
1596 2672 1789 2723 sollicitaffe
1808 2685 1906 2712 toros.

1189 2721 1386 2772 scripsimus
1403 2723 1485 2760 haec
1502 2723 1573 2760 illis
1586 2751 1596 2769 ‚
1621 2738 1773 2774 quarum
1793 2739 1850 2762 nec
1870 2726 1968 2763 vi⁴ta
1984 2722 2128 2775 pudicos

1240 2773 1404 2823 Attingit
1424 2775 1553 2820 crines,
1580 2788 1639 2812 nec
1658 2775 1740 2821 stola
1759 2776 1858 2826 longa
1874 2777 1982 2826 pedes.

1140 2833 1283 2873 Contra
1303 2836 1475 2874 mulieres
1492 2835 1676 2875 honestae.
1699 2846 1737 2875 ut
1756 2838 1827 2887 ipse
1846 2838 1927 2876 alibi
1944 2851 1954 2875 ι

1190 2900 1265 2949 Este
1279 2901 1398 2949 procul
1414 2902 1530 2939 vittae
1550 2911 1666 2940 tenues
1679 2932 1689 2947 ‚
1712 2902 1838 2952 infigne
1855 2902 2015 2953 pudoris.-

1244 2953 1410 3004 ¹§Quaeque
1429 2953 1510 3002 tegis
1527 2953 1654 2990 medios
1670 2954 1788 3001 instita
1807 2954 1906 3002 longa
1923 2953 2032 3004 pedes.

1140 3015 1310 3052 Cxomu.
1335 3015 1482 3064 Ancep's
1502 3045 1512 3061 ,
1553 3028 1598 3054 an
1628 3015 1649 3054 ὲ
1674 3017 1856 3056 veteribus
1884 3017 2005 3065 legam
2029 3043 2045 3061 ,,
2067 3012 2186 3058 abest-²

1139 3078 1223 3104 nam
1247 3067 1338 3103 haec
1359 3066 1472 3105 editio
1502 3067 1744 3116 impudiculas
1768 3068 1886 3118 tangit
1906 3094 1917 3112 ,
1953 3067 2015 3107 illa
2042 3073 2182 3107 mano:

1139 3128 1215 3155 nas.
1242 3116 1374 3155 Noster
1392 3118 1430 3156 in
1448 3117 1543 3157 libris
1564 3119 1745 3157 Ponticis:

1196 3182 1265 3220 Scis
1284 3193 1427 3229 tamen,
1454 3196 1498 3225 ω’
1516 3185 1647 3233 liquido
1660 3187 1804 3236 juratus
1814 3187 1921 3226 dicere
1932 3185 2052 3237 poffes,
2077 3182 2157 3223 &¹62¹

1148 3251 1325 3289 NEAPOL.
1385 3253 1540 3291 Variant
1569 3253 1747 3300 codices,
1791 3257 1856 3305 qui
1897 3256 2027 3303 partim
2063 3248 2179 3295 abest.

1141 3302 1271 3353 partim
1298 3302 1390 3349 adest
1414 3303 1559 3341 habent.

1200 3373 1281 3412 135.
1308 3366 1432 3402 Aurea
1460 3377 1650 3419 marmoreo
1678 3364 1880 3405 redimicula
1910 3364 2032 3403 demite
2058 3361 2184 3451 coago}

2131 3424 2153 3451 0
