2495 3675
338 159 899 228 EPISTOLARUM
936 159 1044 217 EX
1081 156 1368 217 ΡΟΝΤΟ.
1406 157 1527 216 Lm.
1568 162 1648 219 Ill.
1687 169 1868 228 Emsr.
1902 172 1985 232 111.

2141 174 2231 229 a..

395 265 638 322 Horrida
664 263 966 337 pendebant
991 264 1175 318 molles
1198 264 1352 336 super
1375 280 1466 318 ora
1491 266 1692 336 capilli;

469 337 541 394 Et
567 339 669 393 visa
694 337 768 392 est
794 337 961 391 oculis
982 335 1199 390 horrida
1223 354 1398 408 penna
1425 339 1570 392 meiS.

400 412 586 484 Qualis
610 413 665 465 in
695 410 866 464 a'e'riae
895 422 1048 479 tergo
1069 409 1201 462 solet
1226 409 1331 464 efle
1358 409 1664 476 columbae,

246 491 320 542 ’ΞΟ

465 483 819 539 Τταᾶαηωῐῃ
842 482 1038 535 multae
1060 498 1219 553 quam
1248 481 1474 552 tetigere
1498 501 1697 540 manus,

393 556 597 620 Hunc,
634 555 781 611 simul
807 554 1029 624 agnovi,
1072 557 1094 623 (
1109 570 1283 625 neque
1309 555 1453 609 enirn
1479 557 1609 612 mihi
1636 557 1815 614 notior
1842 560 2011 631 alter)

467 629 690 684 Talibus
713 626 885 681 adfata
910 625 979 680 est
1006 625 1167 680 libera
1193 627 1369 699 lingua
1394 627 1562 684 sonis:

393 702 448 757 O
474 719 635 773 puer,
672 698 835 755 exsilii
862 698 1093 770 decepto
1117 698 1286 754 caussa
1311 700 1557 770 magistro
1574 744 1587 762 ,

465 775 646 848 Quem
669 773 770 828 fuit
797 772 970 825 utilius
997 788 1107 825 non
1135 771 1370 827 docuisse
1396 773 1555 837 mihi;

248 859 320 912 25
389 846 524 902 Huc
547 862 766 919 quoque
793 844 1005 906 venisti,
1041 860 1142 914 pax
1165 843 1239 897 est
1264 844 1354 898 ubi
1380 857 1624 918 tempore
1651 849 1827 914 nu110‚

466 918 541 973 Et
562 925 676 972 c0'1't
701 913 954 969 adstrictis
978 914 1226 970 barbarus
1249 916 1374 972 Ister
1395 919 1576 989 aquis?

392 991 548 1063 Quae
573 989 669 1044 tibi
696 985 862 1042 caussa
889 987 1032 1041 viae?
1073 988 1164 1042 nifi
1189 990 1267 1043 uti
1291 991 1422 1043 mala
1447 991 1620 1046 nostra
1645 993 1892 1050 videres?

432 1082 435 1085 ·
467 1062 623 1135 Quae
651 1060 797 1122 sunt,
833 1059 868 1113 si
893 1058 1087 1122 nesciS‚
1120 1060 1376 1115 invidiosa
1401 1063 1511 1118 tibi.

389 1133 483 1189 Tu
509 1135 638 1189 mihi
660 1132 861 1187 dictasti
884 1132 1134 1202 juvenilia
1159 1135 1390 1187 carmina
1419 1135 1646 1205 primus:

253 1224 320 1271 30

467 1205 709 1278 Adposui
737 1204 895 1264 senis,
936 1217 989 1258 te
1015 1204 1181 1267 duce,
1220 1206 1456 1288 quinque
1479 1209 1659 1279 pedes,

395 1279 512 1335 Nec
539 1297 624 1333 me
650 1277 911 1340 Maeonio
934 1276 1252 1348 consurgere
1277 1296 1540 1342 carmine,
1578 1299 1676 1336 nec
1704 1300 1792 1339 me

471 1351 668 1405 Dicere
694 1366 1008 1421 magnorum
1034 1349 1200 1421 paflus
1226 1367 1280 1403 es
1307 1350 1417 1405 acia
1441 1351 1658 1409 ducum.

396 1423 634 1478 Forsitan
662 1424 875 1494 exiguas
893 1459 911 1485 ,
946 1422 1139 1493 aliquas
1167 1435 1374 1486 tamen,
1412 1443 1561 1480 arcus
1589 1426 1643 1480 δε
1668 1427 1802 1498 ignis

473 1496 674 1567 Ingenii
701 1497 837 1549 vires
860 1495 1231 1549 comminuere
1258 1497 1380 1552 mei.

258 1591 281 1636 3
296 1588 325 1638 5
398 1570 644 1640 Namque
668 1585 771 1638 ego
797 1567 925 1621 dum
948 1581 1106 1621 canto
1134 1580 1221 1622 tua
1244 1586 1434 1640 regna,
1472 1581 1698 1644 tuaeque
1723 1579 1978 1645 parenti8‚

469 1641 527 1695 In
552 1641 753 1694 nullum
778 1656 898 1693 mea
921 1656 1071 1694 mens
1098 1639 1299 1711 grande
1327 1645 1531 1696 vacavit
1560 1661 1708 1715 opus,

397 1713 514 1768 Nec
540 1713 656 1766 satis
684 1712 739 1766 id
765 1711 969 1772 fuerat;
1009 1712 1190 1766 stultus
1213 1730 1430 1784 quoque
1461 1718 1693 1771 carmina
1718 1718 1852 1782 feci,

465 1785 686 1839 Artibus
711 1797 768 1838 ut
792 1783 960 1856 posses
985 1800 1094 1838 non
1119 1784 1265 1855 rudis
1290 1785 1394 1840 effe
1418 1787 1561 1842 meis,

113 1999 347 2048 conjiciebat.
373 1997 475 2048 quod
495 1998 697 2036 Vaticanus
726 1997 865 2045 primae
886 2004 997 2035 notae
1017 1996 1153 2034 confir-

110 2060 202 2089 mat.
255 2049 420 2087 Pulcrum
443 2061 509 2098 pro
535 2049 666 2085 baculo
690 2048 822 2096 posuit.
859 2047 983 2092 ῥάβδον
1008 2046 1153 2084 ὑακινθί-

112 2114 173 2142 vnv
199 2101 261 2138 dat
284 2101 416 2138 Amori
437 2100 635 2136 Anacreon
658 2098 732 2135 Od.
753 2111 826 2135 vxx.
853 2099 1000 2136 Hisms.

169 2162 225 2198 15.
254 2149 425 2199 Capina]
481 2149 626 2197 Capillis
654 2149 742 2186 editi
771 2149 884 2194 olim,
912 2148 1014 2198 quod
1035 2149 1156 2197 Hein3

115 2199 185 2239 sius
205 2201 361 2238 secutus.
379 2202 448 2238 Ms.
472 2211 562 2238 vero
579 2227 588 2243 ,
619 2199 751 2249 capillo.

172 2265 227 2301 16.
256 2269 327 2300 Nec
347 2262 426 2299 bene
448 2260 681 2311 compofitas.]
719 2262 762 2300 In
785 2262 919 2301 eodem
936 2291 946 2307 ‚
973 2262 1156 2313 dispofitas.

110 2310 280 2351 Famae.
307 2313 395 2351 Vid.
414 2312 460 2351 ad
481 2326 509 2351 1.
531 2315 668 2353 Amor.
689 2326 769 2353 xxv.
792 2324 850 2364 35.
877 2314 990 2352 cultus
1011 2325 1050 2352 ut
1074 2326 1157 2353 ante

118 2362 250 2401 Servii.

173 2423 236 2460 17.
270 2412 420 2449 Horrida
435 2412 667 2462 pendebant]
698 2414 891 2462 Repetitur
912 2427 954 2453 ea
975 2427 1052 2454 vox
1072 2429 1153 2456 ver-

113 2463 154 2502 su
191 2464 364 2511 proximo
386 2491 395 2506 ,
434 2475 545 2512 quare
575 2464 700 2501 malim
722 2491 733 2508 ‚
782 2465 965 2511 Squallida
1005 2480 1066 2504 ora
1094 2468 1154 2505 hic

119 2514 203 2562 legi.
232 2513 329 2550 Vide
348 2514 465 2551 Notas
486 2514 521 2550 in
552 2513 758 2560 Epicedion
788 2514 896 2553 Drusi
918 2516 973 2559 iss.
1001 2516 1060 2556 86.
1087 2517 1155 2555 nisi

115 2564 223 2602 versu
266 2565 440 2612 proximo
473 2563 620 2611 fhrdida
644 2564 765 2611 pluma
795 2577 961 2614 reponas.
1015 2567 1156 2613 Hems.

115 2614 309 2662 Mollesque
328 2614 389 2658 sub
413 2627 472 2650 ora
501 2613 614 2664 capilli
636 2615 751 2653 Servii
782 2616 914 2655 codex.
935 2616 1034 2655 unde
1063 2630 1154 2657 vero

115 2665 207 2703 illud
237 2665 385 2702 humida
415 2674 527 2712 penna
556 2664 700 2713 petierit
729 2666 901 2705 Heinsius
930 2676 1027 2706 tacet
1047 2696 1057 2712 ,
1085 2681 1157 2708 nec

118 2717 247 2753 inveni
263 2744 271 2759 ,
286 2715 351 2752 nili
373 2717 408 2752 in
431 2727 506 2753 uno
518 2715 689 2762 Juniano.
713 2715 852 2754 horrida
873 2717 981 2756 barba
1004 2719 1156 2758 Moreti.

114 2765 177 2804 sed
198 2766 367 2804 imberbis
398 2766 557 2814 Cupido.
584 2765 672 2803 illud
704 2766 849 2804 humida
872 2780 949 2806 non
976 2772 1156 2809 convenit

116 2816 370 2865 sequentibus:
403 2828 479 2854 non
514 2816 613 2854 enim
641 2816 836 2855 columbae
864 2826 1007 2868 tergum
1032 2821 1155 2858 humi-

117 2865 209 2904 dum
234 2865 273 2904 fit
301 2866 521 2904 tranantum
551 2877 664 2904 manu
689 2894 699 2910 ‚
735 2867 793 2904 sed
824 2869 1039 2914 horridum,
1067 2883 1153 2910 cum

115 2917 264 2965 plumae
285 2924 390 2954 antea
412 2924 588 2967 aequatae
603 2945 613 2961 ,
627 2916 798 2961 horridae,
812 2918 846 2955 id
861 2918 909 2956 est
929 2920 1042 2958 hirtae
1054 2921 1154 2970 quasl

119 2967 160 3004 &
178 2966 337 3015 hispidae
358 2966 463 3004 fiunt.
499 2967 534 3004 id
558 2968 655 3004 enim
679 2969 824 3016 proprie
853 2968 1012 3007 horridus
1038 2980 1154 3011 notat.

119 3015 195 3054 vid.
215 3017 260 3055 ad
290 3017 437 3055 Petron.
459 3029 537 3066 cap.
559 3029 659 3055 xc1x.
687 3018 910 3065 relinquatur
935 3032 1023 3070 ergo
1051 3034 1155 3072 repe-

120 3066 232 3113 titum
245 3078 290 3106 ex
309 3079 416 3106 more
440 3068 569 3106 Ovidii
589 3068 755 3106 verbum.
775 3069 906 3109 Bunm.

119 3147 237 3225 H20.
262 3135 508 3186 vastatam]
562 3138 792 3174 Traflantum
813 3136 920 3175 Polit.
939 3138 977 3177 δε
997 3146 1067 3178 tres
1085 3138 1158 3178 alii.

170 3198 274 3223 ExNS.

174 3249 237 3274 22.
264 3235 404 3273 Talibus
433 3237 536 3285 effata
561 3237 647 3289 effi]
703 3237 830 3288 Affata
859 3239 902 3289 est
934 3252 978 3280 ex
1013 3241 1161 3292 scriptis.

127 3286 282 3326 Hms.
301 3342 396 3389 gom.
425 3342 490 3375 HL

2133 1867 2245 1926 Pro

1258 2007 1320 2046 24.
1349 1998 1462 2046 §Luem
1476 2000 1590 2049 fuit]
1621 2003 1736 2051 §Luem
1748 2006 1840 2052 foret
1863 2005 1938 2044 duo
1959 2005 2037 2044 libri
2051 2006 2219 2051 ,redium

1258 2059 1319 2096 25.
1349 2055 1426 2086 Pax
1447 2050 1489 2097 est
1508 2051 1604 2101 ubi.]
1660 2056 1738 2102 Qo
1753 2065 1826 2103 pax
1852 2056 1894 2103 est
1915 2057 2019 2094 Polit.
2033 2070 2103 2106 qua
2122 2058 2247 2103 Hem-j

1208 2097 1277 2136 fius
1299 2099 1467 2137 malebat.

1263 2158 1324 2196 27.
1353 2149 1427 2198 Niso
1453 2150 1506 2188 uti
1533 2152 1669 2203 malm]
1732 2155 1859 2206 Niſsfi
1887 2166 1926 2193 ut
1946 2157 2043 2193 mala
2071 2158 2244 2198 Francof.

1210 2199 1276 2248 nist
1297 2209 1338 2236 ut
1358 2200 1440 2237 haec
1460 2202 1549 2251 Arg.
1573 2202 1638 2252 m'fi
1650 2207 1740 2253 quod
1759 2217 1917 2255 quatuor
1935 2210 2002 2245 alii.
2040 2209 2135 2245 forte
2149 2237 2159 2252 ,
2180 2209 2246 2257 nisi

1210 2264 1275 2300 quo
1299 2250 1406 2288 mala.
1433 2265 1497 2301 quo
1520 2265 1584 2300 pro
1608 2264 1669 2298 ut,
1698 2265 1736 2295 ut
1756 2258 1859 2305 saepe
1882 2258 2014 2296 Cicero
2039 2259 2075 2295 &
2099 2259 2167 2296 alii.
2195 2261 2244 2297 fic

1212 2301 1322 2349 Epist.
1343 2313 1401 2339 xx.
1424 2313 1485 2351 23.
1516 2309 1624 2341 Fraus
1643 2318 1720 2343 mea
1749 2309 1834 2357 quid
1857 2309 1980 2357 petiit,
2010 2308 2075 2358 nist
2094 2323 2158 2357 quo
2178 2310 2243 2345 tibi

1206 2352 1369 2401 jungerer
1393 2354 1467 2390 uni.
1496 2355 1556 2392 ubi
1584 2356 1692 2393 etiarn
1719 2385 1730 2401 ,
1759 2357 1823 2406 nist
1838 2360 1890 2394 uti
1912 2361 2034 2407 vulgo.
2063 2360 2121 2395 ubi
2146 2360 2243 2398 vide.

1214 2402 1279 2448 nist
1297 2415 1338 2439 ne
1357 2413 1397 2439 ut
1418 2404 1561 2449 Junian.
1583 2418 1668 2441 num
1698 2409 1788 2455 quod
1809 2409 1974 2446 Politian.
1996 2409 2091 2446 unde
2116 2410 2243 2447 Heins.

1214 2466 1299 2489 num
1331 2467 1407 2502 quo.
1438 2453 1569 2492 deinde
1593 2482 1603 2496 ,
1642 2458 1738 2493 mala
1770 2457 1881 2505 nostra
1913 2460 2045 2495 levares
2073 2459 2243 2509 Excerpt.

1209 2503 1299 2540 Scal.
1320 2505 1356 2541 δε
1378 2513 1447 2540 tres
1468 2503 1556 2542 libri.
1582 2504 1713 2544 Bunm.

1261 2564 1323 2603 29.
1352 2559 1403 2589 Tu
1421 2554 1510 2591 mihi
1540 2555 1673 2600 diefasii
1695 2558 1873 2604 juvenilia
1905 2559 2061 2597 carmina
2084 2562 2243 2610 primus-‚¹

1210 2604 1360 2653 Apposui
1381 2605 1470 2652 senis
1499 2615 1531 2641 te
1557 2606 1639 2643 duce
1670 2609 1819 2659 quinque
1845 2610 1939 2658 pedes
1958 2611 2055 2661 σα]
2113 2612 2196 2652 Lib.
2215 2626 2243 2652 1.

1212 2655 1313 2703 Eleg.
1333 2654 1395 2692 sul>
1416 2655 1630 2703 principium
1648 2670 1655 2694 :

1263 2722 1383 2756 Arma
1405 2719 1510 2767 gravi
1529 2733 1668 2759 numero
1687 2723 1908 2773 violentaque
1929 2725 2018 2763 bella
2033 2725 2205 2776 parabam

1315 2770 1442 2815 Edere,
1470 2772 1619 2808 materia
1641 2774 1860 2812 conveniente
1880 2778 1999 2813 modis.

1265 2825 1336 2856 Par
1357 2830 1433 2857 erat
1454 2820 1594 2867 inferior
1620 2824 1738 2871 versus
1752 2841 1762 2861 .·
1791 2826 1888 2873 rififfe
1906 2827 2038 2875 Cupido

1311 2870 1477 2915 Dicitur,
1503 2882 1609 2922 atque
1631 2886 1741 2911 unum
1762 2876 1950 2925 surripuiffe
1963 2878 2096 2927 pedem.

1210 2939 1310 2979 Vide
1331 2941 1369 2979 ὅ(
1390 2941 1555 2990 Elegiam
1587 2945 1743 2993 primam
1773 2947 1937 2995 ejusdem
1958 2949 2050 2987 libri.
2079 2950 2247 2990 exonie:

1211 2991 1384 3029 Carmina
1400 2992 1556 3042 primum
1589 2995 1676 3033 editi
1704 2998 1742 3033 ὅ(
1770 2997 1886 3046 scripti
1907 3000 2070 3047 quidam.
2095 3003 2245 3048 juvena-

1211 3042 1260 3078 lia
1279 3043 1389 3080 etiam
1421 3054 1466 3081 ex
1496 3045 1650 3094 antiquo
1681 3046 1810 3085 codice
1841 3049 1978 3089 Pierius
2009 3051 2054 3090 ad
2084 3053 2185 3102 Virg.
2209 3064 2244 3089 v,

1211 3091 1301 3130 AEn.
1320 3104 1364 3139 47
1374 3105 1406 3138 ς.
1432 3094 1470 3131 δί
1492 3094 1540 3132 ita
1557 3105 1715 3144 quatuor
1733 3098 1890 3137 codices.

1265 3155 1324 3193 32.
1353 3143 1524 3193 Ducum]
1554 3145 1670 3182 Deam
1692 3160 1785 3186 unus
1803 3150 1957 3189 Heinfii.

1212 3245 1232 3285 s
1266 3205 1330 3251 33.
1353 3194 1488 3244 Ignis.]
1529 3201 1621 3245 Ignes
1641 3197 1728 3237 editi
1749 3201 1915 3239 nonnulli
1944 3203 1981 3240 δε
2004 3203 2091 3239 ultra
2111 3201 2238 3249 viginti

1229 3253 1344 3294 cripti.

1270 3307 1329 3346 35·
1354 3301 1518 3346 Namque
1533 3297 1626 3349 θέοι]
1658 3305 1755 3342 Nam
1777 3315 1905 3354 quoque
1921 3302 2063 3349 Junian.

1398 3349 1641 3391 Mmmmm
2097 3360 2156 3399 37.
2185 3355 2248 3397 Sa:
