2495 3675
493 170 1753 239 FASTORUML1B.

1826 179 1927 237 III.
2156 197 2245 246 171

387 295 493 353 Vel
517 294 663 368 quod
691 306 806 350 erat
832 293 900 348 de
926 308 1012 345 me
1035 286 1268 342 feliciter
1293 285 1380 342 Ilia
1408 298 1611 350 mater3

462 369 591 424 Rite
618 371 801 423 colunt
830 377 1020 419 matres
1047 360 1217 419 sacra,
1259 359 1516 433 diemque
1543 378 1742 416 meum.

240 460 349 512 235
390 442 541 516 Quid
567 441 715 515 quod
743 440 937 498 hiems,
972 433 1229 504 adoperta
1254 434 1403 504 gelu,
1445 451 1588 489 nunc
1615 435 1850 508 denique
1876 435 2050 499 cedit,

458 515 529 569 Et
555 524 778 585 pereunt
808 507 976 562 victae
999 506 1122 560 Sole
1150 518 1368 577 tepente
1395 507 1559 562 nives,

395 586 687 644 Arboribus
715 582 945 636 redeunt
974 578 1227 633 detonsae
1254 577 1453 650 frigore
1481 579 1732 644 fronde83

462 657 743 727 Uvidaque
773 653 803 708 e
832 667 1020 708 tenero
1047 652 1262 724 palmite
1288 668 1499 723 gemma
1525 665 1713 708 tumet.

393 731 654 803 Quaeque
685 727 778 781 diu
802 728 952 781 latuit
970 771 982 788 ,
1023 743 1167 780 nunc
1190 724 1241 779 se
1269 727 1375 797 qua
1400 725 1548 779 tollat
1575 726 1628 781 in
1656 743 1831 790 aurae,

253 825 356 875 240
463 801 669 856 Fertilis
695 803 929 854 occultas
956 800 1160 854 invenit
1186 798 1348 853 herba
1376 798 1499 852 vias,

393 875 551 931 Nunc
575 873 838 928 fecundus
864 890 1015 944 ager:
1059 872 1275 925 Pecoris
1304 888 1446 926 nunc
1474 872 1603 926 hora
1629 871 1876 927 creandi:

459 947 620 1002 Nunc
646 946 751 1002 avis
776 948 833 1001 in
856 963 1008 1000 ramo
1033 943 1173 999 te&a
1198 945 1471 1018 laremque
1497 959 1658 1017 parat.

108 1159 250 1202 Arond.
272 1159 312 1198 &
331 1158 437 1208 pauci
460 1157 532 1196 alii.
556 1156 712 1208 reliqui,
740 1156 862 1207 lapsae.
887 1156 1153 1204 Maz.m0estae.

113 1213 182 1252 Sed
202 1211 336 1260 opinor
362 1208 593 1247 scribendum
618 1237 630 1255 ,
657 1209 755 1247 ittae.
781 1208 926 1247 Auctor
946 1208 1095 1257 Elegiae
1118 1210 1156 1245 in

109 1272 268 1303 mortem
290 1260 399 1299 Drufi
416 1289 427 1305 ‚
460 1271 541 1298 101.

158 1327 324 1378 Liquitur
337 1353 346 1370 ‚
376 1334 417 1362 ut
436 1325 614 1374 quondam
636 1323 799 1374 Zephyris
814 1321 1000 1379 &fidibus
1022 1321 1109 1360 ictae

213 1378 408 1414 solvuntur
429 1386 564 1413 tenerae
584 1388 664 1412 ‘Uere
686 1384 814 1425 tepente
836 1387 947 1412 nive-5·

106 1442 244 1483 Seneca
264 1441 478 1492 Hippolyto
500 1453 538 1479 V.
563 1441 649 1491 383.

340 1504 492 1554 qualiter
515 1503 623 1540 Tauri
639 1503 734 1552 jugis

159 1556 280 1606 Tepido
301 1555 504 1603 madescunt
521 1553 630 1592 imbre
644 1554 809 1604 percuffae
827 1552 939 1592 nives.

106 1636 156 1673 ita
177 1634 339 1681 optimus
360 1632 447 1669 liber
459 1631 626 1670 Etruscus
641 1660 651 1676 ,
676 1643 754 1670 non
772 1633 938 1681 perfusae.
965 1631 1052 1670 vide
1072 1631 1157 1669 No-

106 1692 161 1722 tas
187 1686 278 1721 Met.
300 1695 335 1721 v.
362 1682 415 1726 ybs.
439 1682 523 1731 389.
551 1683 698 1721 Herus.
730 1684 801 1721 Cui
822 1684 923 1721 bono
945 1692 1089 1721 mutare
1108 1694 1154 1719 ex

110 1734 323 1784 conjectura
349 1733 500 1782 probam
542 1734 629 1771 Mss.
665 1734 882 1772 lectionem.
919 1735 1019 1771 vinci
1052 1734 1153 1771 enim

108 1787 195 1830 nix,
223 1785 378 1834 glacies,
406 1785 444 1821 &
472 1783 599 1822 similia
619 1796 639 1822 a
659 1784 734 1823 sole
752 1793 827 1823 tam
859 1784 1043 1834 eleganter
1065 1784 1157 1823 dici-

110 1844 170 1875 tur
187 1864 198 1882 ‚
226 1835 357 1880 credo,
386 1845 496 1885 quam
517 1836 572 1873 ici.
600 1834 647 1872 fic
666 1835 725 1874 lib.
748 1849 790 1874 11.
818 1848 903 1874 220.

163 1903 245 1937 Aut
266 1899 366 1943 nive,
394 1911 480 1948 quae
500 1897 652 1947 Zephyro
675 1898 772 1935 vieta
794 1907 925 1949 repente
941 1897 1035 1947 fluit.

91 1970 299 2011 ,praeterea
327 1961 432 2010 perire
475 1961 606 1999 melius
647 1962 823 1999 convenit
865 1961 968 1998 violis
1013 1959 1158 1998 nivibus

110 2011 229 2062 quam
252 2012 348 2055 ieris,
377 2020 416 2050 ut
439 2012 476 2048 ἃ
505 2012 724 2060 praecedens
755 2012 844 2048 cedit
870 2024 915 2049 ex
937 2011 1034 2050 bello
1059 2011 1156 2050 sum-

111 2071 193 2102 tum
214 2063 447 2100 vocabulum.
466 2061 513 2100 fic
532 2062 682 2102 Petron.
698 2062 785 2101 Bell.
804 2063 930 2101 Civili.

165 2132 258 2164 Cum
276 2127 408 2175 gelidae
422 2128 546 2175 periere
567 2127 677 2165 nives.

115 2190 246 2229 eadem
282 2192 430 2228 varietas
465 2190 513 2227 est
543 2191 640 2240 apud
668 2189 752 2228 Val.
783 2189 881 2228 Flac.
911 2201 966 2229 1v.
1000 2188 1057 2229 18.
1099 2189 1163 2229 ubi

115 2242 216 2291 plura
237 2242 413 2279 dicemus.
442 2242 571 2279 Euam.

165 2307 251 2355 236.
280 2305 421 2356 Nives]
454 2306 618 2343 Imitatio
639 2305 867 2343 Horatiana:

170 2371 342 2419 Diffugere
362 2371 479 2407 m'vos:
509 2371 651 2408 redeunt
661 2371 742 2420 jam
755 2369 922 2419 gramina
943 2370 1071 2421 campis
1085 2398 1097 2415 ,

173 2420 430 2469 Arboribusque
451 2433 576 2459 comae.

122 2471 293 2509 C10FAN.

175 2544 261 2580 237.
289 2533 458 2578 Detonsae
469 2529 787 2579 frigoresrondes.]
827 2531 899 2568 Alii
924 2542 969 2567 ex
988 2530 1164 2568 vetustio-

122 2583 242 2626 ribus,
270 2580 440 2630 excuffae,
469 2582 550 2626 vel,
578 2582 715 2630 excuffo.
742 2582 941 2630 quomodo
968 2581 1050 2619 Art.
1078 2582 1165 2617 Am.

126 2647 188 2674 111.
216 2636 294 2671 162.

178 2700 222 2732 Ut
244 2695 352 2732 Boreo?
363 2694 506 2742 frondes
527 2694 718 2732 excutiente
736 2693 880 2733 cadunt.

127 2759 219 2800 Fast.
236 2772 271 2800 v,
295 2772 375 2810 324.
404 2772 450 2797 ex
471 2760 652 2797 veteribus
670 2760 788 2804 libris,
832 2765 838 2774 ·

179 2833 227 2865 Et
237 2827 360 2876 subita
375 2826 513 2872 frondes
532 2826 758 2863 excutiuntur
780 2822 888 2874 aqud,

126 2896 221 2936 ‘Fast.
241 2909 294 2935 1v.
317 2909 400 2945 509.

183 2964 391 3013 Excuffaque
411 2974 507 2999 mora
527 2959 664 2999 rubetis.

131 3027 192 3067 lib.
214 3038 249 3064 v.
272 3037 356 3075 215.
528 3026 532 3029 '

350 3092 448 3140 foliis
465 3091 596 3141 excuffiz
616 3091 743 3139 pruina
759 3090 812 3136 est.

133 3158 227 3206 apud
245 3159 392 3196 Florum
415 3158 475 3195 lib.
496 3171 521 3194 1.
543 3169 618 3205 cap.
633 3168 667 3202 7.
694 3156 739 3193 de
760 3151 1115 3203 TarquiniiSuperbi
1131 3151 1172 3189 fi-

132 3207 211 3250 lio,
241 3209 436 3245 Eminentia
460 3211 551 3255 sorte
578 3218 791 3255 papaverum
824 3208 933 3256 capita
954 3204 1093 3253 virgula
1115 3217 1174 3239 ex-

135 3261 272 3293 cutiens.
300 3260 345 3295 ita
365 3260 483 3305 scripti
504 3260 648 3296 codices
672 3258 889 3295 constanter.
924 3257 1056 3294 Noster
1075 3255 1174 3290 decu-

134 3317 203 3346 tere
220 3307 297 3346 litia
316 3308 408 3348 dixit
428 3311 466 3348 ‘m
494 3314 625 3349 eadem
658 3310 876 3348 narratione.
914 3307 976 3347 scd
993 3307 1043 3346 nil
1062 3314 1175 3344 muta.

2085 1016 2256 1073 Tem-

1210 1156 1259 1195 fic
1281 1155 1418 1194 tondere
1448 1154 1591 1193 brachia
1608 1154 1771 1194 arborum
1799 1154 1932 1205 Virgil.
1951 1163 1997 1191 11.
2017 1153 2153 1202 Georg.
2174 1155 2258 1202 368.

1211 1208 1314 1246 dixit.
1341 1208 1428 1244 hinc
1450 1206 1588 1244 tondere
1600 1216 1705 1255 prata
1726 1207 1762 1244 δε
1781 1206 1908 1244 fimilia
1921 1206 2046 1256 paffim
2059 1204 2153 1253 apud
2168 1209 2260 1253 poe-

1210 1267 1274 1347 tgs.
1320 1258 1467 1295 Herus.
1524 1257 1608 1296 Vid.
1642 1258 1687 1296 ad
1727 1257 1908 1307 Quinffll.
1938 1268 2028 1296 vm.
2060 1256 2107 1294 de
2147 1256 2259 1295 instit.

1258 1318 1322 1348 rat.
1347 1320 1380 1357 3.

1263 1358 1349 1407 238.
1377 1359 1560 1410 Uvidaque
1580 1358 1618 1396 in
1632 1358 1781 1407 gravido
1795 1358 1942 1407 palmite
1955 1371 2094 1408 gemma
2108 1357 2259 1408 tumet.]

1212 1409 1313 1452 Alii,
1344 1410 1577 1459 Humidaque.
1601 1410 1743 1448 Primae
1759 1410 1844 1448 edit.
1874 1419 1951 1459 opt.
1972 1409 2140 1447 Ambros.
2161 1410 2262 1447 Μαι.

1213 1460 1251 1498 &
1274 1460 1402 1509 reliqui
1424 1462 1555 1510 majori
1577 1473 1621 1498 ex
1645 1469 1766 1508 parte,
1781 1459 2261 1512 Vividaquesectezmlch.

1211 1511 1382 1562 Vivaque.
1405 1511 1596 1551 Lucretius
1617 1512 1678 1549 lib.
1706 1524 1735 1550 1.
1759 1523 1840 1560 179.

1494 1572 1623 1609 vivida
1649 1571 1754 1610 tellus

1260 1628 1349 1661 Tuto
1367 1638 1418 1662 res
1437 1635 1569 1661 teneras
1587 1622 1678 1671 effert
1699 1623 1738 1661 in
1759 1623 1902 1661 luminis
1921 1626 2011 1662 oras-2

1212 1700 1421 1740 Columella
1447 1702 1509 1741 lib.
1532 1713 1596 1738 111.
1624 1711 1702 1749 cap.
1729 1712 1783 1738 11.
1820 1712 1864 1737 ex
1893 1701 2044 1747 optimis
2072 1698 2258 1737 membra-

1211 1753 1290 1796 nis,
1321 1755 1468 1801 Nigrum
1495 1763 1617 1789 tamen
1636 1763 1679 1790 (9¹⁵
1697 1751 1847 1788 rutilum
1873 1751 2072 1798 sabulonem
2098 1778 2108 1794 ,
2136 1749 2257 1799 quifit

1211 1804 1362 1841 vividae
1385 1815 1496 1842 terrae
1509 1802 1725 1851 permixtus,
1747 1800 1984 1851 probaverunt
1995 1800 2152 1849 antiqui.
2183 1812 2261 1837 non

1214 1854 1391 1893 humidae.
1420 1857 1458 1893 ὅ(
1480 1855 1539 1893 lib.
1554 1867 1587 1890 v.
1612 1852 1732 1900 cap.8.
1761 1853 1859 1890 idem
1881 1853 1998 1890 codex
2012 1852 2262 1901 perantiquus,

1215 1906 1279 1942 Sed
1300 1904 1482 1955 &densior
1504 1915 1597 1942 terra
1612 1932 1622 1949 ,
1643 1902 1674 1950 si
1693 1903 1823 1940 vivida
1844 1915 1886 1942 ω·
1908 1902 2000 1939 laeta
2013 1902 2055 1949 est
2070 1931 2078 1945 ‚
2093 1901 2262 1938 commode

1214 1957 1331 2008 recipit
1360 1958 1452 1995 hanc
1481 1956 1648 1994 arborem.
1686 1954 1931 1993 Germanicus
1962 1954 2104 1992 Arateis
2131 1952 2177 1991 de
2208 1951 2264 1990 Si—

1216 2008 1294 2047 rio:

1270 2072 1513 2125 Discernitque
1530 2084 1607 2112 ortu
1629 2073 1722 2120 longe
1735 2068 1818 2119 sata
1832 2087 1843 2108 ε
1871 2071 2000 2110 vivida
2014 2069 2159 2114 firmat,

1241 2167 1244 2170 ,
1269 2130 1326 2161 At
1343 2124 1466 2175 quibus
1485 2125 1582 2163 haud
1603 2135 1738 2174 vegetae
1756 2123 1893 2171 frondes
1908 2152 1919 2169 ,
1937 2133 1999 2160 aut
2018 2119 2186 2171 languida
2206 2129 2266 2165 raff

1392 2176 1476 2220 dix,

1270 2226 1479 2266 Exanimat.

1219 2291 1274 2330 Ita
1293 2293 1407 2332 scribo
1426 2307 1469 2333 ac
1485 2295 1679 2344 distinguo.
1704 2308 1789 2334 nam
1805 2295 1881 2334 duo
1894 2295 2080 2334 veterrimi
2102 2292 2263 2334 codices,

1219 2344 1350 2393 quibus
1364 2346 1441 2383 usus
1450 2347 1528 2385 sum
1542 2375 1552 2392 ,
1564 2348 1725 2396 adsuetae
1736 2348 1888 2394 srondes.
1908 2346 2019 2384 Unde
2031 2347 2084 2383 vir
2097 2353 2263 2391 magnus·

1221 2396 1277 2432 cui
1298 2396 1401 2433 illum
1421 2396 1630 2446 scriptorem
1654 2399 1860 2446 castigatum
1881 2397 2056 2434 debemus
2072 2423 2081 2437 ‚
2109 2396 2265 2440 adjutae.

1220 2444 1318 2481 haud
1339 2449 1626 2494 vegetaefi·0ndes
1642 2448 1723 2485 sunt
1745 2459 1893 2495 aegrae,
1922 2455 1961 2483 ut
1990 2445 2122 2482 Noster
2142 2443 2263 2490 loqui-

1219 2503 1277 2531 tur
1299 2495 1425 2542 supra,
1449 2497 1580 2544 palleat
1603 2510 1701 2544 aegra
1727 2496 1824 2544 seges.
1874 2497 1909 2532 Si
1942 2496 2042 2532 malis
2060 2522 2070 2539 ‚
2109 2495 2264 2541 adsefflae

1210 2545 1355 2589 frondes
1379 2573 1389 2588 ‚
1425 2548 1483 2584 vel
1506 2547 1602 2582 haud
1629 2547 1761 2589 laetae,
1787 2546 1837 2584 nil
1860 2557 2036 2593 repugnO.
2089 2545 2187 2582 Nam
2218 2545 2266 2580 ad

1221 2606 1298 2631 non
1319 2607 1400 2632 raro
1420 2608 1486 2644 pro
1514 2608 1577 2633 aut
1601 2598 1659 2634 vel
1678 2597 1775 2633 haud
1804 2598 1839 2634 in
1870 2595 2105 2633 vetuiliffimo
2132 2594 2264 2633 codice

1222 2645 1403 2684 Voffiano
1420 2647 1644 2684 scribebatur.
1681 2647 1791 2684 valles
1812 2646 1994 2693 vivificare
2014 2645 2154 2694 lympha
2176 2645 2267 2684 dici-

1223 2702 1282 2732 tur
1303 2697 1453 2734 Avieno
1474 2699 1510 2735 in
1541 2700 1662 2747 Equo.
1698 2697 1745 2735 sic
1774 2699 1810 2735 &
1835 2699 1925 2733 viva
1941 2697 2120 2744 plantaria
2142 2696 2269 2743 Virgi-

1224 2744 1290 2782 lius
1311 2749 1346 2785 in
1376 2749 1563 2798 Georgicis
1584 2761 1629 2786 11.
1650 2760 1708 2792 27.
1744 2749 1851 2785 vivas
1877 2748 2010 2784 arbores
2038 2747 2200 2796 Apulejo
2227 2749 2265 2785 in

1226 2797 1320 2835 Met.
1336 2798 1506 2836 Vmidum
1530 2813 1663 2836 merum
1687 2799 1856 2836 Martialii
1871 2812 1958 2836 vin.
1979 2799 2012 2835 6.
2040 2807 2080 2836 ut
2097 2798 2269 2836 homines

1225 2849 1355 2886 eruditi
1394 2851 1438 2888 ad
1471 2851 1576 2888 illum
1606 2851 1813 2899 scriptorem
1848 2849 2069 2898 jamdudum
2100 2849 2269 2886 observa-

1225 2909 1318 2936 runt.
1347 2901 1442 2948 apud
1468 2904 1509 2937 Α.
1532 2901 1692 2938 Gellium
1716 2901 1808 2938 libro
1829 2913 1863 2937 v.
1886 2900 1998 2938 Noa.
2020 2901 2269 2948 Attic.cap.2.

1226 2952 1355 2988 Mediis
1385 2951 1529 2997 hostibus
1549 2964 1656 2999 regem
1685 2950 1901 2998 vivaciffi'mo
1929 2952 2027 2999 cursu
2047 2950 2191 2992 retulit;
2223 2950 2268 2987 de

1226 3002 1440 3039 Alexandro
1471 3003 1623 3050 Magno.
1647 3002 1684 3039 &
1714 3003 1806 3039 libro
1831 3014 1892 3039 xv.
1927 3013 2004 3049 cap.
2030 3014 2089 3038 22.
2118 3001 2162 3038 de
2191 3001 2271 3037 Ser-

1226 3053 1312 3090 torii
1344 3064 1471 3090 cerva:
1503 3058 1619 3089 Cerva
1648 3051 1730 3089 alba
1759 3053 1907 3089 eximiae
1932 3051 2201 3101 pulchritudinis
2227 3061 2271 3090 (3ὂ

1225 3102 1462 3152 vivaciffimae
1483 3103 1676 3141 celeritatis.
1703 3104 1763 3140 lib.
1787 3117 1836 3140 xx.
1869 3116 1946 3152 cap.
1962 3117 1994 3147 4.
2020 3104 2177 3139 Homines
2199 3114 2270 3136 mo-

1228 3155 1340 3191 noculi
1352 3154 1496 3202 singulis
1518 3154 1868 3201 cruribussaltuatim
1887 3165 2056 3190 currentes
2070 3182 2080 3196 ,
2094 3149 2267 3198 vivacissi-

1229 3219 1307 3242 mae
1326 3205 1520 3243 celeritatis.
1547 3205 1641 3254 apud
1666 3205 1825 3242 eundem
1847 3206 2009 3242 Gellium
2024 3206 2082 3241 lib.
2105 3215 2173 3238 vir.
2194 3213 2270 3254 cap.

1231 3268 1264 3305 3.
1295 3258 1426 3293 Fortius
1445 3266 1550 3304 atque
1573 3255 1733 3292 vividius
1765 3270 1832 3293 non
1853 3256 2020 3292 videntur
2038 3251 2172 3301 potuisse
2192 3251 2271 3286 dm.

1232 3308 1290 3346 Sic
1309 3315 1435 3346 contra
1455 3306 1635 3346 morientes
1654 3306 1774 3346 herbas
1787 3307 1878 3345 dixit
1897 3306 1996 3353 virg.
2011 3317 2024 3344 1
2042 3304 2174 3349 Georg.
2192 3311 2271 3336 110·

1413 3356 1447 3395 Υ
1475 3368 1497 3394 z
2175 3358 2273 3396 cete-„-
