2495 3675
201 195 275 244 54

675 167 739 223 P.
812 163 1233 223 OVIDII
1308 161 1842 224 NASONIS

493 281 654 339 Nulla
676 281 826 338 videt
852 282 1000 338 taciti
1025 298 1287 355 quaerens
1310 280 1525 354 vestigia
1550 280 1704 336 furti:

357 373 464 431 550

575 355 845 412 Traxerat
885 355 1094 411 aversos
1129 355 1310 410 Cacus
1336 356 1393 410 in
1419 368 1567 410 antra
1591 355 1768 418 feros;

507 429 712 494 Cacus,
751 430 1053 485 Aventinae
1081 429 1244 484 timor
1268 443 1428 501 atque
1455 428 1670 483 infamia
1701 428 1884 493 filvae‚

579 504 706 559 Non
733 504 849 558 leve
877 503 1114 557 finitimis
1139 501 1540 574 hospitibusque
1569 502 1782 557 malurn.

508 578 642 635 Dira
667 578 783 632 viro
807 576 1000 639 facies3
1042 575 1180 630 vires
1208 593 1307 647 pro
1332 593 1596 649 corpore3
1635 593 1829 647 corpus

583 650 840 706 Grande:
881 664 1031 720 pater
1056 649 1278 704 monstri
1310 649 1578 704 Mulciber
1607 647 1761 718 hujus
1788 662 1917 705 erat.

370 742 471 796 555
508 724 725 795 Proque
751 723 918 777 domo
944 724 1116 795 longis
1139 723 1386 795 spelunca
1412 720 1698 777 receffibus
1725 722 1942 795 iugem,

583 796 784 851 Abdita
802 835 816 860 ‚
843 796 932 850 vix
958 795 1074 869 ipfis
1100 796 1419 850 invenienda
1447 795 1587 850 feris,

512 870 623 925 Ora
649 869 802 939 super
834 869 1009 942 postes
1035 869 1317 942 adfixaque
1342 869 1556 923 brachia
1581 869 1854 941 pendent,

581 942 939 1015 Squalidaque
964 942 1208 999 humanis
1237 941 1435 999 ossibus
1459 941 1598 997 albet
1628 942 1835 998 humus,

2260 1016 2384 1073 Ser-

273 1169 359 1207 ςςο.
386 1160 558 1193 Traxerat
592 1154 729 1203 averfiis
758 1160 872 1192 Cacus
905 1156 953 1192 ad
988 1165 1097 1193 antra
1132 1155 1270 1206 boves.]
1320 1156 1749 1207 piscit,quianumquam
1763 1154 2094 1205 malignitasaperta
2115 1153 2271 1192 liberiore
2279 1158 2384 1204 fron.

220 1209 327 1258 Lege
351 1220 395 1246 ex
417 1208 495 1245 Urs.
514 1208 552 1244 δε
579 1206 691 1243 tribus
713 1206 748 1242 V
752 1208 835 1244 atic.
857 1206 906 1242 ad
931 1217 1038 1243 antra
1050 1208 1165 1252 firox.
1211 1209 1272 1246 Ad

223 1261 323 1299 hunc
342 1268 466 1296 autem
489 1258 616 1296 locum
639 1257 842 1306 interpretis
864 1257 991 1295 officio
1004 1256 1151 1295 functus
1161 1257 1272 1295 Mart.

224 1311 379 1361 respexit
398 1310 458 1348 lib.
478 1322 514 1348 v.

273 1374 523 1424 Silvarumque
540 1384 689 1418 tremor,
718 1372 830 1410 tacita
853 1372 915 1423 qui
928 1373 1064 1419 fraude
1083 1371 1211 1419 fhlebat

335 1431 488 1469 Ducere,
518 1438 578 1463 nec
595 1428 698 1463 reHos
718 1430 831 1462 Cacus
850 1424 888 1461 in
908 1434 1015 1461 antra
1036 1423 1148 1461 boves.

225 1491 393 1530 emma.
422 1489 466 1527 In
478 1490 601 1529 multis
612 1489 684 1535 est,
713 1494 829 1526 Cacus
847 1488 886 1526 in
901 1498 1009 1526 antra
1029 1487 1145 1527 boves.
1173 1488 1277 1526 Utri-

224 1554 298 1591 que
319 1539 428 1585 bene,
455 1541 519 1577 Sed
535 1552 602 1586 ar,
632 1541 760 1579 Livius
784 1542 904 1590 inquit
923 1540 985 1578 lib,
1011 1552 1066 1577 11.
1094 1546 1207 1577 Cacus
1220 1541 1277 1586 fe-

224 1606 288 1631 rox
308 1590 455 1629 viribus.
492 1592 669 1630 NEApoL.
719 1592 789 1628 Alii
819 1591 967 1628 codices
991 1619 1000 1634 ‚
1039 1590 1150 1627 boves.
1205 1590 1276 1628 Sed

225 1643 362 1690 averfias
372 1643 466 1688 seros
486 1643 535 1680 est
559 1641 800 1680 scribendum.
834 1649 874 1678 ut
902 1641 1001 1678 reete
1024 1653 1117 1679 unus
1140 1641 1276 1678 Fame-

227 1693 358 1732 sianus.
392 1693 477 1731 vide
511 1694 628 1731 Notas
655 1694 721 1741 Ep,
743 1705 798 1730 1x.
825 1692 880 1735 fis.
913 1704 991 1738 114.
1031 1693 1179 1730 Hnms.
1208 1692 1279 1731 Sed

230 1756 324 1782 mox
341 1745 474 1781 iterum
496 1744 552 1787 fl's.
575 1744 658 1790 556.
687 1744 776 1790 feris
802 1743 989 1792 repetitur.
1010 1743 1172 1791 adversos
1191 1743 1277 1781 Ber-

230 1795 330 1835 nens.
359 1796 397 1832 &
429 1795 535 1832 multi
564 1795 636 1835 alii.
663 1794 767 1833 versu
794 1794 968 1843 superiori
993 1822 1003 1839 ,
1031 1794 1133 1833 nulla
1153 1795 1279 1832 videns

230 1845 368 1897 quaerit
390 1846 491 1882 taciti
511 1847 660 1884 Putean.
682 1845 780 1883 alter.

284 1908 368 1946 ςςῐ.
396 1897 603 1934 Aventinae
614 1895 769 1946 silvae]
821 1897 896 1934 Ubi
915 1897 1014 1936 sedes
1044 1897 1082 1936 &
1103 1898 1180 1947 ers
1200 1898 1279 1947 spe-

229 1947 353 1987 lunca.
392 1947 493 1985 Vere
523 1949 618 1986 hanc
645 1948 889 1997 Topographi
920 1949 1080 1987 statuunt
1101 1949 1137 1986 in
1158 1951 1275 1998 regio-

233 2011 282 2037 ne
301 2011 410 2038 x111.
457 1998 635 2037 NEAPOL.
695 2005 832 2036 Tremor
861 1999 1004 2039 Fames.
1041 1999 1155 2039 Bene.
1177 2003 1282 2050 quod

230 2050 391 2089 ostendit
410 2051 571 2088 imitatio
594 2050 769 2088 Martialis
794 2062 829 2088 v.
851 2051 911 2088 66.

284 2111 534 2162 Silvarumque
554 2122 682 2149 tremor
697 2140 706 2157 ,
735 2113 845 2149 tacita
868 2113 929 2162 qui
947 2115 1079 2163 fraude
1098 2113 1234 2161 solebat

334 2168 468 2200 Ducere
488 2176 546 2199 nec
565 2166 670 2200 reela:
693 2169 804 2201 Cacus
821 2164 858 2200 in
884 2175 993 2202 antra
1011 2165 1122 2203 boves.

234 2226 336 2265 unde
358 2231 470 2268 etiam
500 2240 598 2279 patet
619 2232 674 2275 Μ.
701 2245 783 2281 ςςο.
811 2231 912 2271 boves
930 2232 1158 2284 refliuslegi.
1185 2233 1288 2274 idem

236 2275 357 2317 firmat
375 2281 538 2330 Propert.
564 2295 617 2321 xv.
638 2295 690 2320 1x.
710 2295 765 2321 12.

287 2346 442 2395 Averfhs
464 2347 575 2384 cauda
596 2349 712 2386 traxit
732 2349 771 2386 in
788 2359 898 2387 antra
919 2350 1032 2388 boves.
1063 2350 1195 2390 BuRM.

289 2420 374 2461 5523
402 2415 482 2446 Non
513 2410 588 2447 leve
611 2410 775 2458 finitimis
809 2412 1060 2462 hospitibusque
1097 2412 1280 2463 malum.]

237 2457 419 2507 Expreffit
431 2460 583 2499 verbum
597 2464 716 2500 κακὸν.
739 2464 800 2500 De
814 2463 915 2502 Caco
927 2472 1051 2502 autern
1064 2465 1102 2502 ὃ(
1115 2465 1283 2503 Hercule

239 2508 289 2546 sic
319 2509 472 2559 disputat
501 2512 711 2561 Fulgentius
740 2514 800 2551 lib.
823 2526 867 2551 11.
905 2515 1222 2562 Mythologicouz
1251 2515 1288 2552 Si

235 2559 380 2605 fumum
393 2563 492 2608 fures
513 2565 673 2600 eruc'lant
695 2592 703 2606 ,
729 2565 804 2613 quis
835 2564 1056 2601 involantem
1077 2565 1163 2601 dum
1186 2575 1289 2612 negat

245 2611 432 2657 agnoscat?
462 2626 533 2660 ergo
562 2624 624 2650 aut
653 2614 853 2662 caliginem,
881 2626 946 2651 aut
969 2617 1118 2661 fumum
1149 2615 1287 2658 obiicit,

245 2672 288 2695 ne
314 2661 444 2707 agnosci
460 2662 573 2711 poffit:
594 2675 658 2699 aut
686 2666 879 2710 insumam
901 2666 1058 2709 vanescit
1074 2665 1289 2711 substantia,

246 2722 335 2758 quae
348 2712 487 2756 ficrtive
500 2714 663 2760 succedit.
690 2721 802 2751 Cacus
821 2716 912 2750 enim
935 2715 1091 2750 Herculis
1113 2714 1213 2750 hoves
1224 2715 1289 2760 fu·

247 2771 348 2797 ratus
376 2760 432 2809 effe
464 2762 591 2800 dicitur
612 2793 622 2809 ,
658 2778 740 2814 quos
770 2765 882 2800 cauda
913 2764 951 2800 in
973 2763 1140 2813 spelunca
1162 2766 1289 2800 traft'os

248 2810 425 2858 abscondit
449 2840 459 2856 ‚
499 2827 600 2861 quem
632 2814 793 2852 Hercules
818 2816 917 2864 preſjo
946 2824 1085 2863 gutture
1104 2815 1289 2862 interfecit.

248 2862 360 2898 κακὶν
381 2863 473 2898 enim
504 2868 628 2900 Graece
648 2893 657 2906 ,
694 2865 829 2901 malum
857 2866 1016 2903 dicimus.
1070 2871 1159 2915 Ergo
1180 2866 1292 2903 omnis

251 2912 392 2949 malitia
406 2915 550 2959 fumum
572 2918 704 2951 erudiat
720 2944 728 2959 ,
756 2917 794 2952 id
812 2916 874 2963 est,
903 2928 967 2953 aut
995 2917 1086 2967 quod
1116 2918 1293 2954 contraria

245 2961 295 3012 fit
318 2964 463 3000 veritati
478 2993 486 3006 .
515 2966 552 3000 id
570 2967 632 3012 est,
661 2967 751 3003 lteri.-
779 2978 841 3004 aut
862 2969 951 3018 quod
971 2968 1090 3004 acerba
1103 2967 1152 3016 sit
1168 2969 1294 3005 viden·

255 3013 368 3057 tibus,
397 3025 436 3050 ut
449 3017 572 3060 fumus
593 3017 716 3053 oculis:
746 3028 809 3053 aut
830 3019 921 3068 quod
943 3019 1168 3060 multiformis
1191 3020 1296 3056 mali-

251 3064 306 3102 tia
329 3078 396 3101 non
409 3063 551 3114 simplex
564 3066 620 3114 fit.
648 3068 785 3116 Triplici
803 3071 893 3104 enim
915 3069 1011 3105 modo
1029 3082 1097 3105 non
1116 3081 1207 3106 nocet
1221 3084 1296 3107 ma-

254 3114 359 3152 litia.-
388 3127 451 3152 aut
467 3118 504 3153 in
529 3118 704 3160 evidenti,
733 3129 771 3153 ut
797 3120 989 3167 potentior:
1019 3129 1083 3155 aut
1096 3120 1296 3166 subtiliter,

255 3166 424 3211 utfalfus
456 3169 588 3204 amicus
612 3184 621 3211 ;
660 3179 723 3204 aut
752 3169 902 3214 occulte,
930 3181 970 3206 ut
998 3170 1161 3218 impotens
1182 3171 1297 3209 latro.-

256 3217 335 3253 Jdcb
355 3217 461 3254 etiam
476 3218 667 3265 subtral‘i‘os
685 3219 783 3257 boves
800 3219 1004 3267 transversis
1025 3221 1122 3258 ducit
1140 3222 1298 3271 vestigiis,

254 3268 351 3316 quod
369 3269 479 3305 omnis
498 3270 671 3318 malignus
687 3271 803 3308 aliena
819 3272 975 3308 invadat
988 3301 998 3318 ,
1026 3284 1069 3312 (ν’
1097 3276 1300 3321 transversa

255 3317 457 3368 desenfionis
477 3332 601 3360 utatur
624 3322 699 3362 via.
739 3323 813 3361 Ideo
832 3334 876 3365 φ’
896 3323 983 3362 bona
1000 3324 1158 3364 Herculis
1176 3337 1299 3373 concta-¹

1327 1218 1360 1243 te
1374 1207 1445 1256 fit,
1467 1208 1528 1254 fed
1547 1208 1664 1245 virtus
1686 1219 1728 1247 cy
1747 1207 1856 1244 malos
1881 1206 2069 1254 interficit,
2096 1217 2140 1246 (ν’
2160 1209 2231 1256 sua
2262 1208 2386 1246 vindi-

1327 1268 1395 1293 cat.
1424 1258 1593 1295 CrorAN.
1623 1259 1761 1296 Alludit
1780 1262 1824 1296 ad
1846 1259 2031 1296 Graecum
2054 1257 2175 1296 κακὸν.
2204 1258 2378 1298 Servius:

1328 1313 1455 1345 Servus
1473 1309 1639 1345 Evandri
1672 1311 1784 1352 κακὸς
1811 1321 1854 1350 ω’
1876 1309 1991 1346 malus
2009 1311 2112 1357 fuit.-
2141 1310 2233 1347 unde
2256 1312 2382 1356 Κάκος

1328 1359 1442 1395 dicius
1458 1387 1468 1403 ‚
1496 1369 1633 1396 mutato
1650 1370 1801 1397 accentu.
1832 1361 2011 1398 Nzavot.

1384 1421 1467 1460 553.
1512 1411 1605 1447 Dira
1633 1411 1710 1447 viro
1729 1410 1881 1460 facies]
1931 1412 2032 1450 Libri
2058 1421 2227 1457 veteres,
2253 1418 2383 1459 Dura,

1331 1472 1409 1510 quo
1450 1461 1565 1499 verbo
1598 1462 1827 1510 impudentia
1854 1460 2044 1500 indicatur.
2081 1464 2250 1502 Cmrm.
2289 1464 2384 1503 Tres

1334 1511 1430 1560 apud
1455 1524 1515 1550 me
1542 1521 1707 1558 veteres,
1737 1519 1840 1549 Dura
1869 1513 1947 1549 viro
1961 1513 2082 1560 facies.
2129 1515 2211 1563 Ego
2232 1515 2387 1564 quidem

1333 1564 1396 1603 hic
1420 1564 1547 1602 malim
1564 1591 1574 1608 ‚
1588 1564 1689 1601 dira:
1718 1563 1804 1601 licet
1822 1564 1932 1600 durus
1954 1565 1995 1602 lit
2021 1565 2121 1602 idem
2139 1577 2182 1602 ac
2211 1564 2385 1612 ἰσχυρὸς,

1334 1618 1395 1651 καὶ
1413 1615 1590 1660 καρτερός.
1620 1627 1704 1653 nam
1724 1616 1818 1653 vires
1839 1615 1957 1652 statim
1985 1615 2240 1654 commendat.
2261 1617 2389 1655 Nem.

1335 1668 1427 1703 Dira
1460 1667 1751 1715 praeferendum.
1799 1666 1929 1704 Senec.
1960 1666 2074 1704 Herc.
2103 1667 2186 1704 Fur.
2218 1677 2301 1712 721.
2341 1667 2388 1706 de

1335 1717 1516 1762 Plutone,
1560 1719 1653 1755 Dira
1676 1716 1838 1766 Majestas
1862 1723 1954 1760 Deo;
1979 1717 2083 1766 quod
2103 1717 2248 1755 videtur
2268 1718 2393 1756 imita-

1334 1777 1391 1806 tus
1413 1769 1603 1808 Claudian.
1628 1781 1654 1805 1.
1683 1769 1729 1807 de
1746 1770 1856 1805 l’ont.
1877 1769 1934 1805 82.
1970 1768 2082 1804 Dirae
2099 1768 2184 1818 riget
2205 1768 2392 1806 inclemen-

1332 1820 1386 1857 tia
1396 1823 1559 1868 formae,
1583 1820 1642 1857 ubi
1657 1821 1695 1858 &
1707 1820 1814 1857 durae
1827 1820 1909 1857 MS.
1927 1818 1987 1857 hic
2002 1847 2011 1862 ‚
2034 1832 2126 1856 mlra
2138 1819 2389 1859 VoflIBURM„

1388 1885 1469 1920 554.
1500 1871 1714 1921 Mulciber.]
1746 1871 1913 1908 Mulcifer
1932 1871 2038 1908 multi
2057 1883 2100 1908 ex
2121 1870 2394 1916 vetustioribus,

1335 1923 1536 1971 quomodo
1555 1922 1658 1971 saepe
1672 1923 1768 1972 apud
1782 1922 1958 1960 Nostrum
1973 1922 2138 1970 aliosque
2158 1923 2197 1960 in
2217 1921 2393 1972 antiquis·

1336 1974 1434 2012 simis
1452 1973 1675 2012 membranis
1694 1975 1866 2012 occurrit.
1895 1973 2045 2012 Hmns.

1391 2028 1474 2075 556.
1502 2025 1684 2072 Abdita]
1714 2025 1845 2061 obdita
1869 2025 1994 2062 Ursini
2015 2024 2149 2062 codex.
2184 2022 2395 2063 Videantur

1338 2089 1435 2127 quae
1457 2086 1551 2115 noto
1573 2077 1653 2113 Art.
1674 2076 1764 2114 Am.
1783 2088 1832 2115 11.
1846 2075 1899 2118 Μ.
1918 2078 2003 2125 (³36.
2030 2075 2255 2113 nihiltamen
2278 2073 2394 2113 ausim

1339 2129 1554 2166 immutare.
1575 2127 1674 2164 Dici.
1695 2127 1859 2165 Cretens.
1878 2127 1940 2165 lib.
1970 2140 2024 2163 vx.-
2066 2125 2117 2162 Ibi
2147 2125 2247 2162 Pelea
2279 2138 2393 2162 avum

1344 2180 1485 2268 {flpperit
1508 2207 1520 2225 ‚
1555 2178 1768 2216 occultatum
1789 2178 1955 2227 spelunca
1982 2176 2107 2214 abdita
2138 2188 2182 2217 <9¹
2211 2176 2396 2225 tenebrosa.

1388 2243 1492 2268 ΕιΝε.

1395 2295 1482 2343 ςςό.
1511 2294 1577 2331 Vix
1597 2292 1710 2343 ipfis.]
1741 2293 1807 2330 Vix
1829 2293 1912 2330 ullis
1932 2292 2008 2330 duo
2029 2292 2122 2330 libri.

1396 2358 1482 2394 557.
1510 2344 1700 2395 Affixaque
1720 2344 1864 2381 brachia
1881 2343 2066 2394 peridem]
2097 2342 2210 2381 Vates
2230 2342 2396 2382 lib-VIII.

1337 2397 1478 2445 optimi
1498 2396 1650 2434 maximi
1673 2396 1814 2445 operis:

1650 2481 1723 2489 --
1749 2482 1821 2489 ——
1846 2466 2045 2508 Semperque
2061 2458 2191 2496 recenti

1391 2513 1508 2549 Caede
1525 2511 1657 2558 tepebat
1674 2510 1802 2546 humus
1815 2538 1824 2553 ,
1846 2510 2051 2559 foribusque
2069 2510 2176 2556 affixa
2188 2508 2342 2559 superbis
2357 2538 2372 2557 ,

1398 2568 1471 2597 Ora
1491 2562 1614 2598 virtim
1637 2560 1727 2607 tristi
1740 2560 1936 2609 pendebant
1949 2559 2132 2609 squallida
2152 2560 2244 2598 tabo.

1345 2613 1526 2651 NEAPOL.

1397 2687 1480 2722 559.
1504 2675 1601 2719 Jove
1620 2685 1726 2711 natus
1746 2675 1909 2725 abibat.]
1931 2676 2148 2714 Petavianus
2163 2703 2174 2720 ‚
2193 2675 2327 2717 abibas.
2354 2686 2396 2716 ut

1345 2723 1443 2770 Jove
1464 2735 1568 2762 natus
1589 2737 1653 2773 pro
1674 2736 1756 2762 nate
1772 2727 1913 2764 dixerit.
1942 2727 2086 2764 Hfims.

1400 2776 1482 2822 560.
1511 2775 1729 2825 Magnum]
1777 2778 1956 2815 Meminit
1977 2777 2188 2815 Laetantius
2207 2778 2268 2816 lib.
2289 2792 2315 2818 1.
2338 2791 2398 2819 20.

1347 2826 1452 2864 Deae
1477 2826 1620 2869 Cacae,
1646 2839 1735 2875 quae
1755 2828 1892 2864 herculi
1917 2828 2087 2865 indictum
2098 2830 2222 2876 fecerit
2242 2830 2282 2867 de
2293 2832 2395 2878 furto

1347 2877 1449 2914 boum
1472 2904 1482 2921 ‚
1520 2878 1751 2914 divinitatem
1793 2880 1965 2926 consecuta
1987 2907 1997 2922 ,
2033 2880 2116 2930 quia
2139 2882 2295 2927 fratrem
2326 2886 2398 2919 Ca·

1349 2941 1427 2964 cum
1450 2928 1614 2974 prodidit.
1641 2928 1687 2966 de
1714 2929 1783 2966 hac
1810 2928 1906 2977 apud
1936 2929 2024 2967 alies
2055 2931 2169 2970 altum
2199 2931 2397 2972 silentium.

1349 2979 1497 3017 Hfiffis.

1406 3049 1487 3096 561.
1515 3047 1682 3097 Accipio,
1710 3060 1940 3091 revocamur,
1961 3048 2054 3099 air]
2092 3050 2230 3099 Accipio
2259 3063 2398 3087 revoca-

1354 3113 1433 3136 men
1454 3099 1695 3143 petavianus,
1725 3100 1885 3148 Nauger.
1907 3099 2028 3137 Ursin.
2046 3100 2224 3139 Arondel.
2240 3101 2399 3138 &multi

1355 3151 1425 3188 alii.
1455 3149 1539 3187 vide
1560 3158 1666 3187 notas
1690 3150 1734 3187 ad
1755 3150 1866 3199 Epist.
1888 3163 1975 3188 xm.
1997 3150 2052 3194 Ja'ss.
2079 3163 2158 3200 135.
2187 3151 2401 3190 Sed&vul·

1353 3210 1436 3252 gata
1455 3202 1539 3239 ferri
1564 3201 1692 3249 potest.
1722 3202 1846 3239 Valer.
1866 3201 2013 3240 Flaccus
2035 3202 2093 3240 lib.
2116 3216 2143 3240 1.
2163 3214 2225 3252 91.

1406 3275 1569 3320 Accepere
1590 3276 1707 3314 Deae;
1738 3270 1899 3320 celerique
1911 3278 1971 3318 per
1993 3269 2133 3309 aethera
2153 3269 2250 3320 lapsu

1402 3323 1572 3372 Diversas
1588 3322 1713 3373 petiere
1735 3323 1827 3372 vias.
1855 3322 2002 3361 Hzms.

2181 3372 2267 3420 562.
2293 3371 2404 3411 Vim,-
