2495 3675
530 149 1476 223 F‘ASTORUM
1586 149 1920 206 L113.II.

2154 163 2256 212 125

382 280 525 339 Vina
550 294 768 351 quoque
793 273 1015 330 instillat.
1050 267 1187 330 vini,
1224 263 1610 338 quodcumque
1636 261 1875 317 relietum
1900 263 2003 327 est,

233 355 336 425 580
447 355 561 407 Aut
588 353 721 424 ipsa,
765 359 853 403 aut
877 342 1131 403 comi-tes,
1173 339 1287 410 plus
1312 350 1491 391 tamen
1516 335 1619 408 ipsa
1643 373 1659 398 ‚
1697 334 1843 387 bibit.

310 567 402 604 hunc
424 563 525 603 lentis
545 557 744 600 carbonibus
761 568 832 592 ure.

82 619 121 659 δί
140 619 232 657 Arte
247 620 370 656 Amat.
809 655 815 661 ⁸

136 669 272 718 Ignibus
293 669 348 705 hic
366 666 466 705 lentis
484 670 624 704 uretur,
652 668 692 696 ut
715 654 863 694 humida
877 653 992 692 taeda.

83 720 227 765 Auctor
251 719 407 757 Moreti:

136 778 227 808 Haec
247 770 304 807 ubi
325 766 450 814 collegit
465 792 474 807 ,
502 762 634 799 lentum
658 758 804 805 consedit
828 756 875 793 ad
894 756 1006 804 ignem
1018 782 1036 800 ,,

82 821 144 861 ubi
165 822 295 858 laetum
317 818 408 856 male
428 815 580 863 legitur:
611 813 648 849 ὅ(
669 810 800 847 Horat.
813 821 841 846 i.
863 807 937 844 Od.
960 817 1016 844 12.

135 873 252 908 Lentis
269 879 439 908 macerare
458 864 604 913 ignibus.

81 923 131 962 ita
152 924 188 959 &
211 922 267 959 alii
291 917 428 968 paffim.
453 916 589 959 Nunc,
618 911 706 950 dum
728 909 945 947 veterrimos
971 905 1118 944 codices

83 972 257 1012 consulo,
282 971 393 1016 longe
414 967 515 1003 aliter
536 965 691 1002 videtur.
749 959 1000 1008 Naugerianus
1019 967 1117 994 certe

80 1025 119 1061 ὅτ
139 1020 259 1059 Urfini
281 1048 290 1064 ,
318 1018 487 1066 obtusum
516 1025 662 1051 mentae.
695 1012 821 1050 Petav.
844 1012 882 1047 &
913 1020 1005 1046 unus
1037 1009 1120 1045 Put.

80 1072 248 1121 Obsistum
271 1078 416 1107 mentae.
441 1066 583 1104 Zulich.
607 1064 777 1111 Obfutnm
795 1073 925 1105 menae.
954 1070 1117 1114 quomo-

80 1123 130 1161 do
154 1124 190 1160 &
217 1124 253 1159 in
284 1121 540 1157 Mazariniario
572 1113 673 1153 fuiffe
703 1113 723 1150 a
746 1124 859 1149 manu
879 1112 996 1159 prima
1015 1109 1118 1147 vide-

77 1182 147 1213 tur.
175 1174 299 1220 Lege,
326 1179 472 1207 Maenae
493 1177 604 1213 caput.
634 1164 780 1213 Singula
798 1173 895 1199 nunc
914 1162 1122 1198 videamus.

78 1225 200 1274 primo
222 1221 391 1270 obsutum
417 1221 509 1257 bene
529 1218 561 1255 i'e
584 1216 714 1258 habet,
743 1212 805 1251 etsi
830 1213 909 1250 libri
931 1224 976 1249 ex
996 1211 1116 1267 fidiisi-

78 1276 148 1313 mis
159 1273 324 1312 nonnulli
339 1300 348 1316 ,
367 1270 536 1318 obtusum
548 1268 748 1317 suggerant.
776 1262 1004 1301 Obsuebatur
1015 1273 1116 1299 enirn

79 1337 147 1364 acu
172 1327 209 1363 &
239 1325 319 1373 pice
349 1334 391 1360 os
428 1330 595 1360 maenae.
644 1315 770 1364 virgil.
799 1313 860 1351 lib.
886 1318 939 1350 iv.
978 1313 1117 1360 Georg.

81 1378 167 1426 306.

132 1437 267 1448 ····-‘
307 1423 386 1461 huic
403 1421 559 1472 geminae
576 1431 675 1456 nares
696 1427 739 1458 <9⁶
752 1414 895 1466 spiritus
914 1413 982 1451 oris

129 1476 253 1514 Multa
269 1473 455 1512 reluifi‘anti
474 1471 637 1518 abluitur.
1049 1513 1057 1520 ⁶

76 1527 126 1566 ita
144 1526 375 1565 venerandae
406 1521 586 1560 vetustatis
609 1519 811 1557 Mediceus.
835 1526 913 1553 non
932 1512 1118 1561 obstruitur

79 1590 165 1616 cum
190 1577 354 1624 vulgatis.
381 1574 507 1611 Florus
536 1572 594 1609 lib.
615 1582 667 1608 iv.
688 1580 766 1616 cap.
799 1578 853 1603 12.
883 1565 990 1601 Unius
1009 1578 1041 1600 os
1052 1565 1116 1612 su·

76 1639 156 1665 tum
168 1655 177 1672 ‚
185 1627 280 1677 prius
297 1623 433 1674 absciffa
445 1623 576 1670 lingua.
591 1621 719 1658 Malim
735 1646 746 1662 ,
767 1616 986 1663 molesmum,
1009 1615 1114 1652 Paul-

79 1679 174 1717 liiius
199 1676 354 1725 Epistola
385 1686 437 1711 iv.
470 1673 514 1710 ad
542 1672 674 1718 Sulpic.
695 1670 818 1707 Sever.
839 1672 884 1702 Ut
912 1665 970 1702 ille
983 1666 1113 1714 pannis

77 1727 186 1765 oculos
205 1727 364 1777 corporis,
373 1723 418 1773 [ic
438 1723 493 1771 iste
503 1722 662 1770 fitrdt'bus
678 1722 774 1757 vitae
785 1718 871 1766 suae
888 1716 996 1752 oculos
1015 1729 1112 1752 men-

77 1779 123 1815 tis
142 1777 288 1828 obsutus.
314 1785 355 1814 ut
371 1775 442 1814 illic
462 1775 554 1811 bene
576 1785 621 1810 ex
643 1770 785 1809 vetusto
807 1767 948 1823 ¹codice
968 1767 1110 1804 Fronto

76 1828 249 1866 Ducaeus
274 1826 433 1864 restituit.
478 1832 604 1862 contra
628 1822 743 1859 malae
776 1819 920 1867 dissutae
948 1829 1013 1866 pro
1044 1829 1110 1855 ore

75 1887 202 1926 aperto
221 1877 315 1926 apud
333 1876 491 1915 Petfium
509 1902 519 1919 ‚
547 1872 679 1921 dissutis
696 1869 798 1909 malis
822 1869 972 1916 oscitare.
995 1868 1110 1918 palpe-

74 1928 155 1966 bras
162 1929 303 1977 sursum
313 1940 353 1965 ac
362 1926 515 1974 deorsum
529 1924 688 1961 diductas
704 1919 964 1970 insuereGelIio
974 1919 1035 1957 lib.
1056 1931 1111 1957 vi.

75 1989 154 2027 cap.
175 1993 208 2025 4.
233 1978 350 2027 obsura
370 1977 485 2014 tetrica
508 1975 688 2013 Suetonio
709 1974 747 2011 in
778 1970 934 2008 Tiberio
953 1980 1029 2019 cap.
1048 1971 1107 2018 64.

72 2028 206 2067 Noster
224 2029 284 2066 lib.
307 2041 340 2066 x.
368 2029 618 2073 Metam-495.

93 2099 99 2102 ·
119 2079 281 2166 Jamqtze
296 2091 438 2134 gravera
466 2078 606 2125 crescens
635 2084 772 2113 uterum
780 2071 1027 2124 perstrinxerat
1048 2084 1108 2110 ar-

271 2143 329 2174 or,

124 2181 330 2230 Pectoraque
346 2179 522 2229 obfuerat,
550 2176 739 2227 collumque
757 2175 880 2224 operire
894 2174 1058 2224 parabat.

73 2230 123 2269 ita
150 2232 279 2269 censeo
308 2231 534 2269 scribendum
560 2257 570 2274 ,
608 2239 684 2265 non
715 2226 873 2263 obruerat
930 2227 968 2262 ὃς
1009 2225 1106 2273 apud

73 2281 220 2331 Apulej.
244 2283 338 2319 forte
362 2283 455 2319 Met.
475 2293 527 2318 ix.
556 2286 645 2316 Pone
661 2290 739 2315 eum
761 2283 925 2325 Myrmex
944 2276 1105 2325 sequeba-

72 2340 132 2367 tur
150 2331 296 2368 vinculis
315 2331 460 2379 obsutus.
486 2345 519 2368 os
541 2329 692 2375 consuere
719 2328 814 2375 apud
837 2328 1011 2364 Senecam
1038 2326 1105 2374 Ep.

74 2391 194 2417 vaix.
222 2382 291 2425 Sic,
303 2381 346 2429 fit
357 2381 460 2429 utisti
478 2381 516 2418 de
529 2379 664 2416 domino
684 2378 872 2427 loquantur
886 2404 898 2423 ,
923 2376 1045 2426 quibas
1057 2390 1107 2413 co-

74 2441 153 2465 ram
179 2430 311 2468 domino
336 2432 428 2479 loqui
459 2444 525 2467 non
555 2430 642 2466 licet.
691 2435 745 2464 At
772 2429 825 2463 illi
845 2456 854 2471 ,
890 2428 1012 2476 quibus
1038 2441 1106 2463 non

73 2487 214 2515 tantum
227 2493 339 2517 coram
348 2481 493 2516 dominis
507 2507 517 2523 ,
531 2479 591 2527 sed
611 2476 768 2524 cumipfis
780 2487 853 2512 erat
869 2480 979 2530 Jermp
992 2503 1000 2519 ,
1023 2490 1106 2525 quo-

69 2541 152 2565 rum
171 2542 204 2565 05
218 2542 284 2565 non
296 2529 514 2578 consuebatur
526 2527 661 2576 ,parati
679 2535 779 2561 erant
797 2536 855 2572 pro
875 2525 1011 2560 dommo
1029 2536 1105 2572 por-

70 2578 174 2626 rigere
186 2580 364 2616 cervicem.
385 2590 478 2628 quae
491 2577 645 2616 totidem
663 2576 738 2612 fere
761 2575 875 2612 verbis
893 2575 1104 2612 Macrobius

65 2627 130 2667 fibi
162 2629 375 2667 vindicavit.
401 2630 460 2666 lib.
483 2642 508 2666 i.
542 2628 681 2664 Saturn.
709 2636 784 2673 cap.
811 2637 863 2662 11.
891 2623 938 2661 fic
972 2624 1104 2662 Noster

65 2677 166 2726 supra
188 2705 198 2722 ,
236 2679 385 2715 verubus
406 2677 584 2726 transsuta
599 2676 743 2724 salignis
767 2679 871 2711 Exta.
916 2673 975 2711 ubi·
1006 2675 1101 2711 male

65 2729 170 2767 multi
188 2729 379 2776 exscriptis
392 2757 401 2773 ‚
430 2727 602 2774 transfixa
620 2756 629 2769 ‚
644 2726 700 2764 vel
720 2726 914 2773 transjecta.
942 2725 1100 2770 transsu-

63 2788 113 2816 τος
133 2779 252 2828 Oedipi
278 2779 373 2827 pedes
402 2778 493 2817 dixit
519 2779 653 2815 Seneca
683 2775 878 2814 Phoenissis
916 2786 996 2823 pag.
1016 2787 1100 2823 25⁴³·

63 2830 166 2878 quod
195 2830 289 2867 male
320 2838 527 2870 mutarunt;
566 2828 623 2865 sed
651 2827 744 2863 bene
776 2824 917 2863 afferuit
948 2826 1098 2863 Grono-

61 2881 155 2918 vius.
193 2881 344 2928 consuere
365 2881 401 2916 ὅ(
422 2879 551 2925 infuere
573 2880 609 2915 ὅ(
624 2879 721 2926 suere
743 2876 849 2912 verba
878 2875 955 2913 satis
976 2876 1096 2913 obvia.

57 2931 209 2979 praesnti
225 2929 412 2976 frondibus
440 2927 561 2977 Thyrfi
585 2927 680 2976 apud
713 2927 888 2963 Nostrum
920 2927 1013 2963 Met.
1045 2939 1099 2963 xi.

61 2980 157 3029 apud
191 2980 393 3030 Apulejum
422 2988 547 3017 tamen
576 2979 636 3016 lib.
666 2989 716 3015 vi.
747 2977 864 3014 Miles.
893 2976 954 3014 sub
982 2976 1095 3015 finem

58 3030 162 3078 quod
202 3042 353 3077 magnus
393 3030 547 3078 Scaliger
584 3028 765 3066 scribebat.
807 3033 909 3075 Super
947 3027 1090 3077 aliquod

51 3081 182 3127 saxum
202 3081 395 3130 ſsruposum
419 3108 429 3124 ,
455 3078 654 3123 infutitium
677 3106 686 3121 ,
715 3077 930 3124 &fartilem
950 3076 1087 3128 afinum

60 3138 215 3176 exponere
235 3158 245 3175 ,
281 3142 324 3170 (9·
343 3131 421 3178 solis
450 3129 604 3167 ardentis
632 3128 813 3177 vaporibus
843 3128 985 3164 tradere.
1021 3141 1087 3176 pro

58 3189 135 3227 quo
153 3179 189 3215 iu
207 3181 354 3229 vulgatis
372 3181 440 3224 est,
461 3179 850 3230 infititium‚neutrum
866 3178 1005 3226 pofl'um
1027 3190 1090 3226 ap·
1145 3181 1184 3211 ut
1205 3185 1253 3221 po

2039 405 2228 463 Hosti-

1177 547 1391 587 minutatim
1411 546 1588 585 concisca.
1626 545 1709 583 vide
1729 542 1980 582 Macrobvii.
2006 543 2121 580 Satur.
2140 552 2222 593 cap.

1178 601 1213 637 8.
1255 597 1427 647 ificiaeum
1456 598 1557 645 quod
1586 595 1771 646 ejusmodi
1798 594 1961 631 carnibus
1992 594 2125 631 fartum
2155 598 2220 633 est.

1177 650 1276 699 apud
1297 647 1671 697 Apicium,valvulae
1693 646 1845 695 isiciatae
1858 673 1867 688 ,
1880 646 1916 681 ἃ
1937 643 2060 680 circelli
2085 642 2220 690 ficia-ti.

1178 700 1360 738 vetustum
1393 699 1653 747 Epigramma,
1680 696 1785 746 quod
1815 696 1937 733 videre
1962 695 2068 731 nobis
2095 697 2133 732 ὃς
2155 695 2220 742 ds:-¹

1176 752 1327 791 scribere
1347 750 1475 795 licuit,
1501 761 1545 786 ex
1565 749 1676 796 longe
1694 746 1943 796 antiquiffimo
1965 745 2097 784 codice

1529 826 1861 867 ESICIATA.

1227 908 1382 946 Amittit
1401 908 1550 957 proprias
1571 915 1722 942 vacuato
1748 913 1874 955 corpore
1895 918 2013 944 carnes

1224 959 1432 1010 Accepitque
1452 971 1575 996 novas.

1142 1052 1152 1062 .
1173 1035 1268 1072 quae
1293 1024 1400 1060 unice
1426 1023 1563 1060 faciunt
1581 1020 1627 1058 ad
1645 1019 1745 1057 hunc
1765 1019 1914 1067 Apuleii
1930 1020 2070 1058 locum.
2089 1029 2214 1063 totum

1174 1074 1414 1122 Epigramma
1441 1073 1636 1114 adderem,
1663 1070 1724 1108 sed
1754 1071 1864 1108 video
1886 1071 1922 1108 id
1949 1072 2026 1120 jam
2052 1073 2217 1123 divulga..

1173 1133 1250 1162 tum
1265 1123 1285 1162 a
1298 1123 1470 1162 Salmasio
1483 1125 1528 1160 ad
1540 1122 1676 1160 Histor.
1690 1124 1786 1170 Aug.
1799 1133 1880 1170 pag.
1892 1121 1975 1171 285.
1991 1121 2102 1168 ificius
2126 1137 2214 1174 ergo

1173 1175 1305 1213 Asinus
1331 1175 1390 1213 vel
1419 1172 1556 1223 inficias
1577 1201 1587 1216 ‚
1624 1171 1725 1221 quod
1756 1173 1866 1209 malo.
1895 1184 1980 1210 cuin
2004 1174 2042 1210 ὃς
2064 1174 2215 1212 Macro-

1172 1225 1250 1264 bius
1268 1237 1349 1263 eam
1377 1225 1553 1263 scribendi
1580 1224 1762 1261 rationem
1784 1223 1972 1271 sequatur,
2000 1223 2059 1260 vel
2078 1224 2215 1272 inficia-

1171 1286 1228 1313 tus
1254 1277 1353 1314 idem
1382 1277 1447 1326 qui
1478 1276 1515 1312 &
1537 1273 1672 1312 fartilis.
1733 1273 1927 1322 Ejusmodi
1951 1286 2107 1322 porcum
2138 1276 2215 1314 aliis

1172 1327 1387 1365 animalibus
1419 1327 1592 1363 refertum
1623 1325 1780 1361 Porcum
1815 1323 2027 1373 Trojanum
2058 1326 2216 1372 appellat

1172 1378 1342 1415 Macrob.
1372 1389 1416 1413 ii.
1455 1376 1570 1413 Satur.
1590 1386 1625 1423 9.
1672 1375 1785 1411 Nunc
1811 1374 1857 1411 de
1893 1386 2035 1413 maena.
2074 1376 2214 1415 Maena

1167 1428 1354 1476 pisciculus
1374 1427 1532 1464 marinus
1547 1453 1558 1470 ,
1585 1426 1646 1474 qui
1668 1425 1817 1462 Graecis
1835 1426 1972 1470 μαινῖς,
2000 1438 2075 1463 non
2088 1428 2214 1474 magni

1167 1479 1305 1527 pretii,
1324 1479 1362 1515 ὅτ
1400 1477 1469 1514 sale
1497 1476 1639 1514 condiri
1667 1476 1790 1513 solitus
1816 1476 1854 1513 in
1887 1476 1975 1515 vasis
2005 1476 2079 1514 five
2106 1478 2214 1516 orcis.

1169 1530 1270 1568 Hinc
1290 1527 1453 1573 Persius,
1481 1527 1552 1565 Sat.
1572 1539 1634 1564 111.
1658 1528 1715 1573 76.

1220 1601 1419 1644 Maenaque
1439 1595 1530 1646 quod
1547 1594 1666 1644 primd
1685 1594 1839 1631 nondum
1861 1592 2015 1640 defecerit
2034 1592 2124 1631 orcd.

1167 1667 1278 1709 arque
1304 1660 1378 1697 hoc
1408 1659 1456 1696 est
1478 1658 1581 1708 quod
1606 1657 1781 1696 Martialis
1817 1658 1893 1696 vult
1912 1658 1972 1696 lib.
1991 1670 2076 1697 xri.
2098 1658 2209 1707 Epist.

1167 1721 1305 1748 xxxii.

1216 1773 1322 1821 Fuisse
1334 1784 1444 1821 gerres
1456 1782 1561 1822 atque
1575 1770 1714 1809 inutiles
1731 1779 1875 1807 maenas

1216 1824 1309 1860 Odor
1326 1825 1518 1873 impudicus
1537 1823 1627 1860 urcei
1639 1821 1842 1866 fatebatur,

1215 1874 1367 1924 Qcalem
1386 1874 1544 1911 marinae
1565 1871 1645 1921 visit
1666 1886 1755 1909 aura
1765 1871 1925 1922 piscinae.

1165 1937 1227 1975 ubi
1244 1938 1382 1976 nollem
1404 1937 1651 1975 doffiffimum
1683 1935 1946 1973 Rondeletium
1965 1933 2112 1973 haesisse
2126 1963 2135 1978 ‚
2163 1947 2208 1976 ac

1163 1987 1266 2026 hircii
1285 2001 1351 2036 pro
1370 1988 1460 2025 urcei
1478 1984 1683 2036 reposuisse.
1721 1986 1875 2023 Maenas
1893 1987 1992 2023 enim
2014 1987 2104 2024 saliri
2122 1986 2206 2025 soli·

1161 2046 1213 2076 tas
1234 2051 1279 2076 ex
1299 2040 1405 2076 Plinii
1424 2049 1575 2087 quoque
1593 2038 1680 2074 loco
1698 2049 1775 2078 non
1799 2047 1875 2073 uno
1897 2046 2204 2085 apparet.·oppo-

1160 2090 1215 2127 nit
1235 2101 1292 2126 eas
1306 2089 1505 2138 ,acipenseri
1535 2089 1668 2126 Cicero
1697 2087 1757 2124 lib.
1779 2099 1824 2124 Π.
1853 2086 1898 2123 de
1927 2087 2093 2125 Finibus:
2123 2089 2202 2138 §Qui

1161 2140 1376 2189 voluptatem
1402 2149 1646 2182 contemnunt,
1673 2138 1716 2174 eis
1733 2138 1809 2174 licet
1837 2136 1967 2181 dicere,
1986 2139 2024 2185 se
2041 2140 2213 2189 alpense-

1162 2204 1233 2228 rem
1251 2204 1393 2227 maenae
1423 2204 1491 2227 non
1517 2198 1726 2238 anteponere.
1763 2187 1822 2225 Ad
1853 2188 2051 2226 exilitatem
2075 2202 2202 2231 earum

1161 2242 1286 2279 alludit
1306 2242 1504 2285 Martialis,
1533 2252 1616 2277 cum
1637 2239 1754 2275 breves
1779 2251 1919 2275 maenas
1939 2239 2070 2277 alicubi
2090 2240 2203 2287 dicit,

1163 2301 1203 2329 ut
1225 2294 1261 2329 ὅ(
1283 2293 1466 2329 Aruobius
1482 2319 1492 2335 ,
1512 2303 1594 2328 cum
1616 2289 1791 2338 pistricum
1809 2300 2071 2327 &maenarum
2092 2293 2204 2330 domi·

1163 2356 1248 2378 num
1277 2343 1494 2391 Neptunum
1513 2341 1678 2389 appellat.
1706 2338 1852 2377 Glossae
1872 2339 2066 2387 Stephani,
2094 2346 2204 2386 Μενῖς

1163 2391 1326 2437 ἰχθύδιον.
1366 2394 1493 2441 Lege,
1523 2393 1660 2433 Μαινῖς·
1699 2390 1875 2439 quicquid
1898 2390 1991 2427 ordo
2011 2391 2197 2430 literarum

1162 2444 1212 2480 isti
1240 2443 1391 2480 leffioni
1419 2449 1608 2490 repugnat.
1644 2440 1705 2486 Jus
1726 2441 1944 2476 Maenarum
1968 2441 2004 2476 in
2035 2442 2198 2486 Lucilio,

1161 2495 1262 2541 quod
1285 2493 1381 2538 apud
1403 2493 1570 2528 Nonium
1601 2490 1759 2526 occurrit
1779 2516 1788 2532 ‚
1813 2489 2049 2535 pulmentaria
2076 2501 2114 2526 ut
2140 2492 2199 2529 in.

1160 2543 1282 2589 mbas,
1311 2551 1374 2577 aut
1404 2541 1524 2590 aliqua
1541 2539 1579 2575 id
1604 2551 1706 2587 genus
1733 2537 1859 2582 herba,
1887 2549 1930 2577 ω’
1951 2539 2012 2586 jus
2045 2546 2198 2579 Maena-

1159 2604 1250 2628 rum.
1278 2600 1352 2628 erat
1381 2591 1479 2628 enim
1507 2590 1605 2627 cibus
1634 2589 1831 2625 hominum
1854 2589 2080 2636 plebejorum
2106 2603 2196 2639 pau-

1159 2642 1346 2689 perrimus.
1374 2653 1450 2690 quo
1481 2640 1574 2677 refer
1593 2639 1790 2687 Pomponii
1810 2638 1866 2675 illa
1888 2651 1932 2676 cx
1950 2640 2076 2688 Majali
2098 2643 2194 2691 apud

1159 2692 1318 2728 eundern
1335 2692 1501 2728 Nonium
1532 2691 1569 2727 iri
1583 2689 1740 2726 revortit.
1767 2694 1923 2725 caenam
1935 2690 2111 2737 quaeritat
2131 2720 2141 2736 ,
2159 2692 2200 2742 fi

1153 2755 1231 2778 eum
1260 2755 1356 2778 nemo
1372 2752 1497 2785 vocat,
1526 2740 1667 2777 domum
1689 2739 1834 2775 revortit
1860 2739 2005 2786 maestus
2028 2742 2081 2776 ad*
2096 2756 2192 2779 mae-

1154 2805 1238 2828 nam
1259 2792 1369 2837 miser.
1399 2794 1447 2829 ita
1470 2792 1576 2839 lego,
1605 2790 1664 2827 ubi
1686 2790 1733 2825 ad
1751 2790 1905 2836 mensam
1927 2792 2199 2832 circumfertur.

1153 2844 1266 2889 Apud
1286 2843 1492 2879 Martialem
1508 2852 1675 2890 quoque,
1688 2841 1747 2878 ubi
1769 2841 1961 2889 quiritatur
1981 2840 2025 2879 de
2039 2842 2209 2883 basiat&²<

1152 2905 1232 2931 rum
1245 2894 1536 2941 importunitate.
2186 2889 2195 2893 ”

1205 2957 1294 2994 Hinc
1313 2956 1416 3003 instat
1441 2955 1505 2992 tibi
1527 2964 1639 2992 textor
1655 2982 1664 2997 ,
1693 2953 1771 2990 inde
1786 2952 1906 3001 fullo,

1204 3007 1406 3055 Hincsutor
1433 3006 1528 3042 modo
1544 3005 1628 3055 pelle
1647 3003 1777 3050 hastata
1794 3033 1803 3048 ,

1193 3059 1286 3094 Hinc
1306 3068 1411 3094 mente
1434 3057 1594 3094 (lominus
1612 3054 1794 3105 pediculofi
1814 3082 1842 3100 ,.

1198 3109 1283 3144 hinc
1303 3107 1503 3154 defioculus,
1531 3120 1574 3147 <5⁴
1591 3106 1670 3142 inde
1691 3105 1828 3155 lippus.»

1257 3173 1390 3210 stremo
1412 3173 1515 3210 versu
1546 3172 1704 3221 primurn
1728 3169 1972 3217 defungamur
1997 3195 2009 3212 ,
2046 3155 2206 3216 deflecta?

57 3228 314 3274 probare.cum
335 3231 535 3269 existimem
549 3230 774 3267 scribendum
791 3227 859 3265 effe
875 3257 884 3271 ,
906 3227 1035 3276 ificium
1049 3239 1092 3268 ω’
1146 3224 1199 3259 lus
1221 3223 1281 3260 ille
1308 3235 1385 3260 non
1405 3222 1453 3259 est
1475 3223 1594 3261 nauci.
1620 3228 1744 3269 peccat
1767 3228 1950 3267 praeterea
1973 3218 2101 3265 syllaba
2121 3228 2188 3263 po-

49 3276 234 3329 ffirtilem,
249 3279 318 3318 .ve1
335 3278 486 3330 inficiam
499 3307 512 3327 ,
539 3280 599 3320 vel
619 3278 809 3331 ificiatum.
837 3278 982 3319 lsicium
1005 3291 1088 3319 caro
1145 3274 1276 3314 strema
1297 3282 1464 3321 correpta
1484 3275 1523 3312 iri
1540 3273 1661 3322 legem
1684 3270 1874 3311 metricam
1887 3283 1900 3313 ς
1929 3279 2013 3305 cuin
2033 3263 2188 3314 produci

2103 3323 2205 3350 Cam'·

1324 3325 1415 3374 ,ΕΞ-3
