2495 3675
366 156 928 224 EPISTOLARUM
965 158 1075 217 EX
1111 155 1396 216 PONTO.
1434 157 1555 215 Lm.
1595 161 1653 218 ΙΙ.
1693 163 1868 225 Emsr.
1905 168 2003 228 IX.

2152 187 2251 245 791

402 259 561 314 Fama
582 259 780 330 loquax
805 255 994 309 vestras
1024 253 1060 307 si
1079 255 1187 323 jam
1213 251 1456 326 pervenit
1483 251 1548 306 ad
1573 270 1753 318 aures,

478 331 577 385 Me
603 332 696 385 tibi
723 329 936 383 finitimi
962 339 1110 398 parte
1137 327 1306 390 iacere
1333 326 1458 388 soli;

261 424 291 476 5
404 404 661 475 Supplicis
686 401 909 462 exaudi,
939 401 1194 469 juvenum
1223 398 1521 462 mitiffime,
1559 415 1780 455 vocem:

471 479 758 548 Quamque
785 489 937 543 potes
961 470 1193 542 profugo
1221 475 1375 541 (nam
1401 473 1589 543 potes>
1625 471 1753 527 affer
1777 489 1952 543 opem.²

401 550 499 607 Me
530 550 763 603 Fortuna
791 545 885 597 tibi
913 545 1019 612 (de
1044 560 1147 614 qua
1173 561 1239 606 ne
1266 562 1592 615 conquerar,
1629 545 1733 600 hoc
1760 547 1868 614 est)

475 620 760 678 Tradidit;
803 618 906 670 hoc
934 632 1040 669 uno
1068 633 1175 668 non
1200 616 1408 669 inimica
1435 617 1577 670 mihi.
1845 634 1854 648 ²

398 695 605 765 Excipe
630 689 960 760 naufragium
986 705 1095 741 non
1120 688 1257 741 duro
1281 689 1437 742 litore
1464 689 1726 755 nostrum,

262 789 328 825 10

110 1045 190 1072 non
203 1027 575 1071 indoctisservatum,
598 1035 682 1063 cum
693 1024 855 1072 priorem
879 1021 1153 1070 inscriptionem

112 1097 158 1123 ex
173 1083 248 1133 ipso
271 1080 433 1119 carmine
451 1076 604 1125 probare
622 1085 731 1125 atque
744 1073 1152 1128 afferereliceretdntia

113 1135 216 1173 enim
239 1135 274 1172 in
295 1131 424 1169 eadem
447 1128 572 1175 Elegia
593 1136 742 1175 ponitur
761 1154 770 1170 ‚
800 1130 829 1161 Ο
849 1129 957 1173 Coty,
984 1135 1152 1173 progenm

115 1186 221 1233 digna
244 1193 385 1232 parente
408 1191 477 1216 tuo.
506 1178 569 1215 ubi
591 1180 782 1215 vocativus
813 1182 900 1224 Coty
925 1203 934 1216 ,
962 1187 1036 1212 non
1057 1173 1077 1212 a
1098 1186 1151 1212 re-

115 1235 177 1273 sto
210 1234 330 1271 Cotius
354 1260 363 1276 ‚
404 1231 464 1268 sed
495 1227 516 1266 a
549 1232 653 1276 Cotys
685 1228 780 1265 tertii
814 1226 949 1263 ordinis
983 1225 1152 1262 flestitur.

114 1288 214 1325 Nam
235 1286 271 1322 in
293 1285 304 1321 i
325 1280 511 1325 vocativi,
534 1278 557 1315 fi
581 1278 598 1315 a
623 1277 779 1316 secunda
792 1277 1037 1314 declinatione
1051 1275 1153 1320 fiant,

109 1337 304 1383 &longum
336 1332 483 1370 habent.
535 1328 688 1371 Tertiae
712 1337 834 1366 autem
868 1338 942 1366 tam
981 1341 1001 1375 y
1039 1326 1152 1374 psilo,

111 1399 224 1437 quam
258 1385 270 1422 i
299 1382 527 1425 desinentes,
557 1382 814 1428 corripiuntur.
868 1378 981 1426 Cujus
1010 1378 1060 1414 rei
1081 1380 1152 1414 'ex-

115 1438 235 1485 empla
263 1434 386 1484 passim
425 1432 548 1469 obvia.
600 1430 725 1479 Atque
756 1428 933 1467 haetenus
959 1427 1010 1484 'de
1034 1427 1157 1464 inscri-

115 1498 258 1538 ptione.
290 1486 413 1523 Altera
446 1482 627 1519 dubitatio
650 1481 699 1518 est
718 1481 762 1518 de
790 1493 836 1518 eo
859 1507 870 1524 ,
903 1488 1072 1527 quisnam
1098 1479 1157 1515 hic

114 1539 235 1587 Cotys
259 1537 377 1574 fuerit.
426 1534 564 1570 Utrum
597 1530 695 1569 idem
726 1532 785 1568 ille
806 1558 817 1575 ‚
842 1531 906 1579 qui
928 1527 948 1566 a
978 1529 1157 1567 Suetonio

116 1589 230 1634 Conso
251 1587 474 1636 appellatur,
501 1584 602 1632 cujus
629 1580 738 1619 filiam
770 1580 832 1619 sibi
865 1590 1018 1618 uxorem
1041 1580 1158 1628 depo-

117 1636 281 1690 poscerat
314 1634 494 1683 Augustus
519 1661 529 1678 ,
570 1640 607 1670 ut
636 1632 686 1670 illi
707 1631 750 1670 ab
773 1631 943 1668 Antonio
965 1630 1157 1680 objectum

117 1691 186 1729 fuit
211 1703 218 1726 :
249 1700 292 1725 an
316 1698 404 1724 vero
427 1686 453 1722 is
477 1712 487 1728 ,
524 1685 588 1731 qui
611 1689 717 1720 Cotus
747 1682 887 1720 Caesari
909 1681 1064 1724 dicitur,
1092 1693 1158 1720 cu-

113 1742 173 1791 jus
194 1739 284 1777 filius
303 1736 451 1787 sajales,
484 1734 557 1771 five
586 1742 625 1771 ut
655 1734 711 1771 alii
741 1734 869 1782 legunt
920 1731 1088 1776 sudatus,
1118 1733 1158 1771 in

117 1790 280 1829 exercitu
293 1787 459 1835 Pompeji
477 1786 566 1823 fuit:
594 1796 637 1821 an
661 1794 770 1822 etiam
785 1785 988 1821 alterutrius
1008 1783 1154 1820 iliorum

117 1841 222 1880 filius.
252 1839 331 1883 Ego
355 1847 476 1875 autem
500 1838 537 1873 ὅ(
559 1845 771 1883 temporum
795 1835 975 1872 rationem
1002 1832 1157 1882 sequen-

117 1892 194 1936 do,
223 1892 258 1926 &
289 1888 460 1937 personae
486 1887 698 1935 qualitatem
721 1914 732 1930 ,
771 1887 808 1923 &
839 1885 1031 1933 ingenium
1070 1895 1155 1922 curn

117 1943 187 1981 hac
208 1940 450 1987 descriptione
472 1939 666 1974 conferens
681 1964 691 1979 ,
718 1937 764 1974 de
783 1949 830 1973 eo
847 1936 950 1984 Coty
972 1935 1033 1971 hic
1050 1934 1160 1972 intel·

118 1993 196 2041 ligo
220 2019 230 2034 .
268 1990 369 2039 cujus
397 1997 541 2026 mentio
567 1986 607 2024 fit
635 1987 732 2034 apud
764 1987 940 2023 Tacitum
974 1984 1033 2022 lib.
1055 1994 1091 2021 2.
1119 1985 1157 2022 ὃ(

120 2054 234 2092 quem
263 2041 360 2079 idem
393 2048 499 2077 autor
524 2065 535 2083 ,
574 2045 613 2074 ut
647 2039 684 2073 δι
712 2036 839 2074 Strabo
864 2063 874 2078 ‚
909 2040 1033 2084 Cotym
1056 2061 1067 2077 ,
1094 2046 1159 2083 per

119 2107 143 2143 y
163 2092 278 2142 psilon
298 2092 479 2128 nominat.
516 2088 550 2126 Is
569 2087 669 2124 enim
693 2088 731 2125 ὃ(
753 2086 980 2134 temporibus
1003 2085 1155 2132 Augusti

120 2143 296 2190 supremis
317 2142 408 2179 vixit
424 2169 433 2183 ‚
467 2140 504 2177 &
523 2139 566 2176 ab
584 2137 719 2175 eodem
735 2138 899 2186 Augusto
921 2137 1021 2181 regni
1037 2135 1139 2173 Thra

118 2192 234 2231 censis
254 2200 394 2239 partem
419 2191 571 2237 accepit.
622 2187 705 2225 Fuit
737 2196 861 2225 autem
892 2187 918 2224 is
947 2184 1038 2223 filius
1058 2187 1158 2224 Rhe·

118 2243 307 2286 metalcis‚
333 2250 374 2278 ut
397 2240 494 2276 idem
518 2238 671 2276 Tacitus
692 2237 822 2281 tradit,
849 2236 951 2283 cujus
970 2236 1061 2273 haec
1079 2235 1160 2274 sunt

119 2293 264 2332 verba:
296 2291 403 2340 Igitur
433 2286 666 2336 Rhescuporim
695 2300 826 2338 quoque
853 2285 1020 2323 Thraciae
1051 2299 1158 2334 regem

118 2343 197 2387 astu
223 2341 430 2390 aggreditur.
457 2340 655 2388 (Tiberius
684 2338 753 2375 scil.
780 2338 826 2376 de
847 2347 894 2374 eo
918 2337 1016 2374 enirn
1034 2336 1158 2386 loqui-

120 2398 205 2438 tur)
234 2405 368 2428 omnem
397 2404 474 2428 eam
510 2389 684 2426 nationem
710 2387 940 2425 Rhemetalces
973 2397 1155 2424 tenuerat.-

122 2458 188 2496 quo
215 2442 394 2490 defuneto,
420 2439 595 2487 Augustus
608 2448 743 2487 partem
771 2438 944 2475 Thracum
970 2438 1155 2486 Rhescupo-

121 2496 218 2537 ridi,
246 2491 355 2537 tratri
381 2495 474 2540 ejus,
496 2500 633 2537 partem
646 2487 722 2535 filio
742 2490 843 2537 Cotyi
860 2485 1023 2537 perrmfit.
1054 2494 1089 2524 0'n
1114 2501 1153 2525 ea

121 2543 288 2594 divifione
307 2555 400 2578 arva
420 2552 463 2581 θ’
483 2540 578 2578 urbes
593 2567 603 2584 ,
628 2550 672 2579 (θ’
699 2539 821 2575 vicina
839 2538 998 2580 Graecis,
1028 2539 1153 2586 Cotyi.-

122 2597 213 2644 quod
230 2593 402 2630 incultum
416 2619 426 2636 ,
447 2592 546 2638 ferox
562 2619 571 2633 ,
592 2589 769 2626 adnexum
781 2588 946 2636 hostibus,
976 2588 1156 2637 Rhescupo-

122 2646 193 2683 ridi
215 2643 309 2690 ceffit.
366 2644 580 2691 Ipsorumque
606 2653 721 2688 regum
749 2639 908 2688 ingenia,
935 2638 990 2675 illi
1009 2639 1093 2675 mite
1112 2650 1155 2678 &⁴

121 2704 328 2734 amoenum:
357 2692 436 2728 huic
453 2701 581 2736 atrox,
607 2690 780 2734 avidum,
807 2701 850 2730 <9¹
862 2689 1033 2737 societatis
1044 2690 1155 2736 impa-

121 2747 210 2783 tiens
227 2755 327 2788 erat,
355 2744 423 2781 &c
455 2742 571 2789 Quod
592 2741 691 2778 idern
712 2741 788 2778 fere
811 2742 849 2777 &
874 2740 999 2778 Strabo
1023 2740 1157 2777 indicat

122 2795 184 2835 lib.
208 2805 265 2833 12.
285 2796 348 2843 qui
372 2799 537 2839 Sapaeum
550 2793 743 2835 nominat,
771 2790 791 2827 a
812 2790 925 2838 sapis,
955 2790 1158 2828 Thracenst

125 2846 287 2894 populo,
314 2845 444 2893 quibus
473 2843 534 2881 ille
562 2841 756 2889 imperavit
779 2868 790 2885 ,
825 2852 920 2888 quos
945 2840 1095 2878 eosdem
1118 2842 1157 2878 ὃ(

125 2897 272 2940 Sinties,
303 2898 338 2932 ὅ(
362 2896 495 2938 Sintoi,
515 2893 666 2947 &Nsajos
686 2891 883 2940 appellatos
905 2891 1015 2934 dicit,
1042 2891 1158 2928 addit-

124 2958 227 2995 que:
267 2946 406 2985 πάντες
436 2946 506 2988 step
536 2946 627 2980 οὑτοι
657 2944 737 2984 περὶ
771 2940 914 2984 αὔδικρα
941 2945 1004 2980 τὴν
1031 2943 1160 2979 οἴκησιν

124 2996 245 3043 εἶχον,
270 2997 330 3032 καῖ
351 2996 419 3036 τὰς
441 2997 522 3038 περὶ
539 2995 678 3037 Λῆμνον
696 2994 823 3034 νήσους.
850 2991 984 3029 Fuit&
1004 2991 1160 3029 affinita-

122 3055 159 3084 te
182 3059 263 3084 cum
288 3046 495 3084 Polemone
510 3072 520 3088 ,
549 3057 632 3093 rege
655 3045 784 3087 Ponti,
801 3042 961 3090 junCtus.
999 3042 1069 3079 Sed
1090 3043 1160 3079 hac

121 3097 168 3134 de
188 3108 225 3133 re
247 3098 460 3134 Strabonem
484 3095 579 3132 vide.
610 3095 718 3132 Periit
738 3103 860 3131 autem
881 3094 940 3129 hic
961 3092 1078 3141 Cotys
1098 3093 1160 3130 sub

122 3146 266 3185 Tiberii
297 3148 498 3194 principatu
515 3174 524 3189 ,
552 3157 616 3194 per
643 3144 808 3182 fraudem
833 3142 853 3180 a
883 3143 1159 3189 Rhescuporide

118 3208 250 3246 patruo
266 3224 277 3240 ,
303 3196 388 3233 dum
409 3197 455 3234 de
468 3198 567 3245 regni
595 3194 726 3233 finibus
745 3196 838 3232 inter
857 3194 889 3231 se
903 3193 1156 3238 contendunt,

115 3257 269 3285 vocatus
298 3248 342 3283 ad
376 3248 591 3284 convivium
615 3275 625 3290 ,
663 3247 702 3284 ὅ(
730 3246 824 3283 inter
853 3244 945 3281 sacra
967 3243 1156 3292 hospitalia

112 3298 256 3338 vinetus
277 3306 388 3347 atque
408 3296 581 3341 abductus
593 3324 606 3344 ,
631 3309 724 3338 mox
744 3296 789 3336 ab
808 3295 945 3334 eodem
967 3295 1080 3334 etiam
1091 3306 1158 3345 οε-Γ

472 767 557 821 Ne
578 764 739 819 fuerit
764 766 905 818 terra
928 760 1094 815 tutior
1121 761 1265 816 unda
1292 764 1398 815 tua.

2132 888 2246 944 Rea

1210 1021 1312 1059 cisus.
1364 1022 1562 1062 Caeterum
1601 1023 1703 1073 quod
1732 1023 1779 1063 de
1809 1023 1983 1073 superiori
2010 1025 2134 1075 Elegia
2165 1028 2251 1064 moi

1209 1075 1356 1110 nuimus
1381 1101 1390 1116 ,
1428 1075 1526 1111 idem
1562 1075 1607 1113 de
1639 1077 1706 1113 hac
1738 1088 1890 1126 quoque
1924 1077 2075 1113 dubitari
2106 1078 2247 1124 potest,

1209 1133 1329 1161 utrum
1354 1125 1427 1161 hoc
1447 1126 1596 1163 demum
1628 1135 1821 1175 tempore,
1851 1128 1923 1165 hoc
1944 1128 1990 1165 est
2020 1138 2151 1174 quarto
2172 1128 2250 1165 exi-

1207 1174 1244 1211 lii
1265 1187 1362 1212 anno
1399 1175 1417 1212 a
1450 1180 1560 1223 poeta
1590 1176 1716 1225 scripta
1750 1179 1881 1222 fuerit,
1912 1189 1955 1215 an
1979 1179 2082 1216 citius
2148 1179 2251 1217 Cum

1207 1227 1308 1262 enim
1331 1226 1426 1263 dicat
1441 1254 1450 1270 ‚
1477 1233 1583 1263 Fama
1597 1227 1724 1277 loquax
1737 1228 1864 1275 vestras
1899 1230 2058 1265 &cnon
2072 1228 2149 1265 satis
2163 1240 2252 1276 pro-

1208 1275 1322 1313 babile
1345 1278 1392 1314 est
1406 1305 1415 1321 ‚
1438 1289 1570 1326 quarto
1588 1277 1738 1316 demum
1762 1291 1860 1316 anno
1879 1279 1923 1316 ad
1942 1279 2081 1328 Cotym
2101 1278 2253 1328 scripsist-⁴

1208 1326 1265 1371 se,
1293 1328 1336 1364 ad
1355 1339 1466 1376 quem
1487 1331 1609 1374 primo
1626 1329 1741 1367 statim
1765 1331 1860 1367 fama
1882 1330 2058 1367 exulantis
2080 1330 2250 1377 perveni-

1211 1389 1248 1414 re
1267 1377 1446 1426 potuili'et.
1479 1378 1524 1417 Et
1542 1379 1614 1428 ipse
1638 1384 1746 1428 poeta
1770 1392 1921 1429 quoque
1945 1380 2001 1417 inf
2017 1391 2037 1416 a
2059 1381 2182 1429 Elegia
2195 1380 2250 1418 ul-

1211 1429 1302 1465 tima
1322 1430 1429 1478 huJ'us
1450 1429 1526 1467 libri
1560 1430 1721 1475 indicat,
1749 1430 1783 1468 se
1812 1443 1888 1468 non
1910 1432 2079 1468 ordinem
2102 1439 2248 1478 tempo-

1212 1490 1292 1516 rum
1318 1480 1453 1529 ubique
1475 1480 1674 1519 observasse
1694 1484 1728 1518 in
1742 1482 1797 1519 his
1817 1481 2039 1518 'collocandis
2053 1509 2063 1525 ‚
2091 1480 2150 1518 sed
2163 1492 2248 1528 pro·

1215 1529 1352 1567 miscue
1371 1543 1412 1569 ac
1431 1541 1573 1570 temere
1595 1531 1763 1570 comestas
1781 1534 1818 1570 in
1840 1543 1956 1571 unum
1980 1530 2164 1570 addidisse.
2193 1531 2250 1570 Ita

1214 1581 1313 1618 enirn
1335 1580 1477 1630 inquit:

1263 1651 1344 1684 Non
1363 1645 1445 1683 liber
1465 1656 1504 1683 ut
1517 1646 1614 1694 fieret
1628 1676 1638 1692 ‚
1660 1648 1721 1696 sed
1742 1647 1796 1685 uti
1813 1648 1876 1695 sua
1896 1647 2016 1697 cuiq-ue
2033 1648 2177 1686 daretur

1315 1697 1448 1734 Littera
1461 1725 1471 1741 ‚
1495 1697 1695 1748 propositum
1709 1726 1721 1743 ,
1747 1712 1895 1748 curaque
1916 1698 2025 1746 nostra
2037 1699 2124 1744 suit.

1264 1747 1438 1789 Postmodo
1458 1748 1603 1785 collectos
1622 1762 1829 1799 utcunque,
1838 1748 1912 1797 fine
1935 1749 2073 1792 ordine,
2095 1749 2220 1797 junxit
2234 1762 2247 1788 ἕ

1316 1805 1388 1835 Hoc
1409 1808 1485 1845 opus
1504 1799 1645 1836 elec'lum
1670 1814 1710 1837 ne
1732 1800 1820 1836 mihi
1834 1804 1925 1846 forte
1939 1809 2046 1848 putes.

1214 1867 1284 1907 Sed
1297 1870 1342 1908 de
1352 1870 1426 1909 hoc
1437 1884 1510 1909 non
1525 1873 1573 1910 ita
1586 1871 1837 1910 laborandum.
1850 1872 2027 1909 Micnr..
2045 1872 2109 1908 Ad
2120 1878 2248 1922 Cotym

1215 1926 1334 1969 Regem
1356 1928 1559 1969 Sapaeorum
1577 1924 1668 1961 EXC.
1689 1924 1780 1960 Scal.
1797 1924 1861 1959 Ad
1883 1923 1986 1958 Corin
2010 1922 2174 1960 Thraciae
2194 1938 2248 1962 re-

1210 1984 1285 2018 gem
1317 1973 1403 2010 alius
1435 1975 1565 2011 codex.
1602 1975 1676 2011 vid.
1714 1973 1856 2021 Baptist.
1894 1973 2027 2021 Egnat.
2057 1974 2249 2014 Racemat.

1215 2033 1292 2070 cap.
1325 2033 1404 2059 x1v.
1445 2024 1590 2072 Cotyos
1621 2025 1819 2072 imaginem
1845 2026 1881 2060 in
1911 2035 2069 2060 nummo
2097 2035 2247 2063 cernere

1213 2070 1299 2108 licet
1319 2073 1414 2120 apud
1435 2073 1636 2123 Seguinum
1656 2074 1693 2111 in
1715 2074 1861 2111 Seleetis
1881 2072 2071 2111 Illustriutn
2099 2074 2248 2112 Numis-

1215 2124 1371 2160 maribus
1399 2135 1479 2173 pag.
1509 2133 1573 2172 42.
1610 2125 1733 2161 uxoris
1765 2135 1854 2160 vero
1884 2124 1963 2171 ejus
1989 2124 2248 2172 Pythodotidit

1215 2171 1313 2210 idem
1340 2174 1518 2222 Seguinus
1548 2172 1748 2212 nummum
1771 2175 1918 2210 exhibet
1942 2185 2024 2222 pag.
2051 2184 2113 2221 45.
2146 2175 2246 2214 Varii

1215 2233 1305 2261 vero
1325 2223 1399 2261 hoc
1425 2225 1580 2261 nomine
1592 2236 1692 2273 reges
1715 2224 1899 2262 Thraciae
1921 2225 2037 2261 fuere.
2057 2224 2104 2261 ita
2125 2224 2248 2265 Valer-

1214 2270 1317 2311 Max.
1336 2285 1398 2312 111.
1420 2286 1491 2312 vir.
1511 2275 1576 2312 Ex.
1599 2287 1632 2317 7.
1646 2275 1772 2323 Cotyn
1786 2275 2031 2323 antiquiorem
2049 2283 2247 2321 memorat.

1205 2323 1290 2370 jure
1304 2324 1458 2362 civitatis
1471 2325 1514 2362 ab
1529 2325 1807 2362 Athenicnhbus
1820 2325 2011 2361 donatum.
2025 2325 2157 2362 Athen.
2172 2337 2243 2364 xxt-

1211 2372 1247 2413 8.
1263 2375 1387 2423 Cotyn
1403 2385 1587 2413 memorat
1597 2377 1766 2413 omnium
1784 2376 1927 2423 Regum
1940 2375 2120 2412 Thraciae
2141 2377 2250 2415 luxu-

1208 2424 1454 2464 riosiffimum.
1483 2427 1656 2472 Xenoph.
1679 2428 1789 2462 etiarn
1818 2427 1853 2461 in
1875 2424 2043 2472 Agefilao
2056 2436 2134 2473 pag.
2157 2426 2249 2475 663.

1209 2474 1339 2523 Cotyn
1360 2478 1492 2520 refert,
1517 2477 1555 2513 &
1577 2476 1706 2525 pagina
1725 2476 1886 2523 sequenti
1917 2477 1955 2511 ὅ(
1984 2486 2028 2512 11.
2062 2474 2247 2514 Hellenic.

1210 2536 1290 2573 pag.
1315 2537 1397 2574 507.
1426 2537 1472 2562 eo
1504 2528 1658 2563 nomine
1689 2526 1957 2573 Paphlagoniae
1987 2536 2109 2573 regem
2143 2526 2249 2565 nobis

1210 2576 1368 2612 exhibet.
1379 2576 1490 2613 alium
1506 2577 1599 2612 forte
1612 2577 1881 2623 Harpocration
1899 2577 1933 2611 in
1956 2574 2249 2620 Κερσοβλέπτης.

1212 2626 1317 2662 multi
1339 2626 1397 2663 alii
1420 2627 1521 2663 fuere
1543 2627 1616 2663 hoc
1639 2627 1792 2663 nomine
1807 2653 1818 2669 ,
1844 2625 1888 2661 de
1912 2627 2086 2673 quibus&
2113 2627 2158 2663 de
2179 2638 2249 2664 no-

1211 2676 1281 2713 stro
1301 2676 1447 2723 copiose
1461 2677 1530 2725 agit
1546 2676 1674 2713 Bailius
1687 2677 1721 2713 in
1738 2677 1879 2712 Lexico
1900 2674 1976 2712 su0.
1991 2676 2035 2712 de
2049 2677 2080 2724 ej
2089 2688 2125 2713 us
2137 2676 2248 2715 stem-

1212 2734 1311 2764 mate
1325 2754 1334 2770 ,
1346 2727 1449 2775 quod
1466 2728 1509 2765 ab
1522 2727 1709 2776 Eumolpo
1722 2727 1913 2764 deducitur
1923 2753 1934 2771 ,
1946 2727 2036 2764 nihil
2053 2727 2144 2764 mihi
2158 2738 2250 2774 cong

1212 2777 1288 2814 stat.
1318 2777 1447 2815 Burin.

1266 2854 1301 2880 2.
1329 2850 1462 2882 Nomen
1477 2844 1565 2896 ad,]
1597 2845 1745 2883 Nomine
1766 2844 1810 2881 ab
1829 2855 1922 2881 unus
1942 2843 2100 2884 Heinfii.

1266 2923 1299 2957 ς.
1329 2912 1541 2963 Mirr'ffime.]
1572 2913 1768 2959 Dulciffime
1792 2914 1944 2962 Argent.

1264 2975 1298 3010 6.
1327 2976 1551 3025 Qamque.]
1575 2979 1724 3026 Qsaque
1744 2975 1896 3013 Moreti.

1266 3054 1300 3089 7.
1332 3045 1546 3090 Mefhrtuna
1569 3042 1657 3086 tibi,
1685 3042 1724 3077 de
1746 3054 1815 3087 qua
1836 3041 1928 3089 quod
1947 3055 2014 3079 non
2037 3043 2247 3092 queror-‚hoa

1214 3092 1280 3139 est,
1310 3094 1510 3132 Tradidit.l
1539 3094 1655 3137 Tres,
1669 3093 1758 3143 quod
1777 3105 1967 3141 conqueror.
1986 3094 2043 3131 sex
2059 3123 2069 3138 ,
2097 3108 2162 3130 non
2173 3107 2249 3130 con-

1214 3158 1344 3194 queror.
1379 3156 1472 3183 unus
1498 3145 1652 3181 Vatican
1697 3157 1763 3179 non
1796 3155 1994 3193 conquerar.
2053 3145 2178 3189 Lege,
2207 3155 2249 3179 ne

1214 3207 1411 3242 conquerar.
1444 3194 1576 3233 deinde
1598 3223 1608 3238 ‚
1646 3193 1805 3231 Prodidit
1837 3195 2067 3241 Argentinus
2104 3193 2250 3234 elegan-

1211 3252 1274 3282 ter.
1304 3245 1377 3282 hoc
1397 3245 1444 3281 est
1467 3245 1654 3293 exposuit,
1683 3244 1830 3294 objecit.
1858 3246 1984 3281 Heius
2025 3248 2076 3278 De
2096 3256 2161 3296 ¹quo
2182 3251 2251 3279 non

1213 3293 1394 3346 Conquerar
1417 3297 1562 3342 Jtinian.
1582 3307 1698 3342 mox,
1728 3308 1794 3333 non
1811 3294 1954 3334 inimica
1973 3293 2038 3329 loco
2058 3292 2153 3328 alius*

1393 3347 1577 3388 Hhhhh
1605 3356 1627 3385 2
2111 3352 2147 3388 9·
2175 3343 2250 3388 Εκέ
