2495 3675
1 1917 6 1921 .
72 1892 151 1924 Heu
171 1886 242 1923 alii,

439 169 1072 231 TRISTIUM
1156 168 1350 225 L113.
1425 166 1463 223 Ι.
1538 167 1851 226 ΕιΕο.ΙΙ.

378 275 457 329 At
481 290 653 336 nunc,
691 287 750 328 ut
776 289 1019 345 peream,
1057 268 1311 343 quoniam
1338 279 1483 322 caret
1507 266 1594 322 illa
1631 266 1867 338 periCIO,

450 345 692 400 Dimidia
715 359 862 400 certe
888 357 1036 416 parte
1062 341 1317 412 superstes
1344 355 1454 394 ero.

232 436 299 487 45
375 417 489 474 Hei
516 418 677 481 mihi,
713 435 874 489 quarn
897 415 1058 470 celeri
1085 415 1391 468 micuerunt
1417 411 1596 466 nubila
1623 411 1863 466 flamma!

446 491 692 563 Quantus
717 491 782 543 ab
809 488 1048 542 aetherio
1075 486 1317 558 personat
1340 502 1438 539 axe
1463 485 1666 555 fragor!

375 563 492 619 Nec
517 563 681 618 levius
707 560 912 614 tabulae
939 561 1163 613 laterum
1188 559 1454 612 feriuntur
1478 558 1540 611 ab
1567 556 1751 622 undiS,

444 637 621 707 Quam
648 650 808 703 grave
835 630 1042 685 balistae
1067 631 1278 684 moenia
1300 630 1464 701 pulsat
1490 647 1639 685 onus,

371 709 484 780 Qui
511 707 655 760 venit
681 705 768 759 hic
791 703 1012 768 Ηυὲὶυς,
1048 702 1238 757 fluetus
1261 703 1618 774 supereminet
1645 719 1859 757 omnes:

443 778 709 833 Posterior
734 794 880 831 nono
905 776 1008 839 est,
1046 775 1443 847 undecimoque
1470 775 1629 843 prior.

367 852 485 908 Nec
513 853 679 905 letum
708 850 905 903 timeo:
944 867 1109 920 genus
1134 848 1209 902 est
1234 847 1526 902 miserabile
1552 847 1661 902 leti.

432 924 653 978 Demite
678 921 1042 991 naufragium;
1082 938 1224 974 mors
1250 919 1379 974 mihi
1405 936 1595 973 munus
1621 920 1737 975 erit.

362 996 455 1052 Est
483 995 710 1067 aliquid,
747 994 926 1048 fatove
954 994 1048 1047 suo
1074 993 1284 1047 ferrove
1310 992 1594 1046 cadentem

438 1070 496 1123 ln
521 1068 686 1122 solida
709 1067 942 1120 moriens
964 1083 1169 1137 ponere
1195 1081 1387 1135 corpus
1416 1063 1605 1119 humo:

360 1143 432 1198 Et
457 1142 710 1195 mandare
737 1139 836 1192 suis
862 1137 1060 1210 aliquid
1077 1178 1092 1202 ‚
1129 1138 1337 1209 sperare
1361 1137 1623 1207 sepulcra,

437 1213 508 1269 Et
535 1231 645 1269 non
669 1212 948 1285 aequoreis
973 1210 1196 1283 piscibus
1220 1208 1323 1265 effe
1347 1210 1543 1264 cibum.

227 798 294 848 50

222 1166 249 1214 5
257 1163 285 1212 5

2092 1283 2134 1338 F
2137 1285 2217 1339 in-

72 1433 176 1477 aem,
193 1431 284 1480 quod
305 1427 408 1479 nescit
424 1425 580 1476 juvenis.
607 1425 646 1463 &
674 1426 723 1464 ita
746 1425 870 1474 paffim
892 1424 965 1464 alii.
991 1429 1020 1461 Ο
1040 1423 1120 1461 bene
1227 1434 1285 1470 ςῐ.
1313 1427 1427 1460 Genus
1456 1422 1500 1470 est
1528 1421 1730 1471 miserabile.
1750 1421 1767 1473 ]
1818 1421 2038 1471 Scaligerum
2066 1421 2218 1472 legiss‘e,‘

75 1483 166 1535 quod
188 1496 255 1519 non
269 1482 349 1530 sum
373 1492 502 1515 navem
522 1491 550 1514 c.
565 1477 676 1525 passus
698 1476 867 1513 Bernens.
1170 1485 1276 1522 genus
1296 1474 1346 1521 ast
1360 1502 1370 1518 ‚
1391 1474 1535 1512 notavit
1554 1473 1738 1512 Heinsius.

126 1547 185 1579 42.
213 1538 268 1570 At
282 1543 396 1574 nunc,
423 1539 461 1565 ut
482 1538 618 1578 peream
640 1555 650 1571 ‚
688 1527 852 1577 quoniam
872 1535 963 1564 caret
981 1525 1046 1563 illa
1062 1534 1120 1574 pe·
1186 1558 1194 1570 N
1226 1537 1284 1571 52.
1313 1530 1411 1561 Mors
1440 1525 1528 1563 mihi
1558 1537 1686 1563 munus
1712 1523 1814 1575 erin]
1877 1523 2013 1562 Seneca
2043 1524 2081 1562 in
2112 1523 2214 1573 Aga·

74 1584 179 1627 ricla,
208 1581 369 1619 Dimidia
397 1589 481 1615 certe
507 1588 602 1624 parte
613 1577 771 1626 superstes
787 1576 878 1626 ero.]
932 1578 1117 1625 Quamvis
1174 1586 1404 1612 memnone:

72 1635 264 1683 naufragio
285 1632 376 1669 mihi
404 1631 476 1666 vita
493 1628 692 1671 adimatur,
718 1627 899 1665 incolumi
918 1639 1002 1665 mea
1023 1639 1117 1666 uxo-

67 1696 108 1723 re
137 1688 262 1722 vivere
284 1682 373 1720 mihi
393 1679 542 1729 quidem
565 1678 728 1715 videbor.
756 1678 870 1716 Cior.

122 1747 180 1782 45.
210 1734 272 1770 Hei
295 1731 420 1780 mihil]
460 1731 565 1766 Unus
596 1728 716 1766 Vatic.
740 1730 782 1765 Ei
804 1729 879 1766 sine
905 1729 1113 1777 adspiratio-

77 1797 138 1823 ne.
166 1782 488 1822 reete:deducitur
505 1781 605 1817 enim
624 1779 667 1816 ab
680 1779 838 1828 ejulandi
853 1780 978 1817 verbo.
1013 1780 1112 1818 Vide

76 1848 171 1884 quae
193 1834 322 1872 notavi
338 1834 376 1870 in
405 1830 506 1880 Eleg.
532 1842 588 1868 11.
606 1829 668 1867 lib.
690 1842 721 1868 1.
747 1829 793 1868 de
814 1830 949 1868 Ponto.
999 1830 1112 1868 Cror.

1172 1694 1204 1731 C
1223 1650 1321 1681 Mors
1341 1643 1430 1681 mihi
1451 1643 1516 1681 erit
1531 1642 1709 1696 securitas.

1210 1707 1341 1732 IOFAN.

1224 1768 1283 1802 53.
1310 1756 1367 1800 Est
1388 1756 1547 1805 aliquid,
1563 1759 1708 1808 fatoque
1719 1756 1781 1806 suo
1799 1757 1962 1806 ferroque
1981 1754 2156 1791 cadentem
2172 1758 2212 1790 In

1160 1807 1276 1856 fhlida
1296 1807 1441 1844 moriens
1457 1818 1576 1856 ponere
1595 1818 1707 1856 corpus
1725 1806 1867 1855 humo]
1914 1806 2137 1843 Praeclarum
2162 1803 2212 1840 est

1170 1859 1209 1895 &
1232 1867 1353 1895 morte
1372 1857 1430 1894 sua
1449 1858 1551 1894 obire
1568 1886 1578 1901 ‚
1608 1859 1644 1894 ὅ(
1665 1855 1953 1906 gladiointerfici
1968 1883 1978 1899 ,
2004 1854 2215 1892 dummodo

1169 1909 1206 1945 in
1230 1908 1338 1945 stabili
1362 1920 1404 1945 ac
1424 1907 1528 1945 firma
1556 1917 1649 1945 terra
1670 1908 1824 1954 cadaver
1846 1916 2015 1955 ponatur.
2044 1907 2214 1943 Croni«.

1171 1959 1323 1995 Cadenti
1341 1958 1416 1996 duo
1439 1968 1593 1996 veteres.
1620 1957 1925 2001 Forte‚cademis.
1947 1957 2095 2005 Reliqui
2114 1957 2213 1999 fere,

1171 2009 1390 2052 cadendum,
1418 2020 1483 2056 pro
1507 2009 1702 2046 cadentum.
1748 2009 1890 2046 Mortui
1922 2008 2019 2044 enirn
2049 2019 2124 2043 non
2145 2018 2215 2055 po-

1172 2068 1265 2096 nunt
1284 2059 1317 2096 se
1347 2061 1382 2096 in
1415 2068 1529 2103 terra,
1557 2059 1615 2096 sed
1644 2069 1842 2107 ponuntur.
1874 2059 1976 2106 Lege
1996 2058 2133 2100 etiam,
2152 2058 2216 2103 fa-

1172 2119 1250 2145 tove
1271 2110 1334 2157 suo
1350 2112 1490 2155 ferrove
1514 2137 1524 2152 ,
1565 2121 1658 2158 quae
1681 2122 1727 2146 eo
1756 2109 1915 2157 speetant
1940 2136 1949 2151 ‚
1987 2116 2026 2145 ut
2051 2116 2211 2145 mortem

1166 2158 1403 2206 spontaneam
1430 2158 1449 2196 a
1472 2159 1633 2196 violenta
1655 2159 1859 2208 distinguat.
1907 2159 2082 2207 Sequenti
2108 2157 2212 2194 versu

1168 2210 1204 2246 in
1227 2211 1389 2257 plurimis
1404 2237 1412 2252 ‚
1435 2210 1539 2257 fialita
1554 2210 1658 2245 humo
1672 2238 1680 2250 ,
1694 2222 1759 2257 pro
1782 2210 1903 2255 solida.
1922 2210 1995 2246 hoc
2012 2208 2060 2246 est
2072 2237 2082 2251 ,
2109 2207 2213 2256 quod

1171 2259 1349 2345 {ninum
1376 2260 1437 2299 lib.
1462 2273 1522 2298 ιιι.
1548 2260 1649 2309 Eleg.
1673 2272 1730 2299 xv,
1768 2260 1881 2305 dicit,
1907 2261 2038 2297 tae‘lam
2060 2258 2212 2307 nascenti

1198 2324 1334 2347 umum.

1221 2377 1268 2409 Et
1289 2374 1373 2411 cinis
1393 2374 1431 2411 in
1450 2375 1584 2412 tumulo
1603 2375 1726 2425 positus
1739 2376 1890 2424 jacuisset
1908 2375 2006 2412 avito
2025 2401 2035 2417 ‚

1272 2427 1444 2475 Tac‘laque
1463 2427 1616 2475 nascenti
1635 2436 1748 2475 corpus
1770 2426 1908 2463 haberet
1928 2426 2067 2461 humus.

1169 2486 1297 2536 Virgil.
1319 2488 1408 2526 AEn.
1432 2501 1488 2526 rx.

1221 2553 1273 2589 Sit
1295 2554 1355 2603 qui
1372 2569 1425 2592 me
1446 2564 1585 2605 raptum
1603 2564 1714 2604 pugna
1742 2554 1892 2603 pretiove
1912 2553 2104 2590 redemtum

1221 2605 1373 2641 Asandet
1388 2605 1639 2692 gamosolitffl
1668 2617 1731 2641 aut
1746 2633 1756 2649 ,
1780 2604 1809 2653 fi
1834 2618 1901 2655 qua
1924 2605 1961 2640 id
1975 2606 2126 2651 fhrtuna
2147 2616 2207 2640 ve·

1346 2665 1384 2692 ta
1409 2667 1459 2701 rt,

123 1949 182 1985 45.
212 1932 383 1984 Nubila]
421 1931 539 1969 Sidera
559 1938 730 1981 quatuor.
757 1930 895 1967 lumina
916 1943 1020 1970 unus.
1034 1931 1114 1978 ful-

67 2000 157 2036 gura
180 1986 298 2024 codex
325 1983 491 2022 Bernens.
521 1984 556 2019 &
590 1982 790 2019 Medonii:
826 1982 930 2029 quod
958 1985 1116 2030 praefer-

73 2049 175 2085 rem5
207 2036 271 2073 nisi
294 2047 376 2072 cum
398 2033 586 2081 Excerptis
607 2032 788 2069 Voffianis
811 2032 959 2080 praestat
978 2033 1113 2081 legere,

74 2087 265 2125 rubuerunt
288 2086 418 2122 nubila.

119 2149 374 2234 46.F<g}1tcantus
392 2144 436 2182 ab
453 2145 602 2183 aetherio
616 2145 772 2194 personat
785 2158 850 2181 axe
861 2145 1020 2197 fragon]
1037 2147 1118 2187 Lib.

79 2210 161 2238 111.
177 2226 180 2230 ·
211 2209 228 2234 a
259 2225 270 2235 v

75 2318 108 2356 C
126 2273 172 2305 Et
186 2266 309 2316 gravis
327 2265 476 2304 aetherio
497 2265 596 2303 venit
615 2263 660 2302 ab
677 2278 743 2302 axe
755 2265 888 2313 fragor-s

112 2331 243 2357 ιοιτΑΝ.

123 2382 182 2427 48.
213 2380 408 2430 Ballistae]
439 2381 523 2418 Erat
541 2381 679 2419 Ballista
701 2392 814 2429 genus
834 2381 1119 2428 tornienti,qua

75 2441 217 2470 veteres
237 2433 273 2468 in
291 2431 465 2479 jaciendis
484 2431 572 2468 saxis
587 2459 598 2472 ‚
623 2432 711 2468 dum
733 2439 1012 2479 oppugnarent,
1034 2440 1114 2468 ute-

75 2483 216 2520 bantur.
245 2481 380 2517 Seneca
401 2483 437 2517 in
459 2482 690 2529 Hippolyto:

129 2550 201 2580 Nec
221 2552 314 2579 torta
337 2543 465 2591 clausas
476 2544 628 2592 fregerat
643 2541 728 2590 saxo
745 2541 851 2590 gravi

126 2593 269 2640 Ballista
284 2603 412 2643 portas.

56 2672 58 2675 -
77 2645 248 2683 Cremu.

128 2725 190 2760 49.
217 2712 291 2761 §kri
320 2713 419 2751 venit
445 2713 523 2751 hinc
555 2712 680 2764 fluffus
696 2740 707 2757 ‚
743 2711 872 2763 fluezus
885 2713 1115 2761 supereminet

79 2764 229 2812 omnes.]
261 2764 341 2801 Lib.
366 2773 505 2802 veteres
520 2794 529 2808 ‚
558 2765 632 2812 {Qui
652 2764 824 2801 venithic.
844 2765 987 2813 sequor.
1000 2765 1115 2803 Cxor.

79 2820 155 2851 Huc
173 2815 319 2853 volebat
341 2815 531 2858 Francius;
552 2824 590 2852 ut
608 2823 682 2851 erat
703 2814 739 2851 in
762 2814 876 2852 Servii
898 2815 1040 2853 codice.

133 2891 192 2925 50.
220 2879 380 2926 Posterior
398 2893 484 2916 nono
503 2879 545 2925 est
560 2907 570 2922 ,
596 2878 839 2927 undecimoque
855 2879 984 2928 prior.]
1025 2880 1115 2917 Non

79 2937 220 2976 poterat
249 2929 458 2976 prudentius
479 2930 664 2967 decimum
690 2941 885 2966 numerum
907 2929 1116 2978 significare.

81 2979 128 3016 ita
151 2982 268 3028 utqui
290 2981 472 3028 ejusmodi
504 2981 695 3028 proferunt
723 2980 915 3017 sententias
931 3008 940 3025 ‚
968 2980 1115 3017 summo

81 3032 290 3078 peracrique
311 3031 460 3078 ingenio
482 3030 632 3078 praediti
655 3030 721 3067 fint
749 3039 908 3078 oportet.
969 3031 1028 3068 De
1052 3030 1115 3067 de-

81 3088 240 3117 cumano
259 3080 368 3118 ssucstu
392 3082 491 3128 plura
510 3080 734 3117 doetiffimus
753 3081 951 3118 Politianus
978 3082 1010 3117 in
1028 3080 1116 3117 Mis-

83 3128 272 3171 cellaneis‚
302 3132 338 3168 δε
367 3143 434 3168 nos
465 3132 625 3168 lib.x11.
647 3132 683 3168 in
716 3131 872 3168 Metam.
891 3132 1116 3169 observatio-

82 3178 197 3216 nibus.
224 3181 339 3218 Cior.
368 3181 453 3218 Vid.
480 3182 526 3219 ad
546 3182 630 3218 Val.
651 3181 745 3217 Flac.
773 3193 827 3219 ιι.
851 3195 908 3228 ς4.

139 3255 196 3288 51.
225 3250 293 3280 Nec
312 3244 418 3280 letum
440 3245 580 3295 time0.]
626 3245 790 3293 Quidam
811 3246 871 3283 lib.
900 3253 981 3283 Non
1002 3246 1122 3284 letum.

85 3292 196 3338 paulo
217 3293 367 3380 sualijius.
389 3295 566 3382 ιίῧοεΑΝ.
592 3302 664 3334 Nec
677 3297 785 3335 letum
804 3297 934 3347 scripti.
952 3299 1099 3337 Herus.

292 3357 360 3383 om.
444 3372 453 3383 .

1220 2705 1370 2755 Absenti
1382 2708 1479 2754 serat
1497 2707 1658 2754 inferias,
1686 2706 1876 2756 decoretque
1890 2704 2077 2754 sepulchro.

1169 2769 1228 2807 sed
1254 2771 1289 2806 ὃ(
1310 2770 1420 2807 altera
1446 2770 1615 2817 scriptura
1647 2771 1789 2816 optime
1808 2770 1841 2806 se
1857 2769 1978 2806 habet.
2003 2776 2041 2806 ut
2055 2767 2206 2816 fhlidam

1171 2820 1329 2856 tellurem
1350 2820 1480 2857 dixeris
1503 2848 1513 2864 ,
1548 2819 1710 2868 respeetu
1732 2820 1849 2858 maris.
1884 2820 2014 2857 Statius
2033 2820 2210 2868 Propem-

1172 2880 1273 2917 ptico
1294 2871 1402 2907 Metii
1421 2870 1578 2907 Celeris:

1223 2933 1315 2980 (ἐλπὶς
1342 2932 1426 2968 rude
1452 2943 1496 2971 ω’
1521 2932 1698 2981 abfitiffum
1727 2933 1856 2982 miseris
1883 2931 2124 2971 animantibus
2154 2945 2210 2970 ae.-

1345 2997 1430 3030 quor

1223 3032 1314 3068 fecit
1333 3033 1425 3071 iter?
1449 3032 1639 3083 solidaeque
1655 3033 1724 3081 pios
1740 3033 1875 3071 telluris
1894 3034 2053 3071 alumnos

1220 3082 1363 3131 Expulit
1380 3083 1550 3133 influffus
1564 3113 1574 3129 ‚
1590 3083 1773 3136 pelagoque
1788 3083 1932 3134 immisti
1945 3086 2079 3122 hiantes
2090 3094 2106 3123 ,Ρ

1172 3147 1210 3183 &
1230 3146 1406 3193 Epicedio
1427 3147 1624 3185 Glauciae:

1403 3197 1525 3234 obeunt
1547 3203 1720 3250 nobiesque
1737 3200 1872 3246 diesque

1228 3246 1424 3296 Astraque,
1453 3261 1510 3284 nec
1524 3249 1643 3296 solidis
1658 3251 1786 3297 prodest
1801 3258 1866 3298 sua
1898 3249 2062 3285 machina
2081 3247 2192 3283 terris.

1179 3296 1325 3336 Hunis.
1349 3297 1464 3386 Ιῗᾶξὶε
1478 3301 1633 3338 correxit
1644 3301 1892 3349 priorescuras
1907 3302 1960 3337 vir
1970 3299 2106 3338 illustris
2120 3324 2129 3341 ‚
2141 3307 2219 3350 non

1419 3359 1455 3385 m
1469 3359 1508 3387 m
2126 3356 2226 3384 enlm
