2495 3675
224 166 318 242 με
709 149 768 213 P'.
845 111 1277 214 ovtntt

1337 104 1882 217 NASONIS

516 252 643 308 Non
665 263 845 308 tamen
872 252 1112 307 exhibuit
1142 261 1307 305 tantas
1338 248 1583 304 facundia
1607 252 1774 317 vires,

597 325 670 380 Ut
700 346 814 381 mea
842 327 939 380 sint
969 324 1119 378 diciis
1145 322 1360 395 peciora
1387 322 1504 376 sana
1531 325 1651 379 tuis,

522 398 599 454 Ut
629 402 854 454 multum
884 398 1086 453 nostrae
1114 396 1295 450 demas
1319 395 1388 449 de
1414 396 1627 466 gurgite
1656 417 1847 461 curae;

600 469 723 527 Non
753 473 923 527 minus
954 467 1234 533 exhausto,
1271 468 1419 540 quod
1447 468 1746 552 superabit,
1783 472 1901 528 erit.
1966 509 1973 523 .

382 566 442 617 15

517 545 795 615 Tempore
820 544 1048 596 ducetur
1074 541 1238 612 longo
1264 541 1478 597 fortasse
1505 545 1743 599 cleatrix.

598 618 844 672 Hor-rent
873 613 1114 669 admotas
1142 615 1360 669 vulnera
1387 615 1553 670 cruda
1581 628 1783 674 manus,

529 692 654 746 Non
680 689 751 741 est
776 689 830 742 in
857 687 1072 742 medico
1096 688 1333 760 semper,
1376 687 1642 744 relevetur
1670 704 1728 745 ut
1755 709 1937 765 aeger..

610 760 885 816 Interdum
913 760 1071 814 doci-:1
1093 762 1209 833 plus
1231 761 1368 816 valet
1392 774 1504 816 arte
1530 763 1745 819 malum.

527 833 745 897 Cernis,
784 847 843 888 ut
871 833 900 887 ὲ
931 833 1075 887 molli
1102 835 1303 915 sanguis
1327 835 1582 905 pulmone
1607 836 1845 893 remissus

389 926 459 963 20

607 907 699 961 Ad
726 906 929 978 Stygias
955 918 1111 960 certo
1133 907 1301 961 lim1te
1325 907 1486 962 ducat
1513 924 1685 978 aquas,

531 979 760 1035 Adferat
783 980 890 1050 ipse
916 979 1040 1033 licet
1065 979 1229 1033 sacras
1253 978 1572 1051 Epidaurius
1594 981 1809 1046 herbas3

605 1052 815 1106 Sanabit
843 1051 985 1106 nulla
1011 1052 1227 1123 vulnera
1253 1053 1430 1107 cordis
1457 1070 1578 1124 ope.

527 1125 751 1181 Tollere
776 1124 1034 1179 nodosam
1060 1125 1224 1179 nescit
1249 1126 1517 1180 medicina
1542 1124 1870 1198 podagram,

599 1197 718 1253 Nec
740 1196 1040 1253 formidatis
1059 1198 1343 1255 auxiliatur
1371 1199 1536 1270 aquis,

245 1467 331 1516 copi
353 1462 537 1514 collapsis,
566 1470 627 1501 aut
662 1463 801 1513 alioqui
829 1460 1105 1506 deficientibus,
1133 1460 1292 1505 vinum3

246 1530 289 1556 ac
310 1516 441 1555 ssmiles
460 1515 517 1552 aiii
537 1515 698 1564 liquores
729 1513 835 1552 infusi
851 1543 861 1559 ‚
887 1514 1041 1553 vitalem
1063 1512 1227 1562 spiritum
1249 1521 1293 1549 ac

246 1568 388 1618 pulsum
411 1577 528 1604 venae
558 1565 775 1605 resuscitant.
813 1566 859 1604 Et
879 1566 952 1603 huc
974 1566 1084 1604 etiam
1109 1564 1291 1613 pertinet,

247 1619 352 1669 quod
371 1618 481 1666 paulo
503 1625 586 1654 ante
614 1616 707 1656 dixit
728 1646 739 1660 ‚
775 1621 842 1664 Ego
873 1615 1030 1664 deficiens
1049 1616 1132 1663 jam
1159 1615 1208 1652 ad
1227 1625 1293 1652 tua

249 1669 357 1707 verbu
371 1668 417 1715 sic
432 1667 569 1712 revixi,
598 1678 669 1706 Oc.
701 1669 879 1705 chrLL.
908 1665 1029 1716 Affufh
1044 1665 1294 1704 Twisdenius.

247 1720 353 1769 quod
374 1719 536 1768 praestat.
572 1717 656 1755 vide
678 1731 772 1767 quae
793 1727 967 1757 notamus
988 1717 1035 1757 ad
1062 1717 1161 1755 Artis
1176 1716 1238 1756 lib.
1263 1728 1295 1755 1.

247 1771 304 1815 fis.
324 1771 409 1818 650.
429 1771 467 1807 in
489 1769 668 1817 Epicedio
690 1769 798 1807 Drusi
814 1797 824 1813 ‚

299 1832 487 1881 Aridaque
510 1830 620 1879 affusa
636 1841 783 1880 guttura
803 1832 916 1868 tinxit
933 1844 1040 1881 aqua.

248 1891 415 1930 alludunt
432 1892 503 1928 huc
527 1894 563 1928 ἀ
595 1892 670 1930 duo
694 1894 751 1931 alii
772 1892 942 1938 codices,
971 1894 1007 1930 in
1029 1891 1184 1943 quibus,
1212 1891 1296 1940 effic-

242 1943 283 1992 so
304 1956 404 1980 mero.
434 1954 498 1989 pro
529 1955 621 1978 vena
649 1944 852 1988 nonnulli,
883 1943 1035 1993 flamma
1056 1972 1066 1989 ‚
1105 1943 1166 1982 vel
1202 1944 1295 1981 vita.

254 1993 390 2037 Forte,
422 1993 523 2039 Vesta.
553 2005 618 2041 pro
642 1995 728 2043 igni.
757 1994 861 2031 Silius
878 1995 970 2032 libro
996 2007 1049 2032 vr.

306 2054 464 2091 Procedit
484 2064 654 2089 renovata
665 2055 752 2100 focis
771 2065 814 2094 φ’
828 2064 972 2104 paupere
994 2056 1086 2104 Vesta

307 2104 463 2141 Lumina
477 2105 717 2152 praetendens.

254 2178 295 2210 ut
312 2169 407 2217 apud
425 2169 623 2206 Maronem
643 2168 703 2206 lib.
724 2181 777 2206 ιν.
805 2169 944 2218 Georg.

306 2237 369 2269 Ter
389 2231 521 2282 liquido
545 2231 726 2268 ardentem
740 2230 894 2280 perfudit
916 2231 1051 2267 neblare
1073 2229 1223 2277 Vestam.³

257 2293 417 2346 Heiusa'
442 2298 640 2345 vulgatam
661 2297 860 2334 lechonem
880 2324 889 2340 ,
918 2307 1011 2344 quae
1034 2296 1125 2332 mihi
1139 2295 1236 2332 bona
1247 2300 1301 2330 at-

258 2362 332 2399 que
350 2350 445 2387 adeo
464 2350 605 2397 optima
627 2348 674 2384 est
690 2376 699 2391 ‚
727 2345 966 2385 illustrandam
989 2346 1120 2383 habeo.
1147 2345 1172 2381 fi
1199 2345 1301 2382 enim

258 2401 356 2438 illam
378 2397 632 2440 intellexissent
652 2399 805 2442 librarii,
826 2410 904 2435 non
929 2398 978 2435 ita
999 2397 1095 2434 libris
1122 2397 1302 2432 variatum

260 2450 394 2489 fuisset.
449 2463 542 2486 vena
561 2449 678 2497 pulsus
713 2449 760 2486 est
782 2460 900 2487 venae
919 2476 930 2493 ,
959 2455 999 2485 ut
1019 2449 1056 2485 &
1078 2447 1178 2484 mille
1200 2446 1305 2483 locis.

261 2502 352 2540 redit
382 2509 506 2539 autem
529 2500 590 2537 iiia
610 2527 621 2544 ‚
650 2510 735 2537 cum
758 2508 903 2537 motum
933 2499 1036 2536 suum
1060 2525 1070 2542 ,
1107 2497 1302 2546 postquam

262 2552 474 2590 conciderat
494 2579 504 2596 ,
541 2551 679 2599 recipit.
715 2562 800 2588 curn
830 2551 920 2587 redit
948 2561 992 2589 ω’
1011 2559 1124 2586 motus
1144 2558 1187 2588 (φ’
1209 2560 1304 2584 mens

264 2612 305 2640 ut
324 2603 448 2640 Celsus
467 2603 527 2640 lib.
550 2614 614 2639 111.
637 2613 698 2648 27.
733 2602 878 2640 locutus
902 2600 961 2638 est.
1008 2600 1153 2638 Vinum
1177 2600 1214 2636 in
1236 2598 1308 2655 isto

265 2652 345 2689 casu
365 2653 568 2691 adhibitum
602 2652 749 2690 docebit
777 2652 914 2689 Seneca
945 2651 1014 2699 Ep.
1036 2663 1095 2697 95.
1150 2654 1310 2698 Antiqui

269 2704 401 2739 Medici
419 2704 606 2751 nesciebant
627 2703 709 2740 dare
726 2702 838 2740 cibum
849 2703 982 2752 saepius
995 2730 1005 2747 ,
1024 2712 1067 2741 ω·
1085 2700 1169 2737 vino
1180 2700 1309 2745 fulcire

268 2765 376 2789 venas
406 2756 571 2792 cadentes.
607 2753 652 2792 de
682 2753 812 2791 Benef.
840 2765 903 2791 111.
939 2765 978 2800 9.
1036 2751 1137 2800 Qid
1165 2749 1309 2799 assediffe

270 2816 366 2851 aegro
383 2830 393 2846 ,
419 2816 459 2843 cv·
480 2818 555 2841 cum
588 2804 751 2841 valetudo
770 2805 840 2853 ejus
859 2817 900 2840 ac
915 2803 1012 2852 salus
1032 2802 1214 2840 momentis
1232 2813 1310 2838 con-

263 2852 373 2900 staret
394 2880 404 2897 ,
430 2856 578 2903 excepisse
609 2856 730 2891 idonea
762 2855 831 2891 cibo
863 2864 1013 2902 tempora
1035 2880 1045 2897 ,
1082 2863 1126 2892 ω’
1158 2851 1314 2889 cadentes

271 2916 382 2940 venas
400 2905 482 2941 vino
502 2905 650 2954 refeciffe.
679 2906 765 2943 Huc
786 2916 938 2954 quoque
957 2905 1095 2942 faciunt
1112 2902 1170 2941 vel
1194 2903 1312 2940 maxi-

274 2965 338 2991 me
358 2954 462 3002 ipfius
482 2957 589 2993 verba
612 2957 717 2993 Pont.
739 2955 847 3004 Epist.
869 2969 895 2993 1.
914 2955 973 2992 lib.
991 2966 1055 2992 ut.
1082 2959 1241 3003 Cumque
1258 2965 1312 3001 ego

277 3003 457 3051 deficiam,
484 3016 554 3044 σε,
582 3006 628 3041 ad
656 3006 827 3042 medicum
850 3005 957 3054 specle
984 3005 1083 3042 venis
1100 3002 1315 3052 fugientibus

277 3066 382 3102 aeger.
413 3055 499 3103 quin
523 3058 558 3092 δε
582 3056 666 3093 iilud
690 3057 801 3103 infuso
819 3056 905 3093 huic
923 3056 1011 3092 loco
1036 3054 1182 3093 videtur
1204 3055 1313 3092 unice

276 3115 418 3152 aptum.
453 3105 599 3152 Proprie
626 3105 797 3150 effertur,
825 3106 885 3142 ubi
917 3106 1056 3153 agimus
1077 3104 1122 3142 de
1153 3104 1246 3142 vase.
1272 3111 1314 3141 ut

274 3156 452 3194 Horatius
467 3168 491 3192 x.
511 3155 581 3192 Sat.
601 3167 662 3192 nx.
686 3157 740 3203 56.
769 3156 945 3192 sincerum
967 3152 1083 3202 estnifi
1105 3154 1315 3204 vas‚quod-

276 3217 408 3256 cunque
437 3205 594 3252 infundis
614 3232 623 3248 ,
652 3207 780 3253 acescit.
817 3206 935 3242 Cicer.
966 3216 993 3242 1.
1022 3204 1134 3242 Tusc.
1165 3205 1316 3252 Quaest-

278 3268 401 3294 utrum
432 3255 655 3306 capacitatem
668 3256 826 3305 aliquam
846 3256 884 3291 in
903 3255 1021 3292 animo
1046 3263 1213 3302 putamus
1234 3256 1312 3303 effe,

273 3321 339 3357 quo
358 3318 546 3360 tamquam
566 3305 765 3359 iri-aliquod
793 3318 857 3357 pas
878 3318 942 3353 ea,
970 3317 1057 3357 quae
1066 3304 1314 3353 meminimus,

2247 1328 2397 1384 Cura·

1343 1459 1591 1508 infundamus.
1618 1461 1753 1502 deinde
1775 1462 2038 1512 transtatione,
2065 1464 2092 1504 fi
2121 1475 2194 1515 qua
2222 1465 2294 1510 est,
2319 1465 2394 1506 levi

1343 1512 1391 1550 de
1409 1524 1482 1558 eo,
1506 1514 1572 1563 qui
1590 1525 1656 1563 pro
1681 1514 1762 1553 vase
1783 1514 1847 1553 est.
1874 1515 1932 1553 cui
1953 1527 2085 1565 potum
2113 1516 2159 1554 sc.
2179 1525 2240 1555 aut
2258 1518 2396 1566 impin-

1342 1574 1405 1613 gas
1424 1563 1590 1609 nolenti,
1617 1572 1681 1603 aut
1700 1565 1844 1605 sumere
1855 1578 1919 1616 per
1937 1568 1972 1606 se
1994 1569 2196 1619 nequeunti
2219 1568 2398 1616 invergas.

1346 1612 1397 1652 fic
1416 1614 1516 1653 idem
1545 1615 1676 1664 Philip.
1703 1629 1749 1654 Π.
1801 1618 1868 1656 Hic
1894 1631 1999 1667 nuper
2022 1618 2150 1669 sororis
2165 1617 2242 1666 filio
2261 1618 2396 1666 infudit

1349 1677 1526 1703 venenum
1539 1693 1550 1711 ,
1579 1679 1648 1703 non
1666 1665 1776 1706 dedit.
1793 1668 1925 1718 Virgil.
1938 1671 2078 1720 Georg.
2096 1682 2159 1710 111.
2186 1670 2321 1715 Profuit
2341 1669 2398 1705 in-

1341 1716 1434 1766 serto
1454 1716 1576 1755 latices
1596 1718 1781 1765 infundere
1806 1733 1914 1757 cornu
1945 1727 2105 1760 Laeneos.
2129 1719 2236 1758 fimili
2254 1719 2400 1757 senten-

1349 1767 1402 1805 tia
1429 1768 1564 1806 Horat.
1587 1769 1706 1815 Epod.
1729 1782 1766 1808 v.
1791 1772 1916 1820 Majus
1940 1772 2071 1823 parabo
2096 1800 2106 1816 ,
2143 1771 2260 1819 majus
2276 1771 2400 1818 infun·

1350 1818 1435 1854 dam
1453 1818 1518 1855 tibi
1540 1819 1744 1869 fastidienti
1770 1821 1941 1870 poculum.
1977 1823 2156 1861 AUCTOR
2188 1822 2412 1859 ELECTszv
2468 1858 2473 1863 .

1350 1868 1482 1906 Erou.
1526 1870 1812 1908 Vindicaveram
1837 1872 1917 1920 jam
1945 1882 2030 1912 ante
2058 1875 2121 1911 has
2151 1881 2256 1910 notas
2286 1872 2398 1917 visas,

1349 1918 1478 1958 iisdem
1505 1919 1666 1959 Senecae
1689 1921 1728 1958 ὃ(
1758 1921 1869 1960 nostri
1888 1924 1980 1962 locis
2009 1924 2053 1962 τὸ
2079 1937 2199 1961 venas.
2220 1933 2315 1972 quae
2335 1934 2398 1960 ex-

1350 1971 1464 2017 punxi
1478 1982 1548 2015 ‚ne
1567 1971 1674 2021 plagii
1691 1971 1936 2020 suspicionem
1963 1976 2200 2014 incurrerem.
2220 1973 2306 2012 facit
2326 1973 2399 2012 huc

1352 2031 1506 2070 quoque
1526 2021 1632 2060 locus
1652 2033 1700 2060 ex
1717 2022 1786 2071 Ep.
1807 2035 1865 2062 vr.
1884 2026 1943 2073 36.

1407 2089 1481 2120 Nec
1499 2081 1568 2133 spes
1587 2084 1669 2121 haec
1688 2098 1781 2122 vena
1799 2086 1973 2132 deficiente
1993 2087 2100 2127 cadit.

1354 2141 1436 2179 vita
1458 2141 1567 2179 redire
1579 2142 1714 2181 Barthii
1734 2143 1772 2180 &
1797 2144 1854 2182 alii
1873 2144 2031 2183 codices.
2050 2145 2188 2193 fiargere
2207 2157 2297 2180 vena
2311 2143 2400 2181 Μοὲ

1353 2193 1434 2230 reti.
1461 2206 1591 2229 venam
1610 2202 1734 2231 autem
1745 2193 1841 2241 apud
1855 2194 2029 2232 Nostrum
2043 2195 2179 2231 &alios
2190 2205 2255 2241 pro
2271 2193 2413 2230 arteria-

1355 2242 1488 2280 debere
1509 2243 1601 2280 sumi
1616 2270 1626 2286 ‚
1646 2243 1853 2281 docuerunt
1870 2245 1947 2291 Jac.
1974 2244 2148 2281 Nicolaus
2170 2243 2322 2281 Loenfis
2339 2243 2400 2281 lib.

1357 2304 1411 2330 xv.
1441 2292 1580 2330 Miscel.
1601 2293 1734 2342 Epiph.
1755 2305 1815 2331 22.
1835 2295 1873 2331 &
1895 2293 2123 2332 Meibornius
2141 2295 2186 2332 ad
2206 2293 2401 2332 Caffiodo-

1360 2344 1388 2381 ri
1409 2342 1622 2381 Formulam
1650 2344 1831 2382 Archi-atr.
1847 2345 1907 2382 66.
1933 2344 2065 2382 Bam.

1417 2404 1474 2432 11.
1502 2400 1583 2430 Non
1606 2394 1764 2444 tamem]
1794 2400 1865 2431 Nec
1881 2406 2001 2432 tamen
2020 2395 2140 2444 scripti
2159 2395 2198 2433 &
2215 2393 2304 2434 editi
2320 2394 2417 2446 qui--

1361 2444 1459 2484 dam.
1472 2444 1608 2493 fiducia
1630 2445 1722 2482 vires
1734 2446 1842 2483 etiam
1857 2445 2002 2492 Junian.

1414 2507 1472 2545 13.
1502 2501 1546 2532 Ut
1574 2496 1728 2533 multum
1757 2496 1878 2532 demas
1911 2497 2017 2543 nostro
2038 2497 2080 2534 de
2104 2497 2232 2545 pestere
2253 2495 2400 2546 curae.]

1360 2546 1514 2596 Argent.
1532 2546 1571 2584 &
1599 2548 1763 2596 quinque
1792 2547 1885 2590 alii,
1922 2547 2052 2592 nostrae
2077 2547 2117 2583 de
2139 2546 2272 2594 gurgite
2292 2558 2406 2585 curae.

1362 2598 1546 2646 eleganter
1566 2597 1606 2634 ὅς
1624 2609 1734 2642 vere,
1764 2597 1803 2634 &
1821 2595 1846 2634 fi
1868 2597 1958 2646 quid
1979 2597 2102 2636 video.
2131 2597 2177 2633 sic
2200 2610 2318 2645 gurges
2347 2596 2407 2634 vi-

1362 2648 1493 2685 tiorum
1516 2648 1702 2685 Ciceroni.
1731 2648 1877 2685 Herus.
1904 2647 2036 2688 Similis
2057 2647 2220 2687 estlocus
2238 2659 2277 2686 v.
2295 2647 2406 2686 Trist.

1364 2712 1409 2738 11.
1430 2711 1489 2736 20.
1516 2711 1624 2747 quam
1646 2698 1826 2747 superabit
1848 2698 2004 2747 Argent.

1418 2749 1476 2788 18.
1502 2748 1644 2796 Docta]
1677 2749 1814 2786 Medica
1832 2749 1906 2787 Ms.
1925 2750 2061 2788 Bersm.

1422 2811 1480 2849 19.
1505 2804 1536 2836 E
1557 2798 1654 2837 molli
1665 2799 1811 2849 fhnguis
1823 2799 1986 2849 pulmone
2005 2798 2193 2850 remiffus.]
2224 2800 2314 2838 Non
2327 2801 2411 2838 tari·=

1366 2858 1447 2890 tum
1468 2862 1513 2888 ex
1535 2851 1712 2894 vulnere,
1739 2851 1798 2888 sed
1818 2862 1863 2888 ex
1884 2851 2018 2888 morbo
2040 2862 2206 2900 quoque.
2243 2850 2286 2890 Id
2305 2851 2409 2889 enim

1368 2902 1598 2950 participium
1615 2928 1625 2945 ‚
1643 2901 1804 2950 Remisjus
1816 2929 1828 2946 ,
1852 2901 2005 2940 innuere
2018 2902 2181 2940 videtur:
2194 2900 2424 2950 quodidem.

1368 2954 1466 2997 fere,
1488 2952 1591 3002 quod
1612 2951 1767 3001 rejectus
1785 2960 1896 3002 atque
1919 2953 2105 2990 evomitus
2117 2951 2302 3001 fignificat.
2322 2951 2413 2989 San-

1369 3004 1485 3052 guinis
1506 3009 1630 3040 autem
1660 3002 1935 3049 rejectionem)
1972 3002 2046 3041 five
2067 3003 2209 3051 sputum
2223 3029 2233 3046 ‚
2259 3013 2326 3050 pro
2345 3013 2413 3051 pe·

1369 3052 1525 3091 riculoso
1548 3053 1711 3091 habitum
1732 3052 1859 3098 fuiffe,
1889 3065 1934 3091 ex
1946 3052 2039 3090 Celfi
2052 3051 2166 3090 verbis
2176 3053 2285 3089 etiarn
2302 3064 2414 3101 appa·

1369 3113 1447 3148 ret,
1473 3103 1534 3141 lib.
1557 3115 1604 3141 11.
1627 3114 1706 3153 cap.
1725 3114 1758 3150 7.
1786 3104 1847 3142 ubi
1866 3104 1986 3151 inquit
2005 3115 2014 3138 :
2055 3108 2173 3150 Neque
2194 3101 2285 3139 inter
2303 3103 2428 3141 initia--

1370 3153 1491 3191 terreri
1519 3155 1679 3191 convenis
1700 3182 1711 3199 ,
1744 3151 1780 3204 fi
1799 3153 1957 3202 protinus
1975 3153 2112 3200 [butum
2135 3152 2275 3198 mistum
2304 3152 2349 3199 est
2369 3165 2412 3191 ex

1371 3205 1446 3252 ruso
1464 3204 1615 3254 quodam
1636 3215 1680 3244 (9·
1693 3203 1864 3252 stinguine
1887 3230 1897 3246 ,
1933 3202 2118 3239 dummodo
2131 3202 2256 3248 statim
2277 3203 2416 3243 edatur.

1372 3255 1420 3293 Et
1451 3255 1618 3292 rursum:
1662 3260 1704 3290 In
1732 3252 1906 3302 pulmonis
1926 3253 2040 3290 morbo
2062 3251 2096 3302 fi
2115 3254 2260 3302 sputum
2286 3254 2413 3303 primis

1373 3304 1489 3357 diebus
1517 3318 1586 3359 nqn
1608 3305 1711 3352 fuit,
1738 3302 1859 3346 deinde
1883 3302 1909 3342 ἃ
1930 3303 2075 3354 ftptimo
2102 3305 2224 3355 coepit,
2250 3316 2292 3345 v·
2310 3303 2414 3404 Jltrf

2331 3361 2412 3402 epti}
