2495 3675
193 162 294 233 373
692 155 754 212 P.
829 145 1250 208 oVrD11

1321 135 1859 203 NASONIS

339 274 406 324 25
456 253 654 326 *Scylla
677 251 804 306 feris
830 262 1025 305 trunco
1049 245 1196 319 quod
1223 245 1377 298 latrat
1403 243 1467 298 ab
1495 244 1715 316 inguine
1739 245 2013 312 monstris;

565 323 887 382 Heniochae
920 321 1092 376 nautis
1120 319 1232 390 plus
1258 334 1495 372 nocuere
1523 331 1676 373 rates,

492 402 608 457 Nec
637 402 790 471 potes
815 394 1009 451 infestis
1034 391 1283 446 conferre
1311 389 1624 462 Charybdin
1655 391 1918 458 Achaei33

569 473 685 528 Tei·
718 473 841 525 licet
868 481 1092 537 epotum
1119 480 1199 519 ter
1227 479 1404 517 vomat
1429 466 1511 517 illa
1538 464 1755 520 fretum,

497 547 605 618 Qui
634 556 954 617 quamquam
981 539 1171 593 dextra
1200 537 1421 607 regione
1447 534 1688 592 licentius
1716 551 1925 601 errant;

354 642 422 687 30

572 621 829 673 Securum
854 614 985 665 latus
1014 612 1118 666 hoc
1144 628 1251 664 non
1280 624 1456 663 tamen
1482 610 1585 665 effe
1612 612 1801 665 smunt.

498 693 612 747 Hic
641 688 751 759 agri
778 684 1082 747 infrendes,
1123 684 1208 738 h‘ic
1234 683 1424 755 spicula
1450 681 1610 736 tinfia
1640 686 1883 739 venenis:

570 761 685 816 Hic
709 760 846 814 freta
874 759 953 812 vel
983 757 1151 828 pediti
1178 755 1356 828 pervia
1395 756 1576 810 reddit
1605 757 1790 811 hiems.

500 835 604 897 Ut,
644 835 747 905 qua
774 849 949 885 remus
978 831 1080 885 iter
1106 830 1257 901 pulfis
1281 827 1450 882 modo
1479 828 1677 884 fecerat
1705 829 1890 893 undis,

575 908 758 962 Siccus
786 906 1058 958 contemta
1087 920 1219 958 nave
1250 902 1421 955 viator
1448 916 1550 955 eat.

360 1002 420 1052 35
501 982 610 1052 Qii
639 981 858 1033 veniunt
886 976 1066 1040 illine,
1103 977 1194 1030 vix
1219 992 1312 1029 vos
1336 991 1395 1028 ea
1421 975 1644 1029 credere
1671 974 1876 1033 dicunt.

573 1054 754 1125 Quam
782 1051 934 1105 miser
959 1048 1060 1113 est,
1098 1051 1190 1122 qui
1215 1048 1318 1103 fert
1346 1047 1607 1120 asperiora
1633 1046 1770 1102 fide!

263 1334 322 1372 23.
352 1326 422 1358 Nec
453 1320 571 1357 vincet
601 1316 740 1366 Cyclops
765 1316 916 1364 saevum
941 1313 1086 1360 feritate
1120 1311 1254 1363 Phyla-

215 1373 323 1422 ειη]
352 1372 485 1409 Aldina
500 1369 626 1408 Editio
647 1368 779 1413 habet,
801 1366 993 1416 Phyacem:
1023 1363 1126 1414 quod
1139 1373 1178 1402 ut
1196 1375 1258 1402 ve-

216 1428 288 1463 rius
316 1424 505 1471 aliquanto
534 1429 625 1469 puto
651 1419 752 1467 legi,
791 1430 902 1467 quarn
933 1416 1145 1465 Phylacem,
1175 1427 1260 1464 pro-

215 1485 297 1525 pter
325 1474 487 1512 nominis
521 1471 627 1520 ipsius
668 1470 966 1519 peregrinitatem
998 1467 1162 1505 scilicet:
1213 1468 1261 1504 ita

216 1525 356 1564 rursum
382 1536 504 1573 neque
533 1525 578 1560 de
612 1523 710 1566 hoc,
738 1520 840 1569 quod
865 1527 967 1557 certo
997 1517 1171 1562 afferam,
1197 1518 1262 1555 ha·

218 1577 305 1614 beo.
358 1576 556 1612 Caeterum
590 1571 693 1622 quod
721 1583 813 1609 mox
840 1570 1000 1620 sequitur
1022 1597 1032 1614 ,
1062 1568 1137 1617 Qi
1157 1580 1263 1618 quota

221 1626 360 1664 terroris
381 1636 464 1676 pars
482 1624 565 1672 solet
592 1623 648 1672 effe
671 1623 765 1661 mei?
793 1634 870 1660 non
893 1621 938 1659 ad
960 1620 1167 1670 Cyclopem
1184 1647 1194 1664 ‚
1222 1628 1263 1658 ut

219 1678 367 1716 Merula
399 1677 572 1723 exponit,
603 1674 662 1712 sed
683 1675 728 1711 ad
755 1685 841 1711 eum
859 1701 869 1718 ,
898 1672 944 1710 de
974 1683 1050 1721 quo
1071 1671 1189 1708 modo
1208 1670 1262 1708 di-

222 1729 322 1766 <stum
345 1728 413 1770 est,
444 1728 627 1776 Phyacem
661 1724 908 1762 referendum.
936 1722 1035 1772 quasi
1052 1722 1149 1759 dicat
1168 1722 1264 1759 Poe-

220 1789 256 1818 ta
271 1807 281 1823 ‚
311 1778 430 1816 Etiam
455 1778 498 1815 ab
520 1779 593 1814 hoc
605 1777 765 1814 multum
785 1775 930 1813 terroris
950 1773 1012 1811 fibi
1032 1772 1143 1821 objici
1159 1784 1266 1821 ‚pro-

220 1839 301 1879 pter
325 1827 548 1866 incurfiones
568 1827 765 1870 videlicet,
794 1826 869 1862 sive
889 1836 946 1862 eas
969 1833 1061 1861 terra
1083 1822 1194 1860 faleras
1212 1823 1267 1860 in·

222 1882 386 1929 telligere
408 1880 495 1917 libet
517 1906 527 1922 ‚
566 1878 831 1926 Phyacemque
857 1875 972 1923 ipsum
997 1875 1176 1911 Getarum
1206 1881 1267 1910 aut

226 1933 473 1969 Sarmatarum
505 1930 639 1966 ducem
677 1939 719 1964 ae
748 1926 913 1974 regulum
945 1925 1107 1972 aliquem
1139 1921 1266 1960 fuiffe:

225 1981 301 2021 five
324 1983 434 2018 etiam
457 1981 572 2024 mari,
601 1986 642 2027 ut
667 1978 828 2016 eundem
859 1976 962 2013 illum
993 1986 1079 2011 cum
1109 1973 1268 2010 Achaeis

227 2032 266 2071 &
290 2031 515 2074 Heniochis,
548 2031 594 2067 de
627 2029 757 2076 quibus
780 2029 895 2065 Poeta
916 2026 1113 2068 meminit,
1140 2034 1267 2062 recen-

223 2084 378 2122 seamus.
430 2082 510 2129 Jam
532 2078 635 2129 quod
655 2080 747 2116 inira
768 2077 878 2127 paulo
902 2076 1002 2114 addit
1023 2075 1123 2113 idem
1148 2075 1267 2112 Corn-

228 2143 418 2173 mentator
438 2160 449 2178 ,
485 2135 637 2180 poetam
677 2130 721 2167 ab
753 2128 959 2166 Heniochis
991 2134 1140 2175 captum
1165 2153 1175 2170 ‚
1205 2135 1267 2164 aut

229 2185 423 2233 spoliatum
446 2182 548 2221 fuiffe
567 2210 577 2227 ,
615 2181 651 2219 id
677 2180 865 2218 sciendum
881 2207 891 2224 ‚
920 2178 965 2217 de
995 2177 1059 2215 suo
1079 2177 1181 2214 illum
1204 2176 1268 2215 ad-

228 2234 380 2274 finxifle.
409 2245 532 2283 neque
562 2233 659 2269 enim
689 2231 771 2269 alibi
801 2232 1003 2280 quicquam
1035 2228 1111 2277 ejus
1133 2228 1269 2277 reperi-

232 2295 302 2324 tur.
331 2285 508 2322 Micrir.
536 2283 577 2320 In
602 2280 1065 2327 Patavin0,Phareten:in
1088 2279 1275 2317 vetussiffi-

234 2349 301 2376 mo
324 2336 456 2373 codice
484 2336 632 2372 Romae
661 2335 726 2381 (ut
746 2334 794 2371 ait
813 2331 982 2378 Merula)
1012 2330 1175 2368 Piachen.
1205 2331 1276 2369 Sed

234 2399 380 2427 nomen
402 2386 592 2424 barbarum
616 2392 831 2432 corruptum
853 2380 923 2420 effe
946 2381 1037 2419 nihil
1057 2382 1193 2419 mirum
1215 2382 1277 2419 est.

234 2439 402 2477 Panare.
428 2435 619 2485 Phylacum
634 2436 781 2484 Regius.
799 2441 944 2484 Pyacem
962 2432 1118 2470 Moreti.
1137 2433 1278 2470 Piacem

236 2490 367 2528 Servii.
391 2487 579 2525 Phaeacem
601 2487 673 2524 Ms.
696 2485 830 2524 Bersm.
850 2484 931 2528 alii,
960 2483 1139 2520 Pharecen
1153 2510 1163 2527 ‚
1185 2483 1279 2533 Phy-

238 2541 346 2577 lacem
368 2568 377 2584 ‚
415 2538 577 2577 Piachen.
621 2537 800 2575 Philacem
821 2537 860 2576 P.
879 2536 976 2573 Dan.
1002 2546 1096 2573 mox
1118 2539 1172 2580 Ο,
1199 2548 1282 2586 quo-

239 2602 278 2628 ta
293 2620 303 2637 ,
332 2592 476 2637 Junian.

293 2659 354 2697 25.
383 2655 475 2686 Cum
507 2648 652 2699 latret]
706 2651 808 2698 {Quae
838 2649 952 2687 latrat
982 2648 1090 2688 multi
1123 2649 1285 2689 codices.

241 2700 436 2745 nonnulli,
465 2702 555 2750 quod
575 2700 693 2739 latret.
708 2702 829 2746 rec‘te,
856 2701 921 2739 nisi
943 2700 1035 2752 quod
1055 2700 1170 2738 latrat
1184 2713 1286 2748 prae-

241 2753 336 2796 fers,
358 2762 441 2806 cum
467 2763 543 2788 uno
567 2752 688 2790 Vatic.
709 2753 746 2789 &
768 2752 911 2790 Arond.
927 2752 1011 2790 vide
1032 2751 1152 2791 Notas
1174 2751 1286 2801 Epist.

244 2815 343 2839 xvii.
363 2801 416 2843 32¹1.
438 2813 496 2850 51.
521 2802 624 2839 versu
656 2804 830 2849 proximo
853 2831 863 2847 ‚
901 2803 1020 2840 nautis
1042 2831 1053 2846 ,
1091 2815 1158 2852 pro
1191 2802 1286 2840 nobis

242 2854 406 2908 plerique
435 2861 588 2891 veteres.
623 2853 773 2893 Hams.
825 2854 937 2904 scylla
958 2855 1061 2901 ferox
1092 2854 1180 2893 editi
1205 2855 1289 2904 qui-

247 2910 343 2941 dam.

299 2972 371 3025 πό..
390 2971 580 3008 Heniochae
611 2972 707 3010 nobis
732 2972 810 3022 plus
833 2986 972 3010 nocuere
993 2971 1128 3022 roten]
1176 2972 1229 3011 Ita
1253 2972 1292 3010 in

247 3021 427 3076 Patauino
444 3049 453 3063 ‚
481 3023 673 3060 Heniochae
692 3036 759 3073 pro
779 3024 973 3062 Endochiae
989 3041 999 3061 :
1029 3036 1073 3063 <9¹
1093 3023 1186 3061 nobis
1201 3053 1211 3069 ‚
1225 3036 1292 3074 pro

253 3083 383 3108 nauus.
410 3071 542 3109 Mela:
576 3079 679 3122 Super
715 3081 927 3113 Amazonas
960 3086 1002 3114 (9·
1042 3074 1292 3125 Hyperboreos,

253 3123 455 3216 xC1·]1r3}⁷KeVrgtst
460 3123 650 3209 ἐιεεγιὴαε
673 3152 685 3171 ‚
723 3127 910 3174 Heniochi,
940 3126 1081 3177 Georgi,
1111 3126 1293 3177 Tragieus

359 3249 510 3300 Caucafi
527 3262 643 3301 rupem
665 3255 818 3303 asperam

309 3301 501 3342 Heniochus
518 3303 696 3343 habitans.

2223 1176 2360 1234 Cre·-

1313 1310 1443 1365 Scribit
1463 1310 1642 1350 nonnulla
1665 1322 1761 1361 quae
1778 1311 1851 1349 huc
1873 1311 2059 1359 pertinent
2087 1311 2303 1353 Herodotus
2324 1315 2364 1354 in

1315 1364 1575 1411 Melpomene.
1616 1363 1785 1401 Fanum.
1840 1363 2012 1399 Enotheae
2042 1363 2195 1403 Putean.
2227 1370 2362 1404 Euma-

1317 1415 1414 1453 chiae
1434 1415 1539 1462 prim.
1567 1413 1664 1452 Edit.
1685 1412 1883 1452 Ennochiae
1903 1414 1977 1452 Ms.
1999 1413 2134 1452 Bersrn.

1369 1478 1433 1519 28.
1462 1484 1524 1527 Ter
1545 1478 1620 1516 licet
1643 1477 1786 1528 epotet.]
1843 1482 1993 1527 Epotum
2027 1478 2125 1518 idem
2149 1481 2365 1523 Vaticanus.

1321 1533 1359 1571 ὃ(
1383 1531 1516 1580 placet,
1543 1543 1598 1568 ore
1617 1542 1684 1579 pro
1709 1530 1774 1569 illa
1794 1530 1935 1567 Moreti
1955 1530 2086 1568 codex,
2115 1533 2262 1572 Hiems.

1370 1607 1427 1642 29.
1458 1591 1633 1642 Errant.]
1684 1597 1811 1629 Errent
1839 1592 1993 1630 Putean.
2027 1593 2179 1632 Moreti.
2209 1596 2293 1641 Jun.
2322 1598 2363 1636 &

1319 1647 1379 1684 sex
1409 1645 1466 1683 alii
1487 1645 1524 1682 ὅ(
1546 1643 1642 1683 Edit.
1673 1643 1819 1692 Micyll.
1853 1644 1890 1680 &
1920 1642 2056 1681 Bersin.
2086 1645 2222 1690 exstant
2256 1648 2365 1687 Leid‚

1319 1709 1433 1742 mox,
1462 1708 1530 1732 non
1555 1695 1689 1743 latuisse
1702 1692 1828 1744 finum
1856 1694 2008 1731 Putean.

1324 1776 1556 1867 Beana?
1586 1774 1954 1874 inamfffiziguraze'
1981 1774 2152 1863 ‘'53⁷0ssss
2183 1778 2245 1835 ”b-

1326 1881 1500 1918 Aucron
1539 1855 1692 1915 E’Lficr.
1721 1877 1851 1914 ETON.
1907 1838 2001 1924 ,Αςῖν
2032 1832 2371 1924 infrondisnsdoeiieiii

1323 1931 1456 1979 scripti.
1484 1930 1643 1977 informis
1674 1928 1710 1966 P.
1734 1928 1831 1965 Dan.
1858 1928 1954 1965 forte
1986 1927 2091 1965 bene.
2130 1931 2177 1967 ita
2208 1932 2371 1980 informes

1319 1982 1441 2030 plagas
1460 1981 1604 2018 Inferos
1627 1978 1718 2016 dixit
1731 1977 1863 2015 Claud.
1881 1990 1910 2014 r.
1931 1978 2039 2026 Rapt.
2066 1991 2147 2018 101.
2175 1991 2214 2022 ut
2235 1987 2369 2026 Noster

1322 2032 1428 2080 saepe
1452 2031 1553 2079 Stygi
1575 2039 1766 2077 comparat
1790 2029 1959 2066 Ponticas
1975 2041 2097 2078 aquas.
2134 2032 2254 2081 Mox,
2269 2038 2373 2085 freta

1324 2096 1411 2133 quae
1426 2081 1556 2130 pediti,
1584 2082 1656 2118 Ms.
1677 2080 1809 2118 Bersrn.
1828 2080 1900 2128 seq.
1923 2080 2024 2117 versu
2038 2109 2048 2125 ,
2061 2091 2104 2120 w·
2123 2097 2192 2135 qua
2216 2087 2255 2126 P,
2269 2089 2369 2128 Dan,

1325 2136 1363 2172 ὃ(
1386 2134 1485 2171 Editi
1507 2131 1689 2170 nonnulli.
1716 2144 1756 2169 ut
1778 2145 1845 2181 quo
1865 2131 2098 2170 Mssissersm.
2113 2134 2244 2178 Bunm.

1380 2212 1439 2250 3¹·
1466 2201 1599 2257 spic-ula
1619 2203 1707 2238 testa
1729 2200 1912 2251 venenis.]
1972 2201 2096 2240 Tintffa
2129 2217 2215 2244 cum
2240 2207 2366 2256 pletis-j

1331 2265 1404 2303 que
1426 2252 1572 2300 scriptis.
1594 2253 1741 2289 Heius.

1386 2329 1445 2366 35.
1475 2316 1612 2367 mina]
1651 2315 1737 2365 Istuc
1756 2316 1904 2363 Junian.
1928 2316 2082 2357 Putean.
2110 2319 2149 2357 δε
2170 2319 2372 2363 duodecim

1334 2370 1407 2408 alii.
1428 2368 1497 2416 istic
1516 2368 1589 2406 sex.

1336 2441 1446 2520 ὀυξ.
1475 2429 1658 2480 Caztffas.]
1714 2429 1879 2479 Cauſjam
1900 2428 1959 2467 sex
1985 2428 2104 2480 scripti
2126 2432 2165 2472 δί
2185 2434 2273 2475 editi
2295 2439 2381 2487 qui-J

1391 2560 1452 2598 39.
1480 2547 1685 2586 praebentia
1697 2546 1899 2597 formam]
1928 2546 2292 2593 Francofiducemia3
2309 2548 2386 2589 ele-².

1339 2610 1478 2650 gauter.
1507 2613 1534 2638 1.
1558 2600 1653 2638 Met.
1672 2609 1764 2649 402.

1394 2664 1598 2715 Mollirique
1615 2675 1737 2712 mora,
1765 2663 1971 2713 mollitaque
2002 2663 2120 2701 ducere
2134 2665 2310 2711 formam,'

1341 2730 1394 2769 ita
1411 2730 1529 2767 ducere
1549 2738 1670 2765 notam
1691 2738 1763 2767 wc.
1790 2728 1865 2766 vid.
1882 2726 1928 2765 ad
1943 2738 1993 2764 v1.
2016 2726 2104 2765 Fast.
2116 2727 2203 2776 649.
2229 2729 2363 2785 Bunm5'

1391 2805 1452 2882 (ἐς).
1480 2797 1526 2830 Et
1544 2805 1632 2843 quae
1644 2791 1906 2843 praecipuum]
1937 2796 1983 2830 Et
1995 2805 2083 2842 quae
2094 2801 2297 2844 perpetuum
2307 2796 2384 2837 duo

1349 2855 1395 2883 co
1424 2855 1509 2883 ices.

1399 2918 1463 2957 41.
1491 2907 1684 2959 Oraeque.]
1738 2909 1884 2961 Finique
1913 2908 2066 2948 Putean.
2090 2909 2150 2948 hic
2178 2912 2291 2949 oritur
2314 2911 2384 2953 Ed.

1350 2959 1491 3009 Gryph.
1510 2959 1645 2997 ssersm.
1666 2963 1705 2998 ὅ(
1728 2960 1800 2999 alii.

1398 3035 1464 3083 43.
1492 3030 1547 3062 At
1567 3031 1680 3082 Notus
1698 3026 1845 3074 adverfi)
1867 3026 2001 3076 tepidus
2020 3025 2080 3075 qui
2091 3027 2206 3074 spirat
2225 3024 2270 3062 ab
2287 3027 2384 3078 axe.]

1349 3077 1513 3134 Tepqdum
1539 3089 1604 3133 qus.
1621 3076 1735 3132 spirat
1760 3077 1892 3115 reeiius
1925 3077 2132 3126 complures
2165 3087 2209 3113 ex
2238 3076 2387 3128 scriptis.

1348 3129 1518 3167 Avienus
1537 3128 1783 3176 deleriptione
1803 3128 1923 3166 orbis:

1354 3245 1382 3283 B
1401 3192 1553 3280 isflhqua
1572 3191 1644 3229 lene
1663 3197 1776 3230 Notus
1789 3192 1923 3242 spirat,
1951 3201 2021 3240 qua
2033 3188 2208 3241 perstrepit
2237 3195 2368 3232 Eurusg

1387 3254 1450 3282 oet
1484 3255 1559 3281 ius:

1405 3311 1519 3360 Spirat
1538 3309 1702 3359 insanum
1714 3306 1891 3360 nebulosus
1911 3307 2050 3357 Auster.
2383 3360 2405 3399 J

2307 3370 2396 3410 apur
