2495 3675
20 0 118 36 ,Ἥβῃ

631 149 1264 212 TRISTIUM
1338 150 1667 213 Lus-11.

360 260 450 316 An
474 219 638 332 genus
661 259 767 315 hoc
793 259 974 331 scripti
1000 258 1201 314 faciunt
1225 257 1310 311 sua
1338 256 1538 329 pulpita
1565 269 1774 322 tutum3
1847 259 1850 263 ’

433 332 710 406 Quodque
737 331 897 393 libet,
936 331 1109 385 mimis
1133 331 1284 395 scena
1311 329 1470 384 licere
1499 330 1687 385 dedit?

355 404 431 460 Et
457 424 574 461 mea
595 407 713 461 sunt
737 405 938 475 populo
964 403 1138 483 saltata
1159 406 1408 473 poemata
1429 402 1606 476 saepe:

219 497 322 550 520

434 478 601 550 Saepe
627 479 811 532 oculos
839 476 998 528 etiam
1026 474 1303 529 detinuere
1336 488 1475 531 tuos.

364 550 576 605 Scilicet
605 552 658 604 in
685 546 932 603 domibus
957 545 1165 610 vestris,
1204 560 1262 600 ut
1288 547 1452 617 prisca
1480 548 1718 603 virorum

430 623 644 677 Artifici
666 621 872 690 fulgent
898 633 1124 689 corpora
1151 618 1286 688 pieta
1314 637 1500 682 manu;

356 695 474 758 Sic,
499 711 632 764 quae
657 691 977 746 concubitus
1002 691 1170 746 varios
1197 690 1535 764 Venerisque
1563 693 1753 763 figuras
1829 695 1833 698 ’

431 766 741 839 Exprimat‚
781 763 855 818 est
879 763 1056 836 aliquo
1080 779 1238 835 parva
1265 762 1450 818 tabella
1476 766 1614 819 loco

63 977 227 1019 omnino
251 977 265 1022 ζ
301 976 414 1014 lentus
441 976 501 1014 sex
532 972 718 1012 meliores.
743 972 828 1012 vide
858 973 977 1011 Notas
1001 971 1113 1020 Epist.

2099 839 2208 892 Ut-

1168 970 1341 1009 &andum
1365 973 1566 1021 populum‘,
1593 980 1634 1012 ut
1660 972 1702 1014 sit
1727 974 1839 1014 dativi
1865 972 1971 1011 casus.
1993 971 2109 1024 populo
2128 971 2214 1020 reci·¹

69 1042 146 1070 xix.
165 1027 220 1071 Μ.
242 1027 302 1065 81.
329 1026 424 1075 apud
446 1025 646 1064 Horatium
678 1025 738 1062 lib.
761 1037 788 1062 1.
817 1024 926 1073 Epist.
949 1035 977 1062 1.
999 1021 1114 1060 lentus
1167 1032 1246 1061 tata
1275 1023 1422 1061 Lovan.
1445 1028 1744 1075 poematafi’mper
1766 1024 1917 1064 Moreti.

63 1082 250 1132 spectator,
269 1077 450 1127 speetatori
464 1075 583 1126 sedulo
603 1076 805 1124 opponitur
823 1088 831 1112 z

119 1139 314 1178 Exanimat
335 1138 447 1176 lentus
460 1137 647 1188 speetator,
666 1135 809 1184 J‘edulus
828 1133 945 1186 inflat.

65 1199 177 1294 {giilise
190 1198 260 1272 lib.
290 1210 363 1238 xix.
391 1198 478 1248 576.
514 1197 559 1236 de
587 1196 794 1235 Hannibale
826 1197 989 1234 Romam
1019 1195 1113 1235 obfi-

115 1321 222 1354 Nunc
242 1313 364 1351 aditus
383 1313 528 1362 lustrat,
557 1311 692 1362 clausas
712 1324 804 1349 nunc
823 1310 954 1359 cuspide
967 1309 1086 1360 pulfitt

72 1396 80 1402 .
117 1364 243 1412 Infesta
261 1374 376 1414 portas
389 1393 398 1409 ,
420 1364 626 1412 fruiturque
642 1363 763 1399 timore
775 1371 984 1409 paventum.

116 1421 224 1454 Nunc
245 1416 358 1452 lentus
377 1413 465 1464 celsis
485 1413 599 1462 astans
616 1412 653 1451 in
672 1411 809 1450 collibus
836 1412 952 1450 intrat

115 1465 242 1503 Urbem
263 1465 380 1504 oculis.

64 1529 117 1570 ita
137 1525 267 1566 vetusti
287 1525 446 1565 codices.
470 1526 640 1565 Tibullus
659 1525 753 1565 libro
775 1537 828 1563 1v.
849 1525 953 1573 Eleg.
977 1523 1036 1562 xri

117 1595 217 1628 Nam
236 1588 324 1626 mihi
346 1588 433 1637 quid
444 1586 548 1638 profit
567 1586 697 1626 morbos
713 1585 888 1629 evincere,
908 1583 942 1633 si
959 1594 999 1621 tu

170 1640 295 1688 Nostra
309 1648 400 1690 potes
417 1639 507 1676 lento
522 1640 648 1688 pectore
659 1638 754 1684 ferre
773 1635 883 1674 mala.

65 1708 128 1747 ubi
160 1707 248 1745 laeto
277 1714 360 1744 ante
389 1705 608 1754 Scaligerum
637 1702 734 1740 male
764 1701 961 1751 legebatur.
997 1700 1108 1739 initio

64 1758 228 1807 ejusdem
253 1755 528 1807 Epigrammatis
556 1753 784 1791 scribendum
805 1753 843 1789 in
867 1751 1048 1797 Tibullo,

115 1823 218 1871 Estne
236 1823 300 1861 tibi
311 1851 323 1868 ,
349 1819 512 1859 Cerinthe
524 1848 534 1864 ,
562 1830 643 1857 tuae
657 1819 717 1868 pia
736 1830 819 1855 cura
834 1817 990 1866 puellae,

167 1879 266 1912 Dum
287 1886 362 1911 mea
379 1884 471 1909 nunc
488 1880 599 1909 vexat
620 1879 753 1919 corpora
764 1868 850 1918 feffiz
872 1869 974 1907 calor.

65 1937 127 1976 ubi
141 1938 312 1988 placitare
325 1936 457 1986 puellae
476 1965 487 1982 ,
525 1935 600 1985 Qt‘
621 1947 697 1973 mea
720 1947 811 1972 nunc
831 1944 952 1973 vexat.
978 1947 1110 1985 perpe-

63 1999 142 2027 ram
161 1989 306 2038 legitur.
343 1988 450 2026 Estne
477 1987 544 2025 tibi
564 1987 611 2025 de
629 1997 691 2023 me
711 1997 817 2030 cura,
846 1986 965 2034 inquit
980 2013 990 2030 ,
1018 1987 1108 2025 dum

60 2039 259 2079 febricito?
291 2039 434 2076 Heius.
480 2038 636 2075 Nullum
666 2035 819 2073 dubium
850 2035 899 2073 est
928 2035 1040 2074 lentus
1058 2037 1109 2075 le·

61 2089 238 2137 gendum.
260 2089 286 2127 si
305 2090 404 2127 enim
423 2088 533 2126 laetus
551 2088 671 2136 legas,
697 2085 932 2134 exprobraret
944 2087 1110 2136 Augusto

61 2138 178 2178 Poeta
211 2141 439 2188 voluptatem
463 2167 474 2183 ,
511 2151 623 2188 quam
666 2149 711 2175 ex
741 2137 926 2175 obscaenis
956 2146 1111 2186 caperet.

63 2190 184 2228 multo
209 2192 323 2239 magis
350 2189 375 2227 fi
403 2201 488 2228 cum
511 2186 738 2227 Lovanienst
758 2188 962 2236 legeretur,
990 2188 1110 2237 turpis.

63 2238 198 2278 lentum
215 2252 305 2279 vero
331 2252 408 2278 non
429 2240 655 2288 negligenter
677 2236 866 2275 videntem
882 2265 892 2282 ‚
921 2246 961 2276 ut
982 2238 1107 2277 sedulo

61 2300 268 2340 opponatur
285 2319 296 2337 ‚
322 2291 426 2340 capio
442 2319 452 2335 ‚
480 2290 540 2328 sed
560 2301 638 2327 non
660 2296 898 2327 commotum
915 2316 923 2332 ‚
944 2290 1006 2337 qui
1030 2302 1107 2327 non

58 2340 174 2380 statim
198 2343 264 2380 iras
296 2341 526 2390 concipiebas
541 2369 552 2385 ‚
581 2341 619 2378 &
646 2339 691 2378 ad
711 2339 911 2376 vindictam
935 2351 1105 2388 praeceps

63 2393 232 2437 eras‚ve1
254 2393 386 2436 etiam,
407 2391 494 2440 quia
511 2390 629 2428 studio
651 2390 689 2428 ὃς
713 2389 902 2438 voluptate
921 2389 1104 2437 spectandi

59 2443 263 2480 tenebatur.
284 2441 359 2478 vid.
387 2442 539 2479 Sueton.
575 2440 671 2487 Aug.
692 2451 750 2486 45.
778 2439 876 2477 unde
908 2440 1105 2478 comitatem

58 2491 213 2542 Augusti
233 2491 295 2529 hic
316 2503 466 2540 quoque
483 2490 606 2528 laudat
620 2489 730 2526 Naso.
743 2488 789 2526 sic
804 2489 1106 2530 Liviuslib.xx11.

62 2553 120 2588 14.
149 2542 353 2579 Tendentem
384 2542 431 2577 ad
462 2541 599 2578 maenia
623 2545 796 2576 Romanae
818 2539 965 2576 coloniae
984 2543 1106 2578 Anni-

60 2591 173 2630 balem
191 2592 277 2629 lenti
290 2592 492 2640 spectantes.
508 2592 606 2627 &ita
628 2598 717 2637 puto
730 2590 927 2638 legendum
948 2592 1041 2638 apud
1056 2593 1104 2629 E-

60 2643 194 2692 gefipp.
222 2643 267 2681 de
299 2642 427 2679 Excid.
456 2641 546 2678 Urb.
570 2641 671 2678 Hier.
693 2653 721 2678 1.
748 2653 792 2678 11.
827 2639 907 2677 haec
929 2642 1105 2686 spefflabat

61 2693 260 2730 accumbens
281 2694 319 2730 in
336 2693 445 2731 medio
468 2690 754 2734 concubinarum,
783 2690 996 2728 lentusinter
1016 2693 1103 2738 escas

61 2743 238 2793 &pocula
258 2744 330 2781 δίς.
357 2743 418 2781 ubi
448 2743 558 2790 vulgo
590 2741 699 2778 laetus
721 2742 973 2779 circumfertur
996 2745 1033 2781 ὃ(
1054 2745 1103 2782 ita

61 2792 173 2831 tentus
191 2795 293 2843 saepe
316 2794 451 2832 Nostro
474 2793 625 2830 sumitur
640 2820 650 2836 ‚
679 2800 720 2829 ut
731 2792 1004 2841 Ep.xv11.249.
1029 2795 1102 2832 vid.

65 2844 197 2883 Graev.
227 2845 272 2882 ad
291 2845 410 2882 Cicer.
434 2854 489 2880 w.
516 2844 622 2880 Verr.
646 2842 706 2879 61.
733 2844 769 2879 &
789 2844 839 2880 ita
862 2843 1102 2891 patientem&

64 2892 197 2932 lentum
218 2896 410 2944 conjungit
433 2894 552 2931 Cicer.
574 2905 617 2929 11.
637 2892 682 2929 de
706 2895 810 2930 Orat.
836 2905 894 2938 75.
915 2893 1047 2932 Euam.

113 2949 196 2993 ςιῡ.
225 2944 435 2993 Materiae]
467 2945 621 2980 Materia
645 2957 719 2979 mea
740 2944 918 2981 ssarberin.

117 2995 200 3044 518.
229 2996 396 3044 Qodque
425 2995 537 3044 licet]
602 2995 770 3043 {ondque
804 2993 884 3030 libet
926 2995 1106 3033 nonnulli.

66 3045 202 3084 NAuG.
237 3047 371 3083 Melius
401 3045 508 3083 codd.
540 3045 599 3082 alii
625 3072 635 3089 ‚
674 3045 842 3094 Quodque
872 3044 952 3081 libet
986 3046 1109 3081 Mimis

66 3095 167 3142 scena
188 3096 280 3133 licere
293 3096 401 3134 dedit.
415 3097 465 3133 D.
479 3096 618 3133 Heius.
647 3095 741 3131 Libet
759 3095 856 3132 reete
868 3097 1032 3133 nonnulli
1048 3108 1112 3133 vc-

67 3152 171 3182 tetes.
200 3147 343 3185 Hfims.
371 3147 424 3184 Ita
443 3147 488 3184 ad
511 3147 650 3183 Heren.
669 3145 1005 3192 auetoriib.1v.25.
1026 3160 1109 3183 nam

66 3207 154 3280 quae
176 3195 305 3246 reliqua
318 3197 390 3245 spes
410 3196 580 3235 libertatis
600 3207 719 3234 manet
733 3225 743 3241 ‚
767 3195 797 3245 fi
812 3195 882 3232 illis
907 3197 996 3246 quod
1016 3197 1111 3243 libet,

86 3246 159 3282 icet.
189 3246 259 3283 &c.
287 3246 418 3286 Euam.

119 3307 204 3344 519.
229 3297 486 3389 Str-gamala]
544 3299 637 3340 Non
656 3310 676 3338 a
705 3299 846 3348 populo
866 3297 925 3338 sed
946 3297 990 3338 ad
1016 3297 1114 3347 dele-¹

1219 1090 1304 1131 520.
1331 1084 1517 1123 Detinuere
1538 1086 1649 1136 tuos.]
1694 1093 1774 1123 Suos
1803 1087 1874 1124 Ms.
1899 1085 2033 1123 Bersm.
2065 1071 2070 1076 ⁵

1218 1156 1302 1191 521.
1334 1151 1374 1181 In
1395 1146 1550 1184 domibus
1565 1146 1683 1192 vestris
1698 1174 1707 1190 ‚
1729 1156 1768 1182 ut
1788 1146 1896 1195 prisca
1917 1145 2115 1194 virorum]
2139 1147 2211 1183 120³

1168 1194 1281 1232 mibus
1303 1196 1421 1243 nostris
1432 1197 1776 1245 Lovan.&septem
1796 1197 1914 1234 alii.in
1940 1196 2084 1233 Bonon.
2107 1206 2206 1240 erat,

1164 1254 1373 1295 parentum,
1402 1255 1442 1286 ut
1462 1247 1709 1296 intelligantur
1730 1247 1914 1295 majorum
1940 1248 2114 1295 imagines
2129 1274 2139 1290 ‚
2168 1257 2214 1285 ex

1169 1305 1279 1345 gente
1309 1297 1424 1343 Julia;
1453 1306 1491 1336 ut
1510 1300 1557 1336 ita
1574 1299 1726 1336 stemma
1747 1297 1849 1335 suurn
1881 1297 1912 1343 J.
1934 1297 2121 1333 Caesarem
2144 1308 2214 1343 po·

1171 1345 1272 1384 suiffe
1300 1348 1334 1384 in
1365 1348 1456 1386 aede
1488 1349 1644 1387 Veneris
1665 1349 1873 1386 Genetricis
1901 1348 2050 1395 conjicit
2080 1346 2213 1384 Casau·

1171 1397 1288 1435 bonus
1311 1398 1354 1436 ad
1387 1398 1538 1437 Sueton.
1559 1399 1661 1437 Caes.
1679 1399 1797 1436 initio.
1821 1396 1935 1446 posset
1955 1399 1991 1435 &
2017 1397 2108 1443 legi,
2135 1408 2212 1432 tua-

1168 1461 1262 1486 rum.
1288 1448 1346 1487 sed
1369 1449 1407 1487 &
1426 1450 1570 1499 vulgata
1592 1451 1636 1488 de
1656 1450 1751 1487 Viris
1768 1448 1958 1486 Illustribus
1978 1449 2115 1496 antiqui
2129 1448 2212 1485 aevi

1167 1498 1285 1547 potest
1306 1500 1407 1547 capi,
1440 1509 1480 1539 ut
1507 1503 1555 1539 ita
1578 1529 1588 1546 ,
1620 1500 1736 1550 priscis
1757 1500 1875 1547 sparsa
1897 1498 2030 1534 tabellis
2059 1498 2212 1534 Porticus

1171 1560 1202 1586 1.
1228 1550 1308 1587 Art.
1336 1551 1425 1587 Am.
1452 1563 1488 1590 v.
1509 1563 1566 1595 71.
1588 1549 1748 1598 Artificis
1779 1549 1944 1586 Leidenl.
1978 1548 2136 1585 sternens
2173 1550 2214 1585 δε

1168 1600 1449 1646 quatuordecim
1472 1602 1542 1640 alii.
1565 1601 1672 1639 male.
1709 1603 1841 1650 pectora
1855 1600 1931 1647 fida
1964 1599 2137 1638 Vatican.
2157 1607 2216 1648 ρος

1166 1651 1260 1687 Hora
1286 1651 1380 1700 pifft‘a
1411 1651 1537 1692 Servii.
1573 1652 1705 1690 Burin.

1220 1722 1304 1760 523.
1332 1713 1434 1759 §Quae
1454 1710 1690 1759 concubitus]
1753 1710 1897 1747 Merula
1927 1711 1980 1747 his
2011 1709 2210 1749 Tiberium

1163 1762 1263 1809 tangi
1287 1769 1411 1809 putat,
1426 1762 1489 1810 qui
1511 1761 1597 1799 teste
1618 1761 1770 1799 Sueton.
1789 1772 1866 1808 cap.
1882 1771 1939 1807 43.
1968 1760 2140 1797 Cubicula
2155 1761 2211 1796 la-

1153 1809 1351 1860 sciviffimis
1379 1810 1515 1848 tabellis
1543 1822 1585 1851 ω’
1623 1811 1860 1861 Elephantidis
1898 1810 1994 1847 libris
2031 1810 2211 1857 instruxit.

1163 1861 1224 1900 sed
1243 1873 1328 1900 cum
1349 1870 1448 1900 totus
1470 1859 1682 1900 effetPoeta
1701 1863 1738 1900 in
1759 1860 1937 1910 placando
1962 1860 2111 1898 Caesare
2125 1889 2135 1906 ‚
2163 1872 2210 1900 an

1163 1913 1223 1950 ille
1234 1924 1312 1950 non
1324 1914 1535 1961 itaingenio
1553 1913 1616 1951 suo
1635 1913 1813 1960 imperare
1833 1909 2023 1960 potuisset,
2037 1923 2210 1961 nequem

1165 1974 1210 2001 ex
1223 1963 1355 2001 Domo
1370 1963 1530 2011 Augusta
1550 1962 1740 2012 tangeret?
1768 1970 1951 2011 praeterea
1970 1962 2060 2000 haec
2082 1974 2102 2000 a
2124 1963 2215 2001 Sue-

1164 2015 1272 2051 tonio
1292 2014 1337 2052 ad
1349 2014 1407 2051 illa
1426 2013 1567 2052 Tiberii
1578 2023 1745 2062 tempora
1766 2014 1995 2057 referuntur,
2017 2023 2112 2061 quae
2134 2025 2213 2051 non

1167 2065 1285 2112 attigit
1316 2064 1413 2102 Naso
1438 2077 1446 2101 :
1482 2075 1594 2114 quare
1625 2066 1747 2113 potius
1779 2065 1814 2101 in
1840 2074 1974 2112 genere
2004 2063 2143 2111 capiam
2165 2063 2212 2102 de

1167 2114 1313 2163 picturis
1334 2115 1475 2163 antiqui
1505 2115 1624 2162 operis
1645 2142 1655 2158 ‚
1691 2126 1785 2164 quae
1813 2114 2011 2151 lascivioris
2032 2123 2133 2152 erant
2155 2126 2211 2152 ar-

1167 2165 1358 2213 gumenti:
1384 2166 1433 2203 ita
1461 2165 1595 2203 Plinius
1616 2165 1675 2202 lib.
1694 2176 1804 2202 xxxv·
1828 2176 1883 2202 ιο,
1916 2164 2026 2208 dicit,
2054 2165 2213 2202 Parrha-

1156 2213 1251 2264 fiam
1262 2214 1452 2252 minoribus
1464 2214 1598 2252 tabellis
1617 2215 1775 2253 libidines
1793 2214 1955 2263 pinxiffe,
1969 2228 2003 2252 eo
2022 2227 2139 2263 genere
2153 2225 2210 2264 pe·

1165 2266 1399 2315 talantisjoci
1413 2268 1449 2312 se
1470 2264 1673 2313 reficientem
1687 2294 1696 2310 ,
1718 2267 1756 2303 &
1778 2266 1856 2303 talis
1878 2266 2019 2302 tabulae
2041 2267 2212 2303 meminit

1165 2316 1318 2355 Sueton.
1332 2316 1460 2354 Tiber.
1488 2329 1546 2363 44.
1569 2317 1642 2354 vid.
1658 2317 1703 2354 de
1724 2316 1860 2354 lascivis
1880 2316 2026 2364 picturis
2046 2315 2208 2354 Broukh.

1163 2367 1209 2404 ad
1228 2367 1336 2415 Prop.
1359 2379 1410 2406 11.
1431 2379 1465 2404 v.
1490 2370 1551 2405 26.
1581 2368 1617 2405 ὅ(
1635 2367 1810 2404 Nostrum
1831 2378 1876 2403 11.
1908 2366 1987 2402 Art.
2009 2365 2092 2402 680.
2120 2366 2206 2404 tales

1159 2417 1257 2455 forte
1279 2446 1288 2462 ,
1338 2418 1387 2455 ob
1423 2417 1570 2465 pi&oris
1601 2429 1752 2455 manum
1775 2444 1787 2460 ‚
1833 2416 2022 2453 carissimas
2063 2415 2206 2454 tabellas

1159 2467 1285 2507 habuit
1302 2468 1442 2516 aliquot
1454 2495 1464 2510 ,
1475 2467 1535 2506 sed
1547 2479 1676 2516 paucas
1690 2495 1700 2511 ‚
1717 2466 1896 2514 Augustus
1909 2494 1918 2510 ,
1947 2476 2033 2513 quas
2055 2477 2132 2503 non
2145 2478 2209 2511 cer

1158 2517 1245 2555 lebri
1269 2518 1392 2555 Palatii
1424 2517 1510 2555 loco
1534 2545 1545 2562 ,
1584 2517 1644 2555 sed
1669 2518 1705 2554 in
1738 2518 1861 2565 aliquo
1882 2516 2073 2552 secretiore
2091 2516 2203 2563 loco,

1161 2568 1425 2606 collocaverat:
1457 2578 1494 2606 ut
1508 2579 1582 2605 non
1596 2577 1670 2606 tam
1683 2567 1840 2605 libidinis
1862 2565 2052 2603 irritandae
2067 2594 2077 2609 ‚
2091 2578 2206 2615 quam

1160 2619 1301 2656 artificii
1322 2618 1436 2657 cautla
1458 2630 1521 2656 eos
1547 2618 1678 2655 habere
1704 2618 1899 2655 videretur.
1929 2628 1973 2652 ex
1993 2615 2055 2653 illo
2075 2627 2201 2655 autern

1158 2669 1265 2707 Plinii
1282 2670 1368 2707 loco
1385 2669 1583 2707 videndum
1598 2696 1608 2713 ‚
1621 2680 1665 2706 an
1688 2680 1762 2706 non
1783 2667 1876 2714 apud
1894 2667 2123 2714 Propertium
2143 2666 2204 2705 lib.

1158 2731 1222 2757 111.
1241 2731 1330 2757 vm.
1355 2732 1408 2757 12.
1436 2720 1584 2768 antiqua
1602 2718 1713 2757 lectio
1738 2717 1851 2768 poss'et
1872 2717 2024 2762 servari,

1211 2789 1253 2820 In
1274 2783 1406 2820 Veneris
1427 2782 1548 2819 tabula
1560 2782 1740 2829 summam
1755 2780 1821 2830 fibi
1837 2781 1932 2830 ponit
1954 2780 2112 2828 Apelles;
2150 2791 2160 2825 ,’

1263 2833 1470 2876 Parrhasius
1493 2843 1608 2881 parva
1629 2832 1790 2869 vindicat
1813 2843 1887 2868 arte
1903 2831 2070 2880 pharum.

1160 2898 1214 2936 uti
1237 2899 1332 2936 male
1366 2899 1523 2948 Scaliger
1548 2909 1664 2949 parta.
1691 2901 1747 2938 sed
1771 2910 1811 2940 ut
1836 2901 1934 2939 reEte
1957 2903 2040 2941 Car.
2060 2902 2148 2942 Dari
2166 2885 2208 2945 iii

1160 2951 1236 2986 vita
1257 2949 1427 2986 Parrhasii
1446 2962 1524 2997 pag.
1545 2962 1606 2997 79.
1626 2961 1737 2998 parva
1757 2966 1834 2996 ars,
1861 2953 1940 2990 sunt
1968 2953 2102 3001 figurae
2125 2968 2206 3002 par-

1162 3011 1230 3036 vae
1252 3002 1288 3036 ὅ(
1310 3000 1450 3036 tabulae
1474 3002 1647 3038 minores.
1673 3011 1712 3038 ut
1736 3003 1782 3039 ita
1804 3013 1969 3050 opponat
1989 3007 2138 3043 exeunti
2158 3018 2204 3044 ex

1166 3051 1261 3086 Mari
1284 3050 1420 3096 Apellis
1443 3050 1581 3089 Veneri
1604 3080 1613 3095 ‚
1652 3063 1748 3098 quae
1774 3063 1846 3090 crat
1864 3055 1901 3090 in
1931 3055 2050 3093 tabula
2071 3067 2203 3103 magna

1166 3100 1260 3147 picta
1276 3127 1285 3142 ,
1299 3100 1336 3137 δε
1351 3101 1451 3148 cujus
1470 3113 1558 3139 mox
1581 3104 1751 3139 meminit
1772 3104 1902 3141 Noster
1915 3132 1924 3148 ,
1948 3106 1984 3142 &
1999 3117 2108 3153 quam
2123 3107 2202 3144 Au-

1165 3150 1282 3199 gustus
1312 3149 1495 3189 dedicavit
1526 3153 1561 3189 in
1604 3153 1755 3190 delubro
1786 3156 1892 3201 patris
1913 3155 2082 3193 Caesaris.
2110 3157 2200 3194 Plin.

1167 3212 1277 3238 xxxv.
1295 3212 1352 3238 10.
1375 3201 1481 3250 hujus
1503 3203 1539 3239 ὃ(
1560 3203 1690 3240 Noster
1709 3205 1879 3242 meminit
1901 3217 1953 3242 1v.
1973 3217 2016 3241 ex
2044 3207 2146 3242 Pont.
2167 3218 2196 3241 r.

1166 3264 1227 3297 29.
1254 3252 1291 3288 &
1322 3263 1398 3289 non
1431 3254 1581 3302 quidem
1601 3253 1717 3302 pictae
1740 3282 1750 3298 ‚
1779 3255 1838 3292 sed
1869 3267 1915 3292 ex
1944 3255 2061 3302 lapide
2087 3254 2202 3290 faciae

1167 3313 1231 3344 111.
1249 3302 1329 3341 Art.
1344 3314 1434 3391 {24-
1465 3304 1540 3353 ejus
1567 3304 1698 3354 species
1716 3306 1752 3344 in
1776 3304 1937 3344 nummis
1958 3302 2204 3343 adanensmm

1388 3363 1440 3392 Z'L

2098 3351 2203 3397 vide«,
