2495 3675
212 212 319 268 206
710 202 1263 265 P.oV1D11
1337 200 1869 265 NASONIS

506 321 721 379 Sidonis
747 323 950 378 interea
973 338 1171 395 magno
1195 322 1429 377 clamore
1455 335 1550 391 per
1577 336 1732 392 agros

367 400 470 466 650
584 397 892 468 Quaeritur.
934 397 1192 467 adparent
1219 394 1361 466 figna
1384 407 1653 466 notaeque
1678 392 1898 466 pedum.

511 468 755 527 Ventum
784 483 895 524 erat
922 469 988 523 ad
1018 470 1181 540 ripas:
1221 468 1429 522 inerant
1456 467 1673 539 vestigia
1698 467 1840 540 ripis,

580 543 837 598 Sustinuit
865 543 1048 595 tacitas
1072 541 1314 596 conscius
1349 540 1514 595 amnis
1541 557 1715 614 aquas,

514 616 624 690 Ipsa
648 616 796 688 loqui
819 614 923 668 visa
948 613 1050 678 est,
1083 614 1289 669 Placidi
1314 614 1428 669 sum
1452 613 1704 687 Nympha
1730 612 1975 669 Numici:

590 692 769 745 Amne
794 704 1031 759 perenne
1057 689 1222 742 latens
1244 691 1401 741 Anna
1427 686 1671 741 Perenna
1697 704 1880 742 vocor.

375 773 473 836 655
511 763 764 820 Protinus
789 762 974 815 erratis
1002 762 1124 816 laeti
1150 760 1433 814 vescuntur
1458 759 1514 813 in
1543 761 1707 832 agris:

590 835 663 889 Et
687 834 955 890 celebrant
980 835 1128 906 largo
1153 832 1316 906 seque
1340 832 1596 905 diemque
1623 849 1791 888 mero,

515 908 648 964 Sunt
674 908 866 982 quihus
891 907 1022 962 haec
1049 909 1206 962 Luna
1231 905 1332 970 est,
1370 905 1495 980 quia
1521 905 1783 961 mensibus
1811 907 2029 979 impleat
2053 923 2274 964 annum:

596 982 724 1037 Pars
749 981 1020 1045 Themin,
1057 979 1326 1035 Inachiam
1353 996 1468 1050 pars
1495 992 1645 1052 putat
1675 979 1777 1034 esse
1802 979 2016 1038 bovem.

524 1056 794 1118 Invenies,
831 1054 924 1128 qui
953 1068 1007 1109 te
1030 1053 1323 1126 Nymphen
1347 1053 1626 1107 Atlantida
1654 1052 1865 1117 dicant3

378 1136 482 1187 660
592 1128 790 1202 Teque
810 1127 934 1198 Jovi
957 1128 1192 1200 primOS,
1230 1128 1419 1191 Anna,
1458 1125 1662 1182 dedisse
1686 1126 1851 1183 cibos,

2233 1199 2392 1256 Haec

285 1348 370 1396 645.
399 1344 536 1383 Tunicd
556 1343 679 1381 velata
718 1339 908 1391 recinfld]
953 1337 1162 1379 Discindta:
1189 1339 1287 1379 hanc

234 1409 441 1447 numquam
463 1398 501 1435 in
531 1395 640 1433 cubili
660 1394 860 1443 ponebant.
908 1392 1043 1431 Noster
1062 1391 1146 1430 alibi
1165 1391 1212 1431 de
1232 1392 1289 1430 A·

235 1449 382 1490 riadnfi:

288 1519 399 1563 thue
410 1521 484 1550 erat
504 1509 530 1547 ιὶ
543 1510 663 1559 fhmno
685 1507 809 1546 tunicii
824 1509 947 1547 velata
966 1509 1119 1548 recincta
1131 1537 1144 1556 ,

336 1563 446 1602 Nuda
464 1561 581 1612 pedem
594 1590 605 1607 ,
633 1573 760 1598 croceas
774 1559 955 1610 irreligata
976 1574 1100 1601 comas.

237 1620 415 1658 NfiAror..

288 1682 374 1727 647.
403 1677 561 1716 Tumidis
588 1674 727 1725 rapuiffi
755 1674 942 1713 Numicius
973 1673 1121 1724 undis.]
1172 1673 1294 1723 Atqui

1391 1340 1476 1389 652.
1503 1339 1643 1377 Tacitas
1662 1339 1812 1390 aquas]
1843 1339 2396 1390 TenuesZulich.Mazar.prim:

1340 1391 1515 1430 Ambros.
1538 1391 1576 1429 ὃς
1597 1391 1673 1429 duo
1695 1391 1765 1429 alii.
1785 1392 1943 1431 totidem
1957 1420 1968 1436 ‚
1997 1393 2146 1442 rapidas.
2177 1395 2215 1431 ὃ(
2233 1392 2401 1442 sequenti

1341 1443 1446 1482 versu
1461 1471 1470 1489 ,
1491 1454 1558 1491 pro
1572 1441 1713 1491 placidi
1734 1442 1900 1487 Numici,
1928 1442 2073 1482 Zulich.
2094 1445 2233 1483 Mazar.
2254 1443 2402 1482 Arond.

1348 1495 1456 1545 prim.
1477 1494 1610 1532 Ambr.
1627 1491 1734 1532 Voss'.
1753 1494 1965 1543 Nauger.&
1987 1502 2057 1532 tres
2077 1495 2157 1541 alii,
2185 1495 2309 1544 rapidi.
2335 1494 2398 1533 sed

1348 1546 1458 1585 male.
1495 1543 1618 1584 Posset
1646 1552 1773 1583 tamen
1798 1545 1923 1595 placiti
1952 1546 2034 1594 legi.
2066 1547 2265 1595 quomodo
2285 1546 2349 1584 lib.
2369 1558 2399 1584 1.

1347 1598 1443 1636 Met.
1476 1596 1532 1641 Jc'ls.
1560 1609 1646 1644 702.
1668 1597 1841 1645 placitum
1871 1597 2022 1634 Ladonis
2052 1598 2100 1633 ad
2127 1611 2266 1635 amnem
2287 1623 2297 1640 ,
2332 1608 2400 1645 pro

1341 1649 1523 1699 placidum
1538 1677 1547 1693 ,
1566 1647 1807 1697 reposuimus.
1821 1648 1965 1687 Herm.
1979 1648 2067 1686 Vid.
2078 1648 2206 1688 Heius.
2217 1648 2263 1686 ad
2274 1646 2406 1686 Claud.

232 1731 412 1783 placidum
436 1730 528 1767 infra
546 1735 658 1765 vocat
687 1728 727 1763 &
759 1725 874 1762 undas
903 1726 980 1775 ejus
1002 1726 1144 1764 tacitas.
1163 1726 1294 1776 serpere

238 1795 391 1834 quoque
421 1780 554 1819 dicitur
575 1779 614 1817 &
643 1775 796 1827 quidem
818 1778 920 1826 cursu
948 1777 1067 1816 tacito.
1094 1776 1194 1816 Met.
1214 1789 1296 1816 xiv.

241 1838 328 1875 602.

293 1899 415 1938 Littus
430 1897 508 1935 adit
525 1901 679 1932 Laurens
693 1921 703 1938 ‚
732 1893 790 1931 uhi
810 1894 916 1930 tefius
937 1894 1111 1933 arundine
1119 1894 1228 1944 serpit

293 1958 336 1988 In
349 1952 447 1998 freta
466 1946 640 1997 flumineis
661 1945 782 1983 vicina
805 1945 991 1983 Numicius
1012 1946 1137 1984 undis:

295 2009 400 2040 Hunc
404 2000 503 2051 jubet
527 2004 656 2035 AEneae
678 2009 898 2047 quaecunque
919 1996 1066 2035 obnoxia
1087 1998 1194 2035 morti

294 2053 449 2091 Abluere
462 2080 472 2096 ,
499 2062 543 2090 ω’
565 2049 670 2086 tacito
691 2048 819 2095 deferre
829 2046 897 2096 sub
917 2060 1067 2099 aequora
1085 2049 1197 2096 cursu.

247 2116 352 2156 Silius
370 2115 435 2154 lib.
458 2125 552 2153 vm.

296 2183 407 2222 Haud
432 2181 549 2232 procul
581 2180 662 2219 hinc
689 2189 800 2231 parvo
831 2179 1032 2229 descendens
1043 2180 1145 2226 fonte
1166 2176 1301 2216 Numi-

426 2247 484 2270 cus

298 2285 450 2325 Labitur
470 2312 481 2330 ‚
509 2294 552 2324 (9⁶
574 2281 643 2320 leni
657 2291 714 2332 per
731 2281 842 2318 valles
863 2280 1025 2319 volvitur
1044 2294 1157 2319 amne.

250 2353 359 2403 prim.
382 2348 554 2389 Ambros.
575 2346 704 2397 rapidis
723 2346 828 2384 undis
855 2347 894 2383 ὃς
910 2346 1119 2384 Voffianus.
1146 2348 1212 2396 qui
1235 2357 1301 2396 pro

251 2403 391 2443 diversa
419 2400 603 2445 lectione,
631 2397 772 2447 cupidis.
807 2397 916 2435 reete.
958 2396 1158 2447 quomodo
1189 2399 1303 2436 etiam

253 2454 436 2494 Arondel.
457 2453 599 2489 Mazar.
626 2449 771 2488 Zulich.
789 2449 897 2498 prim.
916 2448 1059 2488 Fames.
1079 2450 1118 2487 δε
1147 2456 1217 2488 tres
1235 2449 1306 2488 alii.

254 2506 416 2556 Epistola
435 2503 588 2541 Acontii
601 2529 611 2547 ‚

310 2580 418 2623 Inque
437 2571 503 2609 mei
527 2568 660 2619 cupidos
679 2577 782 2619 rapta
791 2566 1022 2617 fereresinus.

257 2641 297 2696 ὃς
316 2641 363 2677 src
379 2640 486 2689 saepe
508 2638 607 2677 alibi.
632 2646 674 2675 ut
704 2638 802 2676 forte
831 2636 1005 2685 scriptum
1028 2636 1128 2676 Naso
1150 2636 1310 2687 relique-

259 2699 305 2729 nt

318 2718 329 2736 ,
389 2775 460 2783 —
487 2753 616 2804 cupidis
638 2748 780 2802 rapuiſj'e
803 2748 986 2787 Numicius
1007 2747 1100 2785 ulnis

316 2804 472 2843 Dicitur.

262 2870 408 2908 Herm.
436 2867 483 2904 Et
504 2868 554 2904 ita
573 2865 844 2905 Broukhufium
866 2864 1028 2903 maluiffe
1046 2862 1222 2903 indicavit
1241 2864 1311 2903 mi-

265 2920 305 2958 hi
324 2920 488 2968 optimus
513 2918 814 2966 Hoogstratanus.
842 2916 979 2952 timidis
997 2917 1086 2953 duo.

319 2986 407 3034 650.
434 2986 536 3032 Signa
566 2982 770 3033 notaeque]
827 2989 964 3021 Notata
990 2982 1113 3023 Ursini
1131 2982 1251 3023 codex
1272 2984 1312 3023 δί

269 3038 369 3088 prior
387 3035 560 3072 Vatican.
580 3035 640 3072 sed
660 3033 770 3082 Epist.
790 3046 872 3072 x1x.
893 3037 952 3082 56.

272 3152 313 3191 H
326 3100 501 3148 Adsuetae
514 3100 615 3151 signa
636 3112 823 3152 notamque
842 3102 934 3141 viae.

319 3165 418 3192 ems.

326 3221 411 3268 651.
442 3226 585 3257 Inerant
604 3221 744 3269 vestigia
762 3220 883 3269 ripis.]
912 3219 1036 3258 Silius:

325 3271 439 3309 Vicini
459 3272 506 3308 ad
529 3272 621 3321 ripas
639 3271 750 3322 fluvii
771 3271 951 3319 manifesta
961 3274 1158 3323 sequuntur

330 3321 433 3372 Signa
447 3323 587 3372 pedum.

281 3374 408 3415 Nm.
436 3374 571 3424 Instant
586 3376 643 3415 Pr.
655 3375 785 3416 Ambr.
797 3375 835 3415 ὃ(
849 3375 969 3415 Laeti.
981 3375 1074 3427 ripae
1091 3375 1219 3415 Petav-

1351 1700 1464 1739 Cons.
1484 1699 1615 1737 Mallii.
1638 1711 1724 1749 234.

1401 1761 1485 1810 654.
1516 1760 1656 1810 Vocon]
1687 1766 1821 1811 Loquor
1841 1773 1945 1801 unus.
1968 1762 2045 1801 vid.
2065 1763 2127 1801 lib.
2150 1775 2194 1800 11.
2215 1762 2302 1811 796.

1406 1813 1491 1860 655.
1519 1810 1690 1862 Erratis]
1704 1817 1872 1851 Errantes
1894 1813 2065 1853 Ambros.
2073 1818 2263 1864 pascuntur
2276 1811 2408 1852 More·¹

1351 1863 1393 1902 ti.
1413 1862 1452 1900 in
1478 1863 1577 1901 arvis
1593 1863 1666 1901 sex.

1404 1928 1490 1977 657.
1521 1927 1717 1980 Annum]
1745 1928 1871 1968 Orbem
1891 1929 1995 1970 Voff.
2011 1931 2050 1969 ὃς
2071 1931 2194 1969 Vatic.
2214 1942 2302 1981 quae
2311 1930 2412 1977 men-j

1345 1977 1440 2029 fibus
1462 1980 1629 2018 Sarravii.

1406 2045 1492 2093 659.
1520 2044 1706 2095 Nymphen
1735 2043 1974 2096 Atlantida.]
2006 2045 2254 2083 Athalantida
2284 2039 2413 2092 Juniii

1357 2095 1538 2134 Puteanus
1559 2097 1598 2133 ὃς
1616 2096 1767 2145 quidam
1789 2097 1859 2135 alii.
1889 2096 2063 2134 Nilanida
2074 2096 2196 2134 Vossii
2216 2097 2412 2145 Excerpta.

1357 2146 1394 2184 in
1423 2148 1678 2186 Mazariniano
1708 2147 1802 2186 erasa
1831 2157 1907 2185 erat
1939 2158 2042 2187 vetus
2073 2147 2197 2185 lectio.
2231 2147 2319 2184 latet
2347 2146 2414 2185 ali-

1357 2198 1459 2247 quid.
1485 2210 1572 2236 nam
1594 2199 1728 2237 Noster
1747 2199 1901 2247 primam
1927 2200 1964 2237 in
1983 2199 2138 2236 Atlante
2158 2199 2341 2246 corripere
2353 2197 2413 2235 so-

1357 2249 1419 2287 let.
1449 2250 1649 2288 Atlantida
1670 2250 1859 2299 Nymphen
1892 2251 2135 2288 Germanicus
2155 2249 2413 2297 Amphitriten

1359 2309 1494 2346 vocat,
1522 2313 1634 2351 quam
1657 2302 1739 2339 tulit
1758 2302 1922 2350 Delphin
1954 2303 1991 2339 in
2018 2300 2199 2338 thalamos
2219 2300 2414 2348 Neptuni,

1359 2364 1441 2401 pag.
1464 2354 1522 2402 56.
1551 2353 1619 2391 Ed.
1637 2352 1744 2391 Grot.
1766 2353 1905 2390 Marsus
1939 2353 1999 2390 vel
2031 2351 2224 2389 Pleionem
2254 2351 2415 2390 Atlantis

1362 2405 1560 2453 conjugem
1575 2433 1585 2449 ,
1611 2405 1672 2442 vel
1694 2405 1836 2454 Majam
1859 2404 1971 2442 filiam
1986 2403 2166 2451 intelligit.
2193 2402 2289 2439 dicat
2301 2403 2415 2440 etiam

1361 2455 1533 2493 Francos.
1562 2455 1636 2493 vid.
1660 2456 1766 2493 Nuce
1790 2454 1847 2503 58.
1875 2455 1936 2494 ubi
1967 2453 2140 2493 Heinsius
2165 2454 2332 2493 Invenias
2353 2453 2415 2492 hic

1361 2506 1561 2556 legendum
1584 2505 1654 2544 effe
1676 2515 1792 2544 notat.
1820 2506 1951 2544 Eum.

1415 2576 1501 2614 661.
1530 2581 1624 2612 Haec
1640 2588 1795 2624 quoque,
1824 2588 1934 2625 quam
1954 2573 2143 2625 referam]
2191 2575 2300 2612 Hanc
2319 2573 2416 2610 forte

1362 2627 1548 2665 aniculam
1567 2627 1767 2676 quamdam
1791 2624 1892 2663 fuiffe
1924 2625 2177 2664 Bouillanam:
2205 2634 2298 2671 quae
2329 2633 2417 2661 cum

1368 2677 1466 2725 plebi
1486 2677 1628 2715 victum
1651 2675 1892 2716 necessarium
1922 2674 2137 2727 praebuisset
2158 2685 2204 2711 eo
2222 2682 2419 2721 ternpore,

1367 2738 1446 2776 quo
1462 2727 1655 2775 indignans
1675 2728 1773 2766 suam
1800 2729 1921 2766 vicem
1947 2727 1966 2764 a
1997 2726 2201 2774 magistratu
2223 2722 2366 2768 abiiffe,
2396 2722 2420 2762 ἔι

1366 2776 1526 2825 patribus
1548 2778 1685 2815 seceffit
1714 2780 1751 2816 in
1785 2779 1935 2817 Sacrum
1962 2785 2156 2817 montem;
2186 2775 2235 2811 ob
2265 2775 2301 2813 id
2327 2773 2420 2813 init&

1367 2839 1458 2876 pace
1478 2856 1489 2873 ‚
1516 2827 1567 2866 illi
1591 2827 1612 2865 a
1627 2828 1726 2878 grani
1754 2829 1859 2879 plebe
1890 2828 2032 2877 fignum
2065 2825 2229 2864 eretstum
2260 2827 2299 2864 ὃς
2327 2825 2416 2865 festa

1366 2890 1488 2919 annua
1507 2880 1713 2920 constituta.
1741 2882 1866 2919 NEAP.

1418 2949 1504 2986 662.
1531 2954 1570 2985 A
1591 2949 1667 2985 veri
1687 2947 1820 2996 diffidet
1835 2946 1899 2983 illa
1919 2946 2025 2996 fide.]
2056 2952 2094 2984 A
2116 2957 2200 2984 vera
2213 2945 2422 2994 fideUrsmJ

1367 2998 1510 3037 Zulich.
1531 3000 1669 3036 Mazar.
1691 3000 1799 3047 prim.
1815 2997 1943 3035 Ambr.
1965 2999 2096 3043 Laeti,
2123 2999 2230 3047 prim.
2252 2997 2359 3034 Med.
2379 2997 2420 3034 &

1368 3050 1506 3139 {elptem
1527 3049 1595 3087 alii.
1623 3049 1728 3088 bene.
1757 3049 1847 3087 Dixi
1868 3049 1978 3088 Notis
1999 3049 2044 3088 ad
2066 3050 2175 3099 Epist.
2194 3060 2274 3086 xv1.
2292 3047 2348 3092 sss.
2360 3049 2422 3087 60.

1414 3113 1517 3139 Eius.

1425 3169 1511 3218 663.
1539 3168 1658 3208 Nullis
1675 3169 1782 3207 etiam
1803 3182 1895 3207 nunc
1925 3177 2005 3206 tuta
2032 3164 2222 3215 tribunis]
2259 3172 2320 3203 Sat
2340 3175 2423 3203 tuta

1375 3221 1527 3259 Man&
1549 3221 1829 3270 sequentisversu
1849 3232 1914 3269 pro
1935 3230 2010 3256 erat
2031 3219 2150 3255 codex
2171 3216 2292 3255 Urfin.
2316 3219 2423 3265 prim.

1376 3272 1548 3311 Ambros.
1572 3274 1670 3310 Max.
1690 3274 1797 3322 prim.
1817 3271 1958 3310 Fames.
1978 3273 2016 3309 &
2036 3270 2095 3306 alii
2115 3268 2306 3323 nonnulii,
2335 3267 2423 3305 abit.

1379 3323 1484 3373 quod
1510 3325 1670 3372 praestat.
1710 3324 1853 3360 Heius.
1891 3322 2010 3359 Etiam
2043 3331 2163 3357 tutata
2195 3319 2296 3357 Voss.
2315 3319 2422 3373 etiam

1381 3384 1458 3414 tum
1469 3384 1550 3414 tuta
1561 3375 1737 3426 quinque.
1749 3384 1832 3413 tunc
1849 3373 1956 3413 multi
1973 3375 2010 3413 ὃς
2024 3371 2111 3411 editi
2121 3381 2286 3422 quoque.
2298 3378 2422 3407 ettam-

2338 3430 2425 3458 num
