2495 3675
384 147 1809 246 FAsToR'UML1B.1v.

2105 196 2208 264 267

344 301 533 375 Quam
560 299 708 354 fimul
733 297 1002 369 adspexit;
1043 292 1286 348 Comites
1311 296 1585 361 accedite,
1624 298 1792 366 dixit3

428 374 500 429 Et
527 390 739 427 mecum
765 370 960 426 vestros
982 367 1118 421 flore
1144 368 1346 437 replete
1370 368 1520 424 finus,

349 446 554 503 Praeda
578 447 833 518 puellares
860 442 1063 495 animos
1089 439 1344 510 proleStat
1372 441 1567 508 inaniS,

420 522 492 575 Et
516 535 626 573 non
657 516 877 570 sentitur
906 513 1183 568 sedulitate
1211 513 1376 568 labor.

203 613 301 666 435
343 593 499 650 Haec
524 590 707 660 implet
732 588 882 641 lento
905 585 1134 640 calathos
1161 584 1191 638 e
1218 585 1416 641 vimine
1443 601 1647 646 textos:

209 657 211 659 ¹
308 722 317 725 ,
417 667 572 720 Haec
596 660 892 730 gremium,
924 659 1069 713 laxos
1093 658 1347 730 degravat
1380 660 1461 713 illa
1486 661 1639 718 sinus.

346 740 429 794 Illa
457 733 585 804 legit
613 733 835 786 calthas:
876 731 999 785 huic
1027 731 1143 785 sunt
1170 732 1390 787 violaria
1415 751 1600 790 curae:

415 809 499 862 llla
524 821 838 877 papavereas
864 804 1097 859 subsecat
1121 821 1300 876 ungue
1325 823 1520 862 comas,

38 1078 96 1117 ita
115 1074 214 1114 enim
240 1071 370 1112 vetusti
393 1070 549 1110 codices.
576 1068 638 1108 ubi
666 1068 778 1118 plura.
815 1065 979 1116 apposite
999 1065 1088 1124 Pru-

46 1128 190 1167 dentius
217 1125 298 1170 περὶ
316 1123 481 1171 zet-sepeio.
506 1123 663 1171 Hymno
696 1120 730 1158 S.
750 1119 783 1158 S.
804 1119 898 1157 Petri
924 1119 963 1156 ὅ(
987 1117 1090 1157 Pauli

40 1176 311 1229 Apostolorum
327 1203 337 1221 ,

97 1247 150 1284 Sic
166 1251 271 1296 prata
292 1241 408 1279 vernis
428 1240 566 1291 floribus
584 1239 755 1279 renident.

47 1311 222 1361 Apulejus
252 1309 348 1346 Met.
376 1318 428 1346 xv.
476 1312 569 1343 Inter
596 1304 721 1342 varias
750 1302 910 1340 herbulas
937 1311 981 1341 (φ’
1016 1301 1088 1338 lae-

40 1361 172 1410 aeifflma
199 1359 315 1398 vireta
340 1357 552 1407 fulgentium
574 1357 729 1404 rosarum
751 1352 998 1409 minius-color
1035 1367 1088 1409 re-

39 1412 198 1451 videbat.
237 1412 286 1449 ita
313 1408 555 1447 scribendum.
584 1408 622 1444 ὃς
654 1405 702 1442 est
732 1404 769 1442 id
799 1404 899 1460 yerbi
925 1402 1084 1450 saepem

43 1463 107 1504 illo
129 1462 150 1501 a
172 1461 321 1500 librariis
349 1470 537 1509 perperam
567 1464 763 1494 mutatum.
782 1454 874 1491 libro
898 1465 948 1489 xi.
970 1450 1086 1508 Arbo-

44 1527 95 1552 res
109 1513 261 1564 germine
274 1511 440 1558 foliorum
462 1508 665 1546 renidentes.
692 1503 795 1555 quod
814 1504 909 1541 male
928 1510 1087 1541 mutavn:

43 1562 345 1605 Elmenhorstius.
374 1562 519 1599 Hiems.
904 1605 911 1611 ἢ

97 1627 181 1664 431.
209 1610 371 1663 Quam]
433 1614 527 1658 Quos
557 1609 709 1647 Putean.
742 1606 780 1644 &
819 1605 966 1654 Regius.
1000 1617 1087 1656 quas

45 1667 197 1706 Tliuan.
216 1676 315 1712 quem
333 1663 432 1700 alius.
452 1674 538 1711 quae
560 1657 730 1696 Ambros.
748 1656 837 1708 quod
859 1656 948 1693 duo.
1074 1708 1081 1714 ι

94 1729 179 1764 432.
204 1713 322 1752 Plenos
336 1709 682 1761 florerefhrtefinus.]
712 1708 836 1764 Veslros
847 1707 966 1751 referte
977 1707 1083 1745 multi

43 1781 89 1807 ex
106 1766 251 1815 scriptis.
276 1763 399 1812 vestros
408 1763 527 1812 replete
543 1762 600 1799 alii
618 1759 797 1798 nonnulli.
809 1758 918 1797 bene.
939 1757 1084 1797 Hms.

40 1824 174 1856 Etnaeo
196 1815 316 1863 nostros
331 1813 412 1864 flore
433 1813 552 1863 replete
565 1811 663 1862 finus
679 1822 785 1848 unus.

94 1891 179 1929 433.
206 1876 515 1922 Animostoblee'iat
536 1871 691 1922 inanis.]
730 1872 804 1910 Alii
822 1900 833 1917 ‚
852 1871 1019 1918 delcetat,
1037 1885 1084 1910 ex

41 1929 265 1971 melioribus.
290 1928 361 1967 Sed
378 1940 465 1966 vere
485 1928 608 1965 Petav.
628 1926 666 1961 &
687 1922 1085 1981 Urfin.-proleelat.quo

41 1982 204 2031 speffitant
223 1981 335 2018 etiarn
365 1980 502 2027 primus
530 1976 636 2015 Med.
656 1976 692 2013 &
714 1975 883 2013 Politiani
902 1974 1086 2022 Excerpta

46 2045 131 2072 cum
151 2040 310 2080 quatuor
330 2030 426 2074 aliis,
454 2029 517 2078 qui
540 2029 702 2077 projeffat
724 2026 939 2075 agnoscunt.
981 2025 1087 2063 Plau«

45 2093 102 2123 tus
120 2081 354 2120 Bacchidibus
377 2081 460 2118 Aa.
479 2092 542 2117 111.
564 2079 619 2116 Sc.
637 2089 692 2115 vx.

96 2145 260 2184 Etiamne
276 2145 366 2181 ultro
389 2144 457 2182 tuis
477 2157 531 2182 me
543 2141 709 2192 prolectas
727 2140 869 2191 probris.

37 2209 254 2251 Prudentius
275 2208 454 2257 Amartig.

96 2273 161 2320 Ast
171 2273 280 2318 aliae,
309 2285 395 2323 quas
415 2271 533 2309 nullus
548 2284 647 2308 amor
662 2270 829 2322 proleblat
846 2271 980 2311 edendi,

3 2365 9 2371 -
43 2338 227 2376 Ausonius
252 2337 321 2386 Ep.
337 2349 415 2374 xxv.
445 2335 617 2373 editionis
636 2336 770 2373 alienae
785 2336 950 2386 prolebiat
969 2337 1084 2374 auda-

45 2389 148 2426 ciam.
184 2390 388 2437 Cyprianus
414 2387 476 2425 sub
503 2386 617 2424 finem
648 2387 717 2434 Ep.
746 2401 774 2424 1.
803 2388 967 2425 Prolettet
985 2402 1086 2426 aures

48 2438 198 2486 religiosa
219 2438 381 2476 mulcedo.
421 2438 597 2485 Apulejus
615 2438 710 2474 Met.
730 2438 822 2475 libro
843 2450 877 2475 v.
901 2445 988 2477 Mox
1006 2449 1084 2488 pro-

46 2487 193 2524 leffante
206 2487 318 2534 fludio
336 2486 583 2527 pulcherrimae
609 2485 749 2534 vifionis
769 2488 922 2524 miratur
935 2489 1084 2537 fingula.

47 2539 209 2580 &mox‚
239 2542 284 2573 Et
304 2536 382 2573 illae
394 2536 536 2584 sedatae
554 2535 752 2583 lachrymae
769 2537 972 2583 postliminio
991 2541 1083 2578 rede-

46 2599 113 2626 unt
128 2588 334 2636 prolectante
356 2587 493 2635 gaudio.
519 2587 557 2623 &
580 2598 631 2622 1x.
660 2592 818 2623 Canorae
833 2588 940 2624 etiam
958 2591 1084 2628 avicu-

48 2637 101 2676 lae
125 2637 330 2686 prolel‘lante
353 2651 458 2674 verno
487 2645 609 2686 vapore
638 2647 816 2674 concentus
842 2639 966 2684 suaves
985 2642 1082 2688 adso·

48 2700 148 2726 nant.
176 2691 214 2726 ὅ(
234 2690 273 2726 in
302 2688 489 2736 Apologia
503 2715 513 2730 ‚
541 2687 646 2735 Quod
664 2687 797 2733 institui
810 2697 950 2737 pergam
969 2692 1082 2742 dispu-

28 2748 122 2786 ¹tare
142 2769 152 2784 ‚
189 2739 324 2776 nullam
358 2738 448 2775 mihi
476 2739 614 2786 causam
635 2738 737 2787 suiffie
769 2739 1006 2779 Pudentillam
1035 2746 1084 2780 ad

51 2791 185 2839 nuptias
203 2789 425 2839 prolectandi.
472 2789 681 2826 Marcianus
707 2789 853 2838 Capella
878 2791 971 2829 lib:o
993 2805 1083 2833 v111.

50 2843 144 2878 Tunc
155 2841 259 2879 etiam
270 2839 436 2888 nuptialis
446 2840 578 2886 gratiae
589 2841 724 2876 nomine
737 2840 943 2888 prolestatus
956 2871 966 2887 ‚
976 2843 1083 2881 inun-

48 2889 169 2929 dantis
193 2891 309 2930 temeti
329 2891 364 2938 se
388 2889 551 2939 infusione
568 2891 751 2939 proluerat.
781 2891 874 2928 Usu*²
898 2893 1010 2930 etiam
1033 2895 1082 2933 est

49 2952 96 2980 eo
116 2943 227 2980 verbo
251 2943 384 2979 Cicero
404 2970 415 2986 ,
449 2950 489 2978 ut
519 2942 556 2978 &
586 2941 808 2979 Ammianus
836 2942 1081 2984 Marcellinus.

50 2990 98 3032 fic
115 2994 152 3031 &
172 2992 310 3030 eleHare
329 2992 472 3031 Plautus
491 2991 591 3029 dixit.
619 2992 658 3028 &
683 2992 842 3028 allel-iare
864 2995 995 3033 (liceto
1009 2997 1080 3034 Ca„

49 3049 138 3080 tone
175 3055 251 3093 cap.
281 3054 358 3082 Χνι.
404 3042 568 3080 iniectare
603 3042 687 3081 Val.
721 3042 870 3081 Flaccus
900 3045 992 3083 libro
1025 3059 1079 3085 iv,

99 3158 202 3194 Haud
218 3158 330 3208 procul
351 3158 516 3196 inlectam
540 3162 677 3206 Argum
691 3185 702 3204 ‚
728 3157 929 3206 languentia
948 3169 1054 3197 cantu

102 3209 250 3245 Lumina
269 3212 390 3246 cuneta
409 3218 519 3246 notat.

47 3269 98 3308 fic
121 3269 244 3308 scribo.
268 3272 431 3319 insectans
458 3283 644 3319 perperam
675 3270 800 3320 vulgo.
825 3272 870 3310 de
892 3273 1080 3311 Mercurio

45 3322 189 3370 Argum
210 3322 368 3362 cantibus
390 3322 621 3362 demulcente
641 3321 689 3362 est
709 3322 847 3373 sermo.
873 3324 960 3363 hinc
979 3324 1017 3363 ὅ(
1039 3323 1085 3374 ilf

2047 937 2162 995 Has
2173 978 2191 1006 ,

1145 1066 1200 1104 lex
1228 1077 1363 1107 cantus.
1384 1069 1542 1118 prolicere
1568 1071 1785 1111 restituimus
1819 1072 1915 1122 apud
1942 1075 2114 1113 Nostrum
2146 1077 2191 1115 li·

1144 1118 1210 1156 bro
1231 1133 1277 1157 11.
1307 1121 1404 1159 Artis
1419 1150 1428 1164 ‚
1448 1121 1500 1163 jis.
1514 1122 1597 1167 718.
1622 1124 1683 1162 ubi
1701 1124 1876 1162 adeantur
1893 1134 2015 1163 notae.
2044 1127 2186 1167 HEINS.

1195 1182 1279 1220 434.
1308 1177 1353 1208 Et
1376 1185 1444 1208 non
1467 1173 1656 1223 semitam]
1714 1175 1903 1224 Lamprid.
1934 1176 2039 1213 Alex.
2065 1178 2190 1217 Sever.

1145 1220 1311 1258 Laborem
1351 1222 1389 1259 in
1425 1224 1570 1262 victoria
1600 1238 1696 1262 nemo
1718 1225 1833 1275 senstt.
1865 1227 1957 1264 forte
1980 1255 1988 1270 ‚
2023 1227 2184 1275 sentitus.

1144 1272 1290 1310 Hiems.
1315 1274 1449 1311 Nescio
1471 1285 1515 1313 an
1531 1276 1682 1322 sentitus
1703 1277 1738 1314 se
1761 1279 1851 1316 tueri
1872 1279 1990 1325 possit.

1195 1335 1279 1372 435.
1308 1324 1650 1363 Calathosevimine
1662 1328 1794 1377 nexos.]
1826 1333 1945 1365 Textos
1965 1328 2068 1366 Voff.
2080 1330 2188 1378 primi

1141 1373 1313 1412 Ambros.
1333 1374 1476 1413 Zulich.
1504 1378 1640 1415 Mazar.
1668 1378 1775 1415 Laeti
1800 1406 1809 1422 ,
1845 1380 1953 1426 prim.
1986 1379 2124 1417 Fames.
2146 1383 2187 1418 ὃς

1143 1423 1251 1511 11]ιὲῑὶ
1271 1424 1343 1462 alii.
1369 1424 1473 1474 quod
1502 1426 1646 1476 sequor.
1675 1428 1897 1467 Claudianus
1922 1430 1983 1469 lib.
2002 1443 2048 1469 11.
2076 1432 2183 1479 Rapt.

1145 1485 1188 1523 13
1219 1502 1228 1512 .

1195 1554 1347 1566 —-—
1374 1550 1467 1575 nunc
1484 1539 1619 1578 vimine
1640 1551 1733 1578 texto

1192 1587 1352 1626 Ridentes
1368 1589 1527 1626 calathos
1533 1591 1652 1641 spoliis
1670 1592 1854 1641 agrestibus
1871 1593 1999 1643 implet.

1138 1653 1298 1692 Martial.
1316 1654 1377 1692 lib.
1398 1667 1451 1693 1x.
1469 1655 1536 1704 Ep.
1560 1668 1617 1704 74.

1193 1713 1323 1762 Clausa
1345 1715 1435 1753 mihi
1451 1726 1546 1753 texto
1564 1730 1641 1755 cum
1656 1719 1809 1767 prandia
1829 1721 1962 1759 vimine
1988 1724 2123 1763 mittas.

1140 1783 1384 1824 Nemesianus
1403 1787 1532 1837 Eclog.
1556 1802 1599 1827 11.
1627 1788 1673 1827 de
1697 1790 1891 1838 Luscinia,

1190 1851 1292 1899 Qae
1309 1850 1386 1889 licet
1402 1851 1581 1891 interdum
1600 1864 1755 1893 contexto
1773 1858 1907 1896 vimine
1926 1859 2055 1906 clausa.

1139 1913 1271 1963 Virgil.
1290 1927 1343 1953 1v.
1366 1917 1504 1967 Georg.
1527 1930 1584 1967 34.

1192 1987 1255 2018 Seu
1286 1981 1376 2019 lento
1391 1983 1525 2028 fuerint
1545 1983 1709 2022 alvearia
1728 1985 1863 2023 vimine
1881 1997 1992 2027 texta.

1142 2045 1274 2085 Statius
1297 2045 1421 2084 Theb.
1441 2059 1468 2084 1.
1491 2047 1575 2096 583.

1192 2106 1393 2143 Gramineos
1413 2107 1508 2145 dedit
1528 2106 1632 2145 herba
1651 2118 1738 2146 toros
1758 2120 1801 2150 cv·
1822 2109 1963 2149 vimina
1980 2125 2104 2163 querno

1194 2163 1304 2194 Texta
1323 2158 1453 2195 domus.

1139 2221 1188 2260 fic
1210 2222 1334 2271 paffim
1358 2231 1510 2261 veteres.
1538 2222 1670 2260 Noster
1687 2222 1747 2260 lib.
1769 2235 1822 2262 vs.
1840 2226 1901 2263 26.

1189 2296 1236 2329 Et
1257 2291 1368 2341 paries
1386 2290 1476 2328 lento
1501 2291 1636 2328 vimine
1653 2302 1769 2329 textus
1789 2303 1876 2331 erat.

1139 2356 1177 2394 &
1203 2367 1236 2393 11
1257 2356 1353 2394 Met.
1374 2367 1459 2404 ςςς.

1370 2428 1467 2455 texta
1488 2415 1529 2453 de
1549 2416 1683 2454 vimine
1701 2417 1792 2465 cista.

1138 2482 1268 2530 Virgil.
1287 2483 1418 2528 Eclog.
1439 2495 1483 2518 11.

1187 2540 1379 2577 Viminibus
1401 2539 1562 2590 mollique
1573 2551 1677 2589 paras
1699 2539 1850 2577 detexere
1862 2541 1978 2587 junco.

1137 2605 1185 2643 Et
1207 2618 1235 2643 1.
1253 2606 1391 2655 Georg.
1404 2604 1488 2644 266.

1189 2675 1293 2707 Nunc
1305 2670 1428 2717 facilis
1447 2670 1551 2707 rubea
1568 2679 1710 2708 texatur
1728 2671 1848 2723 fiscina
1867 2671 1979 2721 virga.

1138 2732 1185 2770 Et
1202 2745 1257 2774 xx.
1274 2735 1422 2775 AEneid.
1443 2739 1503 2786 65.

1188 2801 1354 2841 Arbuteis
1370 2812 1496 2839 texunt
1514 2803 1622 2852 virgis
1643 2816 1686 2844 &⁶
1706 2803 1838 2841 vimine
1857 2816 1994 2854 querno.

1138 2863 1386 2914 Senec.Epist.
1399 2879 1455 2904 xc.
1476 2868 1575 2916 Qid
1594 2880 1692 2918 ergo?
1720 2883 1786 2906 non
1805 2870 1996 2920 quamlibet
2017 2870 2173 2919 virgeam

1137 2925 1265 2952 cratem
1289 2927 1473 2954 texuerunt
1500 2931 1636 2956 manus.
1679 2921 1816 2958 Tibull.
1839 2934 1883 2959 11.
1906 2934 1968 2958 ιη.
1993 2935 2049 2970 ις.
2078 2928 2173 2958 Dum

1127 2964 1256 3013 fiscella
1271 2966 1341 3003 levi
1358 2967 1497 3004 detexta
1508 2968 1550 3016 est
1561 2970 1694 3007 vimine
1703 2972 1814 3019 junci.
1829 2973 1986 3010 Hieron.
1999 2973 2042 3010 ad
2056 2973 2174 3011 Rusti-

1136 3028 1268 3054 canum
1282 3017 1513 3056 Monachum
1526 3047 1536 3063 ‚
1560 3021 1616 3057 Vel
1627 3020 1802 3068 fiscellam
1815 3034 1888 3059 texe
1905 3024 2007 3071 viunco
2020 3052 2030 3068 ,
2043 3024 2100 3060 vel
2118 3035 2174 3058 ca-

1134 3067 1280 3112 m'strum
1313 3069 1417 3106 textis
1438 3069 1543 3119 plecte
1568 3072 1771 3111 viminibus.
1814 3074 1916 3111 Caes.
1946 3086 1997 3112 vs.
2024 3075 2069 3112 de
2103 3072 2174 3109 ssel.

1136 3118 1215 3155 Gal.
1248 3124 1421 3157 Contexta
1459 3121 1653 3161 viminibus
1672 3125 1837 3161 membra.
1876 3125 2016 3174 pleciere
2049 3135 2174 3162 tamen

1134 3168 1269 3206 vimine
1288 3170 1380 3208 dixit
1410 3170 1530 3209 Salust.
1554 3175 1648 3221 apud
1680 3177 1780 3213 Non.
1800 3177 1834 3213 in
1860 3183 2002 3213 Parma.
2031 3176 2172 3212 Hiems.

1135 3223 1191 3255 Ex
1212 3219 1344 3257 vimine
1354 3223 1468 3268 fac‘los
1488 3223 1594 3261 Bern.

1188 3271 1272 3319 436.
1300 3277 1411 3309 Laxos
1429 3272 1640 3326 degravat]
1671 3276 1729 3316 Sic
1749 3279 1892 3325 optime
1909 3276 1997 3315 liber
2013 3275 2172 3319 scriptus;

1137 3332 1239 3370 non,
1265 3321 1382 3411 lap4osl.
1419 3323 1595 3377 Nisaeos..

1323 3397 1355 3409 o—-A
1408 3385 1426 3410 2

1999 3383 2082 3421 437.
2111 3372 2175 3409 Illa
