2495 3675
392 129 955 198 EPISTOLARUM
990 130 1098 190 Ex
1137 90 1420 185 PONTo.
1457 112 1578 183 Lm.
1614 129 1675 185 11.
1710 129 1888 191 Emsr.
1925 133 2004 191 111.

2149 137 2250 203 767

323 284 325 287 .
365 228 369 232 ‘
401 236 594 308 Turpe
620 248 768 307 putas
795 231 966 304 abigi,
1002 229 1128 302 quia
1157 226 1217 280 sit
1238 222 1595 285 miseranduS,
1629 222 1891 290 amicum3

468 309 745 381 Quodque
775 306 833 360 sit
860 303 1073 365 infelix,
1111 299 1350 355 desinere
1375 295 1478 352 esse
1505 309 1674 349 tuum.

400 380 594 436 Mitius
619 380 696 435 est
720 376 842 433 lasso
869 377 1100 447 digitum
1127 376 1424 445 supponere
1456 380 1674 428 mentm

253 475 322 527 40

480 455 735 524 Mergere
761 466 920 522 quam
945 447 1156 519 liquidis
1189 463 1282 498 ora
1305 442 1528 497 natantis
1553 439 1720 512 aquis.

399 529 608 589 Cerne,
645 523 774 597 quid
802 520 1053 576 AEacides
1078 517 1193 589 post
1220 530 1451 570 mortem
1477 512 1700 585 praestet
1729 511 1928 566 amico:

471 599 631 654 instar
657 598 710 650 &
742 596 874 648 hanc
912 594 1076 644 vitam
1116 589 1303 643 mortis
1332 589 1525 642 habere
1553 597 1695 657 puta.

397 672 701 727 Pirithoum
728 664 971 720 Theseus
995 663 1198 734 Stygias
1225 659 1503 714 comitavit
1529 658 1591 711 ad
1621 656 1813 712 undas:

476 747 529 798 A
558 741 749 814 Stygiis
776 751 1033 811 quantum
1057 735 1163 787 sors
1191 751 1306 787 mea
1340 731 1492 786 distat
1517 730 1690 801 aquis!

259 836 324 889 45
403 816 597 872 Adfuit
625 815 802 868 insano
820 811 1026 882 juvenis
1055 806 1297 861 Phoceus
1324 804 1567 859 Orestae:

475 889 545 944 Et
573 904 688 942 mea
712 901 822 939 non
849 882 1131 937 minimum
1156 881 1308 952 culpa
1331 876 1525 932 furoris
1557 873 1732 930 habet.

110 1159 214 1201 gatae
237 1149 416 1188 mutatio:
446 1158 512 1196 pro
528 1159 585 1183 nos
607 1146 708 1184 enirn
725 1150 871 1182 tantum
885 1171 895 1188 ,
912 1156 981 1180 non
998 1170 1007 1187 ,
1029 1142 1068 1180 &
1090 1152 1158 1190 pro

103 1205 278 1250 fatentem
294 1229 304 1245 ‚
330 1200 498 1246 ferentem
528 1197 587 1234 vel
606 1207 773 1245 petentem
797 1194 1035 1232 rescribimus.
1063 1204 1159 1242 quae

113 1253 238 1302 paffim
262 1264 281 1289 a
304 1250 451 1288 librariis
473 1256 689 1295 permutata.
720 1248 777 1284 Sic
801 1246 869 1285 inf.
891 1257 943 1282 iv.
977 1243 1159 1292 Epist.111.

117 1316 174 1351 19.
202 1315 267 1351 pro
280 1300 430 1348 fateris,
452 1299 574 1346 fereris
602 1310 647 1336 ex
684 1300 770 1335 Mss.
793 1296 949 1344 reposuit
971 1294 1157 1332 Heinsius.

112 1354 198 1391 vide
223 1355 258 1390 ὃς
283 1352 328 1389 ad
342 1363 430 1388 vm.
451 1351 606 1387 Metam.
630 1349 712 1395 614.
742 1349 779 1385 ὅ(
802 1348 908 1384 Salm.
930 1346 974 1383 ad
998 1345 1158 1393 Capitol.

113 1405 291 1442 Pertinac.
313 1413 391 1449 cap.
415 1413 442 1438 1.
470 1401 656 1437 Praeterea
681 1400 866 1451 eleganter
896 1397 935 1436 &
958 1396 1079 1444 passim
1104 1395 1158 1432 di·

115 1456 208 1492 citur
229 1482 239 1496 ‚
278 1453 374 1499 ferre
400 1453 559 1498 frustum
582 1478 592 1494 ,
625 1451 803 1499 pretium,
823 1449 1007 1486 mercedem
1033 1474 1042 1490 ‚
1090 1446 1158 1483 ali-

120 1504 205 1555 quid
226 1505 298 1541 &c.
345 1516 386 1539 ex
401 1503 497 1548 sablo
519 1501 649 1551 aliquo.
685 1502 734 1538 ita
758 1500 832 1548 ipse
863 1498 1023 1536 Ovidius
1047 1497 1158 1547 Epist.

115 1567 233 1593 xviii.
251 1567 310 1598 κς.

167 1627 248 1658 Non
271 1631 390 1658 tamen
407 1634 422 1658 e
440 1623 531 1666 fabio
543 1621 702 1668 fruflum
722 1617 806 1655 tulit
826 1617 883 1656 ille
894 1618 1055 1668 petitum.

121 1720 177 1747 11.
196 1709 276 1745 Art.
300 1707 470 1744 Amator.
493 1715 575 1752 512.
602 1713 645 1741 ω’
665 1715 681 1738 e
701 1699 812 1741 nostra
829 1726 838 1742 ‚
862 1698 952 1748 quod
969 1707 1056 1746 petet
1072 1724 1082 1742 ,
1101 1710 1160 1735 ar-

115 1769 150 1796 τε
166 1760 270 1805 feret.
287 1758 378 1800 sablo
396 1767 485 1792 vero
509 1753 631 1790 malim
647 1780 657 1796 ‚
674 1762 784 1800 quam
807 1751 900 1791 aeto,
916 1757 1064 1796 propter
1084 1748 1158 1793 illa,

117 1821 213 1858 quae
226 1807 330 1845 tradit
341 1806 527 1843 ViCtorius
537 1804 582 1840 ad
596 1805 715 1840 Cicer.
731 1813 781 1837 ix.
796 1798 1156 1850 adFamirEpist.·14.

120 1861 159 1898 &
173 1858 291 1897 modo
311 1857 434 1905 Elegia
446 1856 513 1892 hac
530 1853 601 1900 ipsa
617 1852 705 1897 fabii
721 1850 880 1898 praemia
902 1849 1034 1886 Noster
1056 1848 1158 1886 dixit.

121 1921 218 1959 quae
238 1909 365 1946 omnia
379 1904 660 1956 persuadebant,
681 1898 964 1939 tolerabiliorem
981 1906 1076 1936 certe
1088 1897 1159 1936 effe

121 1961 281 1999 nostram
301 1956 600 1995 emendationem
632 1953 688 1990 illa
702 1980 711 1996 ,
734 1961 844 2000 quam
868 1961 983 1997 nuper
1003 1949 1081 1986 solo
1103 1951 1157 1986 in·

114 2013 226 2059 genio
259 2008 411 2047 confisus
430 2035 440 2052 ‚
484 2004 670 2054 proposuit
700 2001 925 2039 doetiffimus
959 1999 1156 2037 Heuman-

116 2073 186 2100 nus
208 2062 247 2100 in
265 2059 426 2107 Parergis
447 2056 590 2094 Criticis
610 2065 690 2103 pag.
706 2064 787 2097 117.

167 2145 212 2176 Te
231 2138 321 2175 nihil
334 2167 344 2183 ,
371 2136 518 2175 errando
537 2133 603 2182 nisi
620 2146 678 2170 nos
691 2130 830 2182 peccasse
846 2158 856 2174 ‚
876 2130 1065 2176 fatentem.

114 2223 211 2262 quae
237 2211 380 2250 nullum
418 2209 557 2247 sensum
589 2210 674 2246 huic
705 2208 792 2244 loco
821 2214 946 2253 aptum
977 2203 1153 2241 efficiunt.

115 2276 162 2302 ex
193 2262 358 2299 Merulae
386 2269 510 2297 autem
539 2259 882 2305 interpretationum
924 2267 994 2292 una
1018 2282 1028 2298 ,
1064 2253 1151 2291 illud

113 2313 261 2351 errando
293 2311 436 2349 videtur
464 2310 517 2346 vir
547 2318 672 2346 acutus
701 2306 874 2349 hausifle3
905 2317 1016 2354 quern
1038 2306 1148 2341 etiam

113 2363 329 2411 compilavit
362 2362 536 2408 interpres
570 2359 729 2396 Gallicus
760 2358 796 2395 in
829 2356 932 2394 usum
954 2355 1155 2402 Delphini,

116 2416 181 2465 qui
199 2414 315 2450 exacto
345 2411 558 2449 adverbium
583 2408 652 2446 effe
680 2408 823 2451 statuit,
850 2408 886 2443 ὅ(
907 2409 952 2443 ita
974 2407 1073 2442 hunc
1099 2405 1156 2442 lo-

118 2477 206 2504 cum
230 2464 385 2511 explicat
399 2489 408 2504 ,
437 2469 477 2498 ut
495 2460 566 2497 alio
588 2460 783 2505 interprete
805 2469 897 2505 opus
918 2456 983 2500 fit,
1004 2457 1066 2505 qui
1086 2467 1155 2493 no-

116 2516 169 2554 bis
206 2515 281 2563 ejus
322 2519 487 2550 mentem
517 2508 736 2547 tenebricosi
777 2506 978 2556 glossatoris
1007 2507 1155 2554 aperiat.

117 2575 280 2605 ceterum
311 2563 524 2611 sequentem
557 2560 700 2598 versum
731 2557 895 2607 expressit
928 2557 1057 2595 auctor
1076 2567 1154 2594 car-

117 2617 228 2656 minis
247 2616 283 2652 in
305 2613 522 2651 Anselmum
552 2610 649 2659 apud
684 2609 806 2648 Baluz.
828 2620 880 2647 iv.
901 2607 1054 2646 Miscell.
1074 2619 1153 2656 pag.

124 2665 209 2717 558.

171 2742 216 2774 Te
237 2732 385 2771 mercede
407 2741 499 2768 caret
513 2730 627 2778 judice
649 2739 750 2766 curta
766 2728 865 2776 fides.

119 2807 291 2847 Nostram
315 2809 360 2846 de
381 2809 454 2845 hoc
473 2805 577 2843 versu
597 2804 813 2842 sententiam
834 2804 912 2851 jam
931 2800 1016 2841 an‘te
1026 2804 1157 2852 viginti

120 2861 198 2898 fere
217 2870 333 2896 annos
352 2859 387 2894 in
409 2856 575 2905 Epillolis
597 2856 691 2903 Jano
705 2854 934 2892 Broukbufio
957 2853 1154 2902 perscripsi,

121 2912 161 2948 &
180 2911 218 2947 in
243 2909 406 2946 editione
436 2908 569 2945 minori
590 2914 674 2944 ante
693 2917 809 2944 annos
827 2905 956 2943 decem
979 2905 1127 2953 expreffi
1142 2933 1152 2949 ,

123 2972 208 2999 cum
227 2958 395 2998 noudum
428 2958 554 2995 Elee'ta
572 2957 768 2995 Etonensia
791 2957 880 2994 mihi
903 2958 1049 3005 cognita
1072 2955 1153 2992 fuis-

122 3011 226 3055 sent,
265 3021 360 3060 quae
390 3017 473 3046 ante
506 3009 695 3045 biennium
727 3019 874 3047 mecum
900 3007 1153 3044 communica-

124 3063 178 3099 vit
213 3070 316 3098 vetus
359 3061 398 3097 δε
437 3059 648 3097 certissimus
683 3061 820 3096 amicus
865 3058 1156 3106 Cuninghainus.

124 3123 219 3160 quae
241 3112 396 3159 adjicere
417 3110 531 3148 visum
554 3138 562 3153 ‚
589 3122 634 3147 ne
660 3122 719 3147 me
739 3111 818 3158 quis
839 3107 1048 3156 compilasse
1071 3108 1157 3144 alie-

124 3174 171 3200 na
201 3161 324 3198 scrinia
351 3169 483 3209 putet:
530 3172 612 3198 nam
647 3162 756 3197 video
785 3170 883 3197 nunc
906 3158 1155 3196 dostiffimum

126 3213 246 3249 virum
262 3238 272 3255 ,
299 3212 363 3258 qui
382 3211 576 3249 Etonensia
593 3212 716 3249 Eleela
730 3211 829 3248 dedit
848 3239 857 3254 ,
885 3210 1005 3258 legere
1021 3237 1029 3253 ‚
1045 3214 1086 3246 Te
1105 3210 1159 3244 ni-

129 3261 182 3300 hil
199 3275 238 3300 ex
274 3263 347 3298 acio
382 3260 446 3309 ntfi
476 3275 543 3300 non
565 3262 704 3312 peccaffe
734 3270 904 3311 petentem
930 3288 940 3304 ,
968 3260 1006 3298 &
1027 3259 1160 3299 deinde

2155 992 2251 1050 Tu

1213 1151 1280 1188 pro
1304 1146 1473 1186 petentem
1501 1137 1612 1175 etiam
1629 1163 1638 1179 ‚
1660 1136 1832 1182 ferentem
1850 1130 2067 1171 substituisse.
2085 1130 2130 1170 de
2149 1131 2249 1180 cujus

1216 1189 1391 1234 consensu
1411 1190 1501 1226 mihi
1519 1187 1679 1237 gratulor
1720 1185 1848 1223 Bunm.

1267 1263 1327 1302 35.
1351 1250 1570 1300 Judicete.]
1627 1255 1669 1286 Te
1697 1249 1778 1287 duce
1806 1259 1838 1286 te
1857 1249 1993 1286 Sarrav.

1266 1329 1323 1369 37.
1354 1325 1462 1368 Turpe
1487 1327 1590 1368 putas
1622 1317 1749 1367 abici.]
1805 1316 1911 1365 Abigi
1939 1315 2162 1354 scribendum
2191 1317 2251 1354 vel

1214 1380 1342 1409 contra
1362 1370 1474 1409 fidem
1495 1368 1803 1407 membranarum.
1831 1368 1970 1406 Hmns.
2009 1367 2155 1404 Amicus
2176 1367 2252 1404 Re·-

1213 1434 1306 1471 grus.

1270 1497 1327 1534 39.
1357 1483 1487 1522 Mitius
1504 1483 1547 1531 est
1568 1482 1685 1533 Iastia]
1736 1481 1852 1521 Redie
1872 1482 1919 1519 ita
1935 1480 2131 1529 legendum
2163 1490 2251 1517 cen-

1213 1536 1281 1574 suit
1306 1535 1472 1573 Merula:
1502 1545 1611 1583 atque
1633 1537 1681 1573 ita
1712 1533 1819 1571 habet
1847 1531 1970 1569 Ursini
1993 1532 2030 1568 ὃ(
2054 1531 2150 1568 idern
2173 1530 2250 1567 Va-

1214 1588 1364 1624 ticanus.
1403 1586 1572 1622 CIOFAN.
1625 1585 1727 1633 Lapfiae
1751 1584 1925 1631 scripti&
1954 1581 2040 1618 editi
2070 1581 2251 1619 nonnulli.

1215 1636 1383 1686 expreffit
1405 1636 1594 1674 Nasonem
1623 1636 1750 1674 auetor
1777 1634 1876 1672 idem
1907 1634 1945 1670 in
1976 1631 2192 1671 Anselmum
2213 1642 2251 1679 p.

1269 1756 1321 1787 Tu
1341 1750 1455 1787 debere
1477 1763 1624 1786 manum
1647 1747 1730 1785 dicis
1742 1746 1923 1794 supponere
1945 1743 2048 1781 nanti
2061 1772 2072 1789 ,

1319 1807 1373 1837 Ne
1395 1801 1569 1847 demergat
1589 1812 1668 1835 eum
1690 1810 1776 1844 quae
1795 1796 1892 1832 venit
1912 1797 2006 1833 unda
2027 1795 2148 1835 maris.

1212 1852 1334 1903 digitos
1358 1857 1468 1893 etiam
1491 1856 1529 1893 P.
1552 1856 1670 1894 Servii
1687 1854 1816 1893 codeX.

1262 1944 1325 1983 42.
1357 1932 1467 1980 Instar
1485 1944 1529 1973 (φ’
1560 1932 1651 1970 hanc
1680 1932 1799 1970 vitam
1825 1932 1945 1970 mortis
1975 1931 2096 1969 hahere
2122 1932 2247 1984 pum]

1213 1984 1341 2021 Sensus
1365 1985 1434 2028 est,
1462 1985 1549 2022 vide
1569 1993 1748 2033 quantum
1771 1984 1980 2031 praestiterit
2000 1982 2161 2020 Achilles
2182 1983 2252 2020 Pa-

1211 2034 1330 2072 troclo
1350 2034 1472 2071 amico
1503 2034 1568 2070 suo
1601 2035 1679 2081 post
1704 2044 1878 2072 mortem.
1930 2034 2019 2071 Puta
2040 2033 2170 2081 igitur,
2209 2034 2250 2071 &

1213 2096 1336 2122 meam
1359 2085 1452 2120 hanc
1472 2085 1586 2120 vitam
1617 2084 1721 2121 instar
1750 2086 1877 2122 mortis
1907 2083 1998 2121 effe:
2027 2085 2100 2120 hoc
2119 2082 2166 2120 est
2187 2095 2250 2121 me

1213 2145 1366 2183 quoque
1387 2145 1453 2182 pro
1480 2143 1631 2171 mortuo
1664 2134 1755 2176 habe
1776 2146 1786 2171 t
1827 2137 1863 2171 &
1886 2142 1924 2171 ut
1946 2133 2106 2171 Achilles
2125 2134 2250 2171 Patro-

1212 2185 1270 2222 clo
1283 2212 1293 2229 ,
1312 2187 1360 2222 ita
1376 2191 1416 2221 tu
1436 2185 1527 2221 mihi
1539 2183 1705 2222 officium
1725 2185 1907 2222 amicitiae
1918 2183 2251 2233 praesta.M1crr.1..

1224 2271 1228 2274 ’
1258 2275 1322 2314 43.
1348 2262 1504 2312 Undas.]
1534 2262 1680 2300 Umbras
1700 2263 1831 2302 Excer.
1850 2262 1966 2300 Voffii
1998 2264 2036 2301 &
2055 2262 2131 2301 duo
2150 2263 2243 2308 libri;

1210 2314 1380 2352 sollemni
1401 2315 1686 2363 permutatione.
1715 2315 1900 2351 comitarat
1921 2314 2087 2351 Vatican.
2106 2314 2253 2352 comita.

1210 2375 1270 2402 tur
1290 2365 1430 2409 Servii,
1457 2366 1494 2402 &
1520 2365 1595 2402 duo
1620 2365 1703 2408 alii,
1731 2376 1816 2401 cum
1838 2366 2025 2412 Excerptis
2044 2363 2171 2401 Vossii.

1259 2452 1322 2490 44.
1350 2447 1387 2479 A
1407 2439 1527 2489 stygia
1556 2450 1730 2491 quantum
1761 2454 1851 2477 mors
1876 2453 1951 2476 mea
1981 2439 2084 2486 distat
2110 2438 2246 2489 aquai]

1210 2492 1335 2541 Stygiis
1355 2491 1457 2542 aquis
1481 2492 1642 2540 plerique
1664 2499 1814 2529 veteres.
1845 2490 1966 2527 Scribe
1981 2517 1991 2533 ,

1261 2564 1300 2597 A
1320 2560 1441 2609 stygiis
1459 2569 1631 2609 quantum
1645 2558 1719 2607 fhrs
1739 2572 1814 2595 mea
1835 2558 1938 2605 distat
1957 2556 2070 2607 aquis.

1209 2623 1261 2662 nil
1282 2626 1426 2663 certius.
1452 2624 1492 2661 In
1514 2623 1712 2666 Tristibus,
1742 2635 1776 2660 v.
1798 2634 1866 2659 κη.
1889 2623 1925 2659 6.

1261 2695 1353 2727 Sorte
1373 2703 1430 2726 nec
1449 2689 1522 2726 ulla
1543 2702 1616 2725 mea
1637 2687 1766 2734 tristior
1788 2686 1844 2734 effe
1858 2686 1971 2735 potest.

1209 2767 1318 2806 atque
1337 2758 1384 2794 ita
1404 2756 1486 2793 alibi
1510 2755 1647 2803 passim.
1678 2755 1755 2790 Val.
1783 2753 1926 2791 Flaccus
1947 2754 2006 2791 lib.
2025 2755 2171 2805 1¹·469·

1262 2821 1395 2856 Ductor
1409 2845 1419 2862 ,
1445 2817 1520 2861 ait,
1548 2815 1639 2865 quod
1652 2844 1662 2860 ,
1690 2817 1809 2864 virgo,
1831 2813 1895 2851 tibi
1914 2826 2102 2864 nomenque
2120 2817 2244 2862 genuzi

1407 2882 1447 2904 ue

1263 2921 1362 2968 Qme
1375 2883 1448 2967 jors
1471 2917 1555 2965 ista,
1583 2917 1668 2954 doce.

1210 2986 1314 3026 simili
1334 2997 1454 3024 errore
1469 3013 1479 3029 ,
1500 2997 1589 3022 mors
1611 2984 1647 3020 &
1670 2982 1740 3020 illic
1759 2993 1856 3021 nunc
1875 2982 2018 3031 legitur.
2047 2982 2195 3021 Hsmsss

1259 3056 1323 3096 45.
1354 3046 1525 3084 Phocaeus
1560 3044 1704 3093 Oresti.]
1759 3043 1893 3090 Orestae
1921 3042 2058 3081 Sarrav.
2087 3044 2125 3081 &
2152 3054 2243 3081 unus

1211 3097 1378 3136 Vatican.
1401 3098 1507 3136 bene.
1535 3097 1632 3134 Vide
1653 3095 1770 3132 Notas
1791 3094 1899 3142 Epist.
1922 3105 2007 3131 vm.
2036 3106 2071 3142 9.
2100 3095 2243 3136 Ηεῐκς,

1262 3157 1324 3203 46.
1355 3161 1397 3192 Et
1421 3169 1495 3194 mea
1516 3169 1582 3193 non
1611 3151 1837 3203 minimum]
1894 3152 2106 3191 Eorundem
2134 3151 2242 3188 libro-

1213 3209 1405 3297 gcirqlliiaec
1425 3209 1472 3246 est
1491 3207 1611 3246 lectio.
1641 3206 1809 3246 CIOFAN.
1835 3210 1916 3243 Non
1935 3204 2083 3244 nimium
2101 3199 2242 3247 Gryph-

1398 3309 1556 3347 Eeeee
1586 3305 1615 3345 ε’
2107 3309 2165 3348 47.
2194 3298 2248 3337 ri-
