2495 3675
486 150 1424 219 FASTORUM
1533 159 1865 222 L1n.11,.

2171 182 2265 235 119

266 294 359 352 525
402 276 558 332 Fasla
584 277 700 332 Dea
723 277 798 332 est
823 276 1062 333 Fornax:
1103 269 1225 325 laeti
1249 268 1492 326 Fornace
1517 273 1697 328 coloni

479 352 678 413 Orant,
719 364 778 404 ut
801 349 977 417 fruges
1002 355 1269 413 temperet
1293 342 1375 397 illa
1401 345 1543 407 suas,

406 423 574 478 Curio
605 421 853 494 legitimis
875 434 1017 472 nune
1048 414 1352 470 Fornacalia
1379 417 1552 472 verbis

470 496 739 550 Maximus
765 491 991 552 indicit;
1032 506 1132 543 nec
1165 489 1291 543 stata
1316 488 1456 544 saera
1482 490 1625 547 facit.

400 568 566 640 Inque
591 566 763 628 Foro,
802 564 968 618 multa
990 562 1194 616 circum
1223 562 1493 632 pendente
1519 565 1738 631 tabella,

260 661 359 713 530

471 641 715 710 signatur
740 637 888 691 certa
914 636 1077 690 Curia
1101 651 1346 706 quaeque
1372 638 1517 690 nota.

401 712 673 782 Stultaque
699 727 816 781 pars
839 708 1050 782 populi,
1089 725 1224 780 quae
1251 707 1311 761 sit
1335 708 1422 763 sua
1454 710 1631 775 curia,
1664 712 1855 769 nescit:

466 783 573 837 Sed
600 782 726 836 facit
752 784 990 837 extrema
1020 780 1158 835 sacra
1185 782 1347 836 relata
1376 781 1480 836 die.

511 855 568 910 St
591 854 766 910 honor
793 857 845 908 &
875 854 1104 909 tumulis.
1143 854 1338 908 animas
1362 856 1565 926 placate
1589 869 1863 928 paterna83

398 861 507 992 E
585 927 857 1001 Parvaque
885 927 939 981 in
967 925 1227 981 extinelas
1253 945 1472 982 munera
1500 929 1636 984 ferte
1662 947 1832 1001 pyras.

255 1023 282 1074 ς
291 1023 352 1074 35
391 1003 557 1058 Parva
581 1014 768 1071 petunt
793 1001 998 1054 Manes,
1037 999 1201 1067 pietas
1229 1016 1328 1070 pro
1355 1000 1523 1054 divite
1559 994 1712 1073 grata*
1731 1004 1806 1058 est

466 1073 715 1130 Munere.
753 1090 870 1128 non.
885 1071 1067 1130 avidos
1091 1071 1224 1143 Styx
1249 1071 1409 1127 habet
1434 1073 1540 1127 ima
1571 1074 1737 1130 Deos

104 1340 234 1380 lubrior
265 1339 361 1390 effet:
389 1337 427 1376 id
455 1351 523 1376 uno
555 1336 652 1375 modo
689 1334 904 1384 conftcutum
925 1362 935 1379 ,
963 1333 1146 1382 statuendo

107 1406 173 1431 non
194 1391 251 1441 effiae
266 1402 393 1441 purum
413 1390 461 1426 ad
480 1401 551 1425 rem
575 1387 741 1424 divinam
773 1384 839 1434 nisi
864 1385 998 1432 tostum.
1051 1391 1083 1421 Is
1103 1397 1147 1425 (y

103 1443 309 1481 Fornacalia
327 1440 479 1489 instituit
492 1467 503 1484 ,
524 1438 637 1484 farris
654 1437 807 1474 torrendi
824 1437 942 1480 ferias.
975 1435 1035 1473 sed
1057 1436 1145 1475 fecit

106 1493 325 1537 indistitias,
352 1503 430 1529 non
447 1490 561 1528 statas.
588 1489 690 1527 Hinc
705 1487 777 1531 illi,
803 1487 865 1536 qui
881 1513 892 1530 ,
919 1484 962 1524 ea
979 1485 1038 1524 die
1058 1498 1144 1525 cum

102 1543 316 1582 Fornacalia
358 1541 609 1580 indicebantur
626 1567 638 1584 ,
683 1538 801 1576 feriari
838 1549 916 1574 non
950 1545 1143 1586 poterant,

104 1593 353 1642 Quirinalibus
371 1592 464 1630 sacra
482 1591 540 1629 illa
561 1587 688 1628 omissa
708 1587 825 1626 conen
845 1599 1032 1635 peragere.
1050 1588 1145 1626 forte

105 1646 190 1689 quia
210 1645 300 1681 haec
320 1644 413 1680 inter
441 1641 640 1690 popularia.
675 1639 813 1677 Festus:
845 1638 1029 1688 Popularia
1042 1638 1145 1687 sacra

100 1698 210 1744 sunt,
236 1704 274 1731 ut
290 1694 342 1730 ait
365 1691 471 1730 Labeo
487 1719 496 1734 ‚
523 1704 610 1742 quae
646 1703 759 1727 omnes
777 1690 867 1726 cives
887 1690 1033 1736 faciunt
1047 1717 1057 1735 ,
1086 1703 1144 1728 mc

106 1745 203 1782 certis
213 1744 365 1791 familiis
391 1742 567 1780 attributa
581 1745 690 1791 sunt:
720 1740 923 1777 Fornacalia
945 1768 955 1784 ,
982 1741 1142 1786 Parilia,

108 1796 250 1832 Larah'a
266 1795 367 1845 parad
382 1792 617 1844 praecidania.
643 1791 823 1840 Opposita
843 1792 898 1829 his
918 1803 1005 1840 ergo
1025 1793 1145 1841 priva-

104 1854 165 1891 ta,
194 1845 380 1884 Gentilitia
419 1845 459 1883 ὅτ
481 1843 714 1881 Familiaritia
735 1842 840 1880 sacra.
869 1843 992 1880 Naar.

162 1897 243 1945 526.
271 1901 314 1932 Ut
329 1897 441 1945 fruges
461 1893 660 1944 temperet.]
690 1899 733 1929 Ut
754 1893 847 1930 vires
863 1902 1024 1943 temperet
1037 1895 1145 1941 prim.

106 1946 194 1985 edit.
214 1948 251 1985 δε
267 1955 336 1984 tres
352 1945 482 1995 scripti.
503 1945 666 1995 sequenti
694 1943 823 1989 versu,
849 1957 941 1980 nunc
973 1950 1145 1982 Fornaca-

104 1997 157 2034 tia
176 1998 356 2035 meliores.
376 1996 542 2034 Laetam.
563 1995 622 2033 lib.
635 2008 661 2032 1.
681 1994 726 2033 de
749 1994 834 2032 Fals.
846 1995 963 2044 Relig.
985 2006 1061 2043 cap.
1082 2009 1144 2035 xx.

103 2048 196 2096 Quis
208 2061 275 2084 non
292 2047 380 2085 ridet
391 2053 573 2084 Fornacem
598 2051 707 2083 Deam
722 2074 732 2090 ,
760 2045 817 2082 vel
830 2045 940 2094 potius
961 2045 1072 2083 dochs
1089 2047 1148 2084 vi-

104 2112 158 2137 ros
174 2098 381 2135 celebrandis
401 2095 643 2134 fornacalibus
659 2096 813 2145 operari?
842 2097 986 2134 Hiems,

159 2161 242 2199 527.
269 2148 374 2185 Curio
411 2148 590 2185 maximus
628 2146 793 2196 indicia]
849 2147 924 2184 Hic
960 2155 1068 2196 caput
1107 2149 1146 2186 &
1210 2172 1214 2175 -

105 2200 267 2247 ἐ’χαρχος
296 2211 381 2237 xxx,
408 2198 629 2236 Curionum.
666 2198 788 2246 Hujus
815 2197 1032 2236 aucloritate
1056 2226 1067 2242 ‚
1105 2207 1145 2238 ut

105 2250 227 2289 scribit
247 2250 374 2288 Paulus
401 2249 665 2291 Abbreviator,
695 2249 822 2285 Curiae
845 2259 894 2287 ce*
910 2248 966 2284 illi
983 2249 1142 2296 regeban-

106 2311 176 2338 tur.
203 2302 342 2338 Graece
362 2299 498 2338 diceres
520 2300 788 2345 ἀρχῆλοχκγόν
809 2327 818 2343 ,
857 2299 931 2336 five
953 2301 1144 2346 ἀρχκφμκ-

109 2352 285 2395 τριάρχον.
323 2351 504 2389 Curiones
531 2352 630 2387 enirn
652 2349 851 2398 Dionysius
874 2351 1146 2397 Φρκτριάρχευς

108 2402 297 2448 appellavit
326 2402 387 2436 καὶ
418 2404 602 2445 λοχαγοῦς
623 2413 631 2437 :
660 2400 745 2438 inde
766 2400 810 2436 ab
831 2400 964 2437 eodem
989 2402 1142 2438 Curialis

109 2451 212 2487 focus
237 2450 350 2487 dietus
379 2451 580 2495 Φρατριακῆ
609 2449 712 2492 ἐςὶκ,
742 2450 942 2487 Curiah'um
977 2462 1142 2488 conven-

110 2509 164 2537 tus
181 2500 406 2545 Φρκτρικςῶυ
433 2499 557 2534 σύνοδοι
580 2525 603 2540 ,.
629 2499 774 2535 Curiata
796 2501 947 2535 comitia
969 2502 1142 2544 Φρατρικ-

108 2555 152 2590 κῆ
173 2550 360 2589 ἐκκλησία.
423 2550 525 2596 Quin
546 2549 619 2584 hoc
647 2559 797 2596 quoque
817 2547 1006 2585 observare
1031 2550 1141 2594 licet,

105 2601 309 2638 Curionem
348 2600 552 2636 maximum
591 2597 635 2634 ad
672 2609 810 2634 annum
852 2609 1142 2639 V.c.nx1.1111.

103 2651 244 2698 semper
256 2663 299 2686 ex
318 2650 472 2697 patribus
486 2657 646 2685 creatum
662 2661 725 2691 ‚ex
739 2648 841 2696 plebe
856 2659 945 2686 vero
956 2648 1139 2700 deinceps.

101 2701 182 2750 lege
205 2701 353 2738 Livium
376 2699 435 2736 lib.
459 2711 583 2736 xxvix.
613 2699 787 2736 NEAPOL.
952 2699 963 2707 ⁸

158 2763 239 2800 527.
268 2750 442 2799 Legitimis
461 2748 614 2799 verbm]
655 2751 707 2786 Ut
728 2749 784 2786 illa
809 2748 904 2797 apud
927 2748 1136 2788 Arnobium

99 2801 192 2841 libro
222 2813 294 2839 vu.
331 2812 504 2838 LAVATIO
542 2812 653 2838 mxvii
698 2812 850 2838 MATRIS
887 2812 959 2838 εετ
1002 2813 1140 2841 nonii-2.

103 2864 205 2890 1ovxs
242 2863 395 2890 apvtvm
436 2863 535 2888 enas
572 2864 653 2888 ιεςτ.
699 2862 911 2888 ffiscx'taru
951 2862 1135 2890 oeairviz

104 2913 445 2948 CELEBRATVRQVE
468 2914 689 2940 vaDEMrA.
711 2913 1045 2939 LECTlsTERmVM
1069 2916 1138 2941 CE-

104 2966 217 2993 m-:tus
246 2967 342 2991 fair
380 2965 512 2989 minvs
542 2965 745 2990 PROXHMS.
803 2953 1008 3000 Legitimum
1040 2964 1137 2999 erat,

99 3005 278 3054 quidquid
309 3002 409 3042 certa
434 3003 593 3041 formula
621 3003 827 3047 dicebatur,
856 3002 930 3041 sive
961 3003 1138 3043 edisceba-

101 3064 168 3094 tur.
198 3057 322 3094 Nem.

154 3119 237 3154 529.
265 3104 426 3154 Indicit]
456 3105 557 3142 Hinc
590 3105 771 3142 Curiones
795 3105 875 3142 sunt
906 3105 1083 3144 Cufiones
1102 3107 1139 3144 in

102 3155 272 3195 Carmine
294 3157 427 3200 saliari,
453 3157 526 3194 hoc
546 3156 594 3193 est
615 3156 822 3200 (justiores,
851 3155 924 3194 five
946 3158 1138 3195 Sacrorum

101 3215 307 3254 praecones.
334 3208 458 3246 Nam.

159 3256 238 3303 528.
267 3257 618 3307 Pendentetahella.]
650 3259 690 3295 ln
705 3256 968 3303 eiiexaraturm
997 3259 1139 3296 uthaec

22 3358 26 3359 ⁷
102 3306 231 3356 populi
249 3318 326 3356 pars
344 3309 386 3346 in
411 3307 514 3347 Titia
541 3320 640 3347 curia
668 3318 883 3358 cogeretur,
912 3321 989 3358 pars
1009 3313 1045 3349 in
1070 3310 1141 3359 'I'ie

2137 1201 2251 1259 Te«-

1200 1333 1296 1379 fata,
1322 1347 1401 1385 pars
1421 1336 1458 1374 in
1480 1334 1608 1374 Saucia
1637 1364 1647 1381 ,
1674 1336 1813 1386 reliqua
1842 1338 1879 1375 in
1911 1337 2088 1377 attributis
2115 1339 2249 1389 cuique

1200 1388 1328 1424 curiis:
1359 1388 1427 1423 hae
1451 1387 1563 1424 veluti
1582 1388 1768 1426 aediculae
1791 1398 1915 1434 erant,
1944 1391 1981 1427 in
2003 1390 2155 1440 quibus,
2183 1392 2249 1439 qui

1199 1436 1342 1526 ἑλώδης
1367 1437 1532 1526 {offerent
1554 1465 1565 1483 ,
1602 1437 1806 1489 singillatim
1839 1441 1877 1478 in
1905 1438 1967 1479 susa
1984 1442 2138 1491 quisque
2156 1440 2252 1480 sacra

1217 1498 1318 1526 acere
1339 1515 1348 1525 .
1417 1500 1500 1526 εΑΡ.

1253 1563 1337 1602 532.
1364 1558 1468 1590 Sacra
1485 1551 1605 1591 relicta
1625 1553 1716 1604 die.]
1758 1555 1846 1592 Non
1878 1555 1989 1604 igitur
2013 1555 2252 1604 expiabantur

1199 1604 1254 1643 his
1284 1603 1377 1641 festis
1407 1604 1456 1641 ob
1483 1605 1604 1642 omiffi
1631 1604 1791 1643 sacrificii
1823 1607 1961 1643 crimen
1983 1634 1993 1650 ,
2039 1615 2080 1643 ut
2108 1607 2251 1654 putavit

1201 1655 1468 1703 Neapolitanus
1487 1655 1546 1692 ille
1570 1656 1606 1692 in
1624 1655 1691 1694 suis
1705 1656 1937 1699 Genialibus;
1966 1656 2026 1694 sed
2047 1656 2251 1694 DeaeFor-

1198 1706 1281 1743 naci
1304 1705 1482 1754 quidquid
1510 1705 1596 1743 sacri
1625 1707 1685 1743 die
1716 1707 1778 1743 illo
1808 1707 1948 1745 indicito
1981 1708 2040 1744 alii
2061 1708 2249 1750 fecerant,

1200 1757 1252 1794 issi
1275 1756 1524 1805 Quirinalibus
1537 1755 1798 1805 adimplebant.
1825 1758 1950 1795 Neam.
1973 1758 2062 1806 Opt.
2077 1756 2249 1794 Ambros.

1201 1806 1305 1845 Voff.
1329 1807 1473 1846 Arond.
1492 1808 1629 1844 Mazar.
1650 1808 1687 1845 ἂ
1708 1816 1778 1845 tres
1807 1808 1893 1853 alii,
1913 1807 2038 1845 relata.
2063 1808 2170 1844 bene.
2197 1806 2249 1844 sa-

1204 1870 1263 1896 cra
1295 1859 1332 1896 in
1361 1858 1462 1896 diem
1489 1866 1698 1897 extremum
1728 1858 1848 1897 relata.
1885 1860 1997 1909 paulo
2034 1867 2120 1897 ante
2147 1857 2250 1896 dixe2

1202 1917 1280 1954 rat,
1310 1921 1394 1957 512.

1253 1976 1300 2009 Et
1321 1975 1473 2020 referunt
1494 1973 1577 2010 certi
1588 1972 1692 2022 sacra
1705 1981 1855 2023 paterna
1876 1971 1958 2010 dies.

1201 2038 1262 2078 lib.
1286 2050 1317 2076 1.
1335 2050 1414 2087 pag.
1431 2050 1512 2084 171.

1253 2104 1414 2152 Respiciet
1435 2106 1541 2142 Titan
1560 2107 1656 2143 ac'tas
1677 2105 1735 2143 ubi
1757 2106 1879 2143 tertius
1902 2104 2005 2148 Idus,

1303 2155 1403 2193 Fient
1425 2156 1633 2206 Parrhafiae
1644 2157 1750 2207 sacra
1767 2157 1881 2194 relata
1900 2161 2006 2192 Deae.

1200 2216 1304 2256 Silius
1324 2218 1386 2257 lib.
1410 2231 1471 2257 xv,
1495 2232 1580 2269 4¹9·

1252 2293 1351 2323 Forte
1369 2287 1440 2324 dies
1452 2287 1604 2337 priscum
1622 2288 1734 2336 Tyriis
1747 2285 1910 2337 filemnis
1928 2285 2090 2322 honorem

1250 2337 1446 2375 Rettulerat
1458 2366 1469 2383 ,
1496 2353 1561 2388 quo
1576 2339 1731 2388 primum
1753 2337 1818 2387 orfi
1834 2336 2062 2385 Carthaginis
2079 2346 2182 2373 arces.

1197 2399 1294 2447 apud
1314 2400 1513 2438 Maronem
1535 2400 1596 2438 lib.
1613 2412 1640 2438 1.
1661 2400 1800 2449 Georg.
1825 2410 1910 2448 339.

1247 2469 1353 2500 Sacra
1372 2467 1459 2511 refir
1478 2465 1606 2502 Cereri.

1196 2532 1244 2569 sic
1269 2535 1362 2579 fhrre
1394 2534 1431 2570 δί
1463 2534 1584 2579 referre
1619 2531 1701 2580 leges
1738 2532 1798 2570 vel
1823 2533 1921 2581 jura.
1972 2530 2149 2569 Martialis
2179 2529 2257 2570 lib.-

1198 2594 1252 2620 vx.
1274 2594 1308 2628 7.

1248 2642 1356 2688 Julia
1376 2642 1432 2679 lex
1447 2642 1577 2693 populis
1596 2656 1638 2680 ex
1656 2656 1722 2692 quo
1746 2672 1756 2688 ‚
1786 2641 1964 2689 faustine,
1991 2641 2106 2678 relata
2127 2640 2182 2688 est.

1194 2706 1244 2744 ita
1263 2707 1412 2756 quidam
1438 2706 1554 2755 scripti
1568 2722 1580 2751 ;
1618 2719 1696 2745 non
1723 2717 1857 2745 renata.
1884 2706 1985 2756 quod
2004 2714 2131 2744 tamen
2163 2717 2243 2744 non

1194 2756 1344 2795 damno.
1366 2757 1530 2806 Propert.
1556 2758 1661 2796 libro.
1683 2770 1710 2796 1.
1731 2759 1833 2807 Eleg.
1852 2768 1907 2796 v,-

1245 2829 1276 2860 Ε
1278 2835 1291 2860 t
1313 2834 1432 2861 vetera
1451 2824 1564 2861 oblitis
1580 2823 1665 2873 jura
1687 2825 1808 2872 referre
1815 2823 1917 2871 foris.

1193 2887 1391 2937 quomodo
1414 2888 1524 2925 Notis
1545 2887 1590 2924 ad
1610 2888 1892 2935 praecedentem
1915 2886 2047 2924 librum
2071 2883 2127 2923 illa
2138 2884 2240 2921 casti-

1193 2939 1309 2987 ganda
1334 2936 1403 2976 esse
1435 2939 1650 2977 monuimus
1681 2951 1724 2976 ex
1752 2939 1910 2987 vestigiis
1931 2937 2239 2974 membranarum.

1194 3001 1293 3027 nunc
1318 2989 1406 3039 jura
1442 2990 1527 3036 refir
1561 2989 1658 3037 fhciis
1698 2990 1770 3027 illic
1809 2988 1968 3027 scribitur
2003 2988 2257 3026 inconcinne.-

1196 3041 1342 3079 Herus.
1362 3039 1449 3078 Vid.
1469 3039 1514 3078 ad
1533 3039 1690 3078 Remed.
1715 3052 1798 3091 593.

1248 3113 1329 3152 533.
1360 3101 1414 3148 Est
1433 3101 1538 3138 honor
1556 3112 1598 3141 (9⁸
1619 3101 1802 3151 tumulis]
1834 3099 2081 3150 Quirinalibus
2105 3097 2239 3135 Feralia

1196 3151 1461 3198 succedebant,
1490 3152 1547 3190 sed
1569 3153 1645 3202 post
1664 3153 1739 3191 dies
1757 3162 1845 3191 tres:
1877 3154 1914 3190 &
1943 3152 2072 3200 sequor
2092 3149 2237 3203 vestigia

1198 3204 1336 3253 antiqui
1358 3203 1573 3241 Kalendarii.
1601 3203 1641 3240 ln
1662 3204 1714 3241 liis
1730 3204 1821 3252 justa
1845 3205 1909 3252 piis
1928 3202 2094 3239 inanibus
2121 3198 2239 3234 rolve-

1197 3252 1347 3292 bantur:
1377 3254 1562 3304 quodlioc
1583 3256 1692 3292 etiam
1715 3255 1838 3291 mense
1857 3254 1987 3291 Graeci
2012 3248 2256 3296 peragebant..

1197 3304 1425 3356 Hesychius:
1450 3307 1580 3352 musfa}
1599 3305 1721 3352 ἡμέραι
1735 3333 1747 3352 ,
1771 3306 1834 3344 τεῦ
1852 3302 2110 3345 Ἀνθεςημῶνος
2128 3295 2253 3382 “WZ-
