2495 3675
165 182 266 256 786

655 172 717 230 P.
791 168 1201 231 0V1D11
1274 165 1813 229 NASONIS

464 272 586 330 Nec
612 291 708 330 vos
731 291 890 348 parva
914 277 1050 332 datis
1075 273 1231 346 pauci
1258 271 1440 327 solatia
1468 270 1654 338 nobis,

547 349 799 423 Quorum
827 350 1054 423 spefiata
1076 346 1150 400 est
1176 362 1270 417 per
1298 346 1430 400 mala
1455 343 1631 400 nostra
1657 344 1806 402 fides,

474 422 687 495 Coepta
713 437 863 486 tene,
901 419 1128 492 quaeso;
1169 436 1269 473 nec
1293 417 1349 473 in
1372 435 1605 490 aequore
1630 419 1815 476 desere
1838 436 2050 480 navem:

552 497 761 566 Meque
785 494 933 548 simul
956 493 1133 556 serva,
1165 490 1537 564 judiciumque
1565 507 1734 549 tuum.

238 639 298 677 82.
325 638 478 688 Speffata
496 635 622 685 fides.]
652 631 874 680 Metaphora
895 630 914 671 a
937 630 1115 676 metallis,
1135 642 1233 678 quae

1287 630 1406 670 illud:
1443 634 1549 681 Qod
1581 631 1619 669 in
1649 646 1715 682 quo
1739 634 1819 672 viro
1843 637 2048 687 perspeft'um
2059 635 2130 689 fit,
2157 638 2247 678 hunc
2265 641 2338 692 igni

190 691 338 740 proprie
368 688 518 738 sped‘tari
548 686 716 724 dicuntur
741 709 752 727 ‚
789 682 892 733 Eleg.
920 695 975 722 ιν.
1001 682 1063 721 lib.
1084 695 1116 722 1.
1145 682 1234 721 Tri·
1280 683 1476 732 speefatum
1498 685 1733 723 arbitrantur.
1770 686 1943 728 Cxorm.

194 742 373 829 fflgzrillicet
395 800 434 826 ut
445 788 596 835 fulvum
612 785 788 834 spetffatur
806 785 845 823 in
867 785 1002 836 ignibus
1018 797 1148 823 aurum
1162 811 1174 830 ‚

296 848 450 891 Tempore
460 838 510 886 fic
533 838 618 873 duro
635 836 678 881 est
701 835 908 885 inspicienda
925 837 1021 884 fides.

190 894 288 941 jVide
310 904 403 943 quae
422 888 549 928 notavi
568 887 629 927 lib.
648 899 695 927 11.
724 888 951 928 Officiorum
970 887 1165 928 Ciceronis
1186 885 1234 926 ad

1344 732 1406 784 83.
1435 741 1506 773 Nec
1525 737 1562 775 in
1579 747 1722 783 aequore
1742 737 1851 786 desere
1868 739 2039 791 navem]
2093 740 2215 792 Define
2234 752 2338 783 vete-

1287 795 1342 874 τὲε
1378 796 1551 834 quatuor.
1589 786 1648 825 adi
1684 787 1804 828 Notas
1848 790 1930 843 Art,
1965 792 2056 831 Am.
2085 805 2128 832 ιι.
2159 793 2214 838 ii's.
2252 806 2336 845 725.

1334 848 1437 877 aius.

839 1076 1427 1144 EP1sToLA
1526 1078 1687 1145 VIII.

458 1186 1234 1315 MAXIMO

1358 1232 2056 1315 COTTAE.

489 1406 847 1546 REdditus
873 1408 946 1463 est
970 1406 1122 1464 nobis
1147 1407 1345 1464 Caesar
1378 1424 1504 1463 cum
1528 1406 1757 1463 Caesare
1782 1423 1953 1480 nuper
1972 1445 1992 1474 ‚

686 1483 841 1555 Quos
866 1482 999 1536 mihi
1024 1480 1229 1545 mifisti,
1267 1481 1512 1536 Maxime
1537 1480 1733 1544 Cotta,
1771 1480 1936 1537 Deos,

484 1555 671 1628 thue
698 1555 849 1610 suum
876 1572 1066 1609 munus
1094 1571 1409 1618 numerum,
1447 1571 1611 1627 quem
1638 1553 1831 1618 debet,
1867 1553 2116 1621 haberet,

560 1628 654 1684 Est
678 1628 751 1684 ibi
776 1627 1085 1684 Caesari-bus
1112 1627 1269 1683 Livia
1291 1626 1470 1699 jun&a
1494 1628 1610 1683 suis,

347 1719 374 1774 5
493 1703 802 1774 Argentum
827 1701 982 1765 felix,
1021 1702 1278 1775 omnique
1302 1701 1505 1757 beatius
1530 1717 1688 1765 aum,

558 1774 758 1848 Quod,
795 1775 966 1828 fuerat
995 1775 1229 1845 pretium
1253 1793 1378 1830 cum
1403 1775 1564 1838 rude,
1603 1790 1804 1831 numen
1829 1775 1949 1831 erit.

488 1845 617 1902 Non
645 1847 776 1901 mihi
803 1846 1011 1900 divitias
1037 1847 1220 1900 dando
1245 1847 1443 1917 majora
1469 1845 1723 1909 dediss'eS,

568 1919 868 1974 Coelitibus
895 1916 1054 1971 miffis
1080 1919 1254 1972 nostra
1276 1919 1367 1973 sub
1402 1937 1493 1972 ora
1518 1919 1700 1973 tribus

491 1990 585 2047 Est
611 1992 810 2063 aliquid
836 1990 1067 2061 specstare
1093 1990 1243 2044 Deos
1261 2029 1276 2053 ,

563 2063 635 2118 Et
661 2063 806 2137 quast
829 2080 954 2118 cum
980 2079 1109 2117 vero
1137 2063 1357 2119 numine
1387 2061 1532 2135 posse
1555 2062 1720 2136 loqui.

352 2083 418 2121 10

266 2341 300 2370 2.
331 2328 458 2379 Deos.]
488 2329 542 2368 Ita
563 2327 645 2367 Urs.
666 2325 797 2366 Maffei
819 2326 858 2366 ὃ(
879 2334 1035 2377 uterque
1051 2326 1176 2365 Varie.
1198 2331 1257 2367 re-‘

213 2383 293 2421 c‘le:
321 2392 430 2434 arque
451 2384 526 2420 hoc
554 2389 684 2419 notare
705 2379 830 2424 volui,
857 2379 962 2430 quod
983 2378 1041 2418 alii
1075 2378 1158 2416 duos
1178 2379 1260 2418 sub-

213 2434 369 2472 nituere.
399 2434 572 2471 Cxomn.

265 2494 299 2533 3.
327 2490 437 2534 thue
449 2494 552 2522 tuum
566 2480 783 2532 numerum]
799 2487 905 2519 Suum
919 2480 1104 2520 Barberin.
1115 2480 1261 2522 refflus.

213 2536 290 2574 vid.
317 2535 425 2584 Epist.
438 2547 473 2572 x.
499 2534 558 2584 36.
586 2535 625 2572 ὃς
648 2532 752 2582 Eleg.
774 2532 846 2583 seq.
863 2533 919 2576 Jbs.
942 2532 1007 2572 60.

267 2597 303 2635 4.
333 2586 390 2632 Est
419 2586 466 2623 ibi
496 2583 700 2633 Caesaribus
731 2584 839 2621 Livia
863 2585 991 2634 junb'ia
1013 2580 1123 2631 suis.]
1176 2583 1261 2622 Urs.

216 2641 374 2725 Sumque
393 2636 441 2675 ibi
462 2635 679 2686 Caesaribus.
707 2635 877 2673 CloFaN.
905 2635 962 2685 Est
986 2633 1051 2673 tibi
1073 2634 1259 2685 editiqui-

245 2698 315 2725 am.

273 2751 305 2785 5.
333 2743 529 2787 Argentum
545 2738 660 2785 felix,
681 2738 839 2787 omnique
851 2737 983 2775 beatius
1004 2749 1114 2782 auro,
1138 2737 1260 2785 Qod,

212 2788 326 2835 fuerit
342 2790 493 2836 pretium
514 2803 622 2838 quum
644 2790 753 2835 rude,
783 2802 911 2826 numen
942 2786 1083 2837 habet.]
1131 2787 1260 2826 Sensus

220 2840 279 2876 est.
334 2840 370 2877 O
403 2841 489 2877 felix
517 2850 708 2888 argentum
727 2868 736 2883 ,
776 2839 814 2877 δε
841 2839 905 2888 ipsi
928 2851 1018 2878 auro
1049 2840 1259 2887 praeferen-

219 2890 308 2927 dum
332 2919 341 2934 ‚
380 2893 465 2940 quia
493 2903 576 2929 cum
610 2902 671 2940 per
702 2891 760 2934 se,
790 2902 831 2928 ac
861 2889 975 2935 rude,
1003 2890 1163 2938 pretium
1192 2888 1258 2936 fit,

218 2940 294 2978 hoc
318 2941 389 2984 est,
418 2942 617 2989 pretiosum
648 2942 687 2979 &
716 2942 864 2979 charum
889 2969 898 2985 ,
937 2952 1036 2979 nunc
1059 2941 1170 2979 etiam
1195 2941 1260 2979 ha-

219 2990 281 3028 bet
300 3003 438 3029 numen
453 3020 462 3036 ,
487 2993 561 3029 hoc
584 2992 632 3029 est
647 3019 656 3035 ‚
685 2992 879 3030 Caesarum
904 2992 1081 3040 imagines
1111 2991 1262 3040 impres-

219 3042 270 3079 sas
285 3069 295 3085 ‚
324 3041 397 3079 sive
417 3043 576 3080 caelatas
606 3043 653 3080 Et
673 3044 764 3080 haec
780 3043 902 3080 verior
925 3042 1101 3081 sententia
1122 3042 1262 3081 Poetae

221 3092 366 3130 videtur
381 3120 391 3136 ‚
419 3104 494 3129 non
517 3103 556 3129 ut
576 3094 818 3140 accipiamus,
845 3092 961 3140 ipsum
989 3101 1181 3140 argentum
1204 3106 1264 3132 ru-

221 3143 268 3180 de
288 3154 353 3191 pro
374 3144 526 3180 numine
546 3143 689 3187 haberi,
717 3152 756 3181 ut
780 3143 921 3180 Merula
944 3143 1122 3190 exponit,
1149 3156 1264 3193 quem

222 3194 477 3241 hyperbaton,
504 3193 607 3242 quod
628 3193 676 3230 est
705 3195 740 3231 in
771 3193 970 3241 posteriore
1000 3192 1128 3238 versu,
1156 3195 1264 3233 dece-

226 3243 313 3292 piss‘e
339 3244 493 3282 videtur.
530 3244 587 3280 Sic
608 3245 708 3280 enim
751 3244 824 3291 ipse
850 3243 1043 3281 construit:
1073 3244 1191 3292 Quod
1211 3257 1264 3282 ar-

222 3305 375 3342 gentum
399 3295 556 3344 pretium
584 3294 716 3337 fuerit,
745 3305 810 3340 pro
842 3302 983 3342 quanto
1006 3305 1104 3331 nunc
1128 3296 1267 3342 pretio·

223 3345 291 3385 sius
312 3346 385 3386 est?
415 3345 564 3396 quando
597 3345 635 3383 ὃ(
663 3343 751 3383 rude
773 3344 952 3391 existens,
979 3355 1121 3384 numen
1143 3345 1265 3386 habet.

1319 1990 1373 2044 &
1400 1991 1573 2044 adesse
1597 2002 1817 2062 putare;

2199 2195 2359 2253 Prae:

1309 2327 1414 2365 vCum
1435 2325 1559 2365 verior
1580 2325 1804 2367 construe’tio
1827 2327 1870 2368 fit
1892 2330 1906 2375 ζ
1950 2329 1987 2366 O
2018 2328 2107 2370 felix
2136 2341 2359 2382 argentum,'

1313 2378 1417 2427 quod
1441 2388 1526 2415 cum
1551 2377 1641 2415 rude
1673 2380 1827 2417 existens
1850 2406 1863 2425 ,
1900 2380 2056 2428 pretium
2082 2410 2093 2427 ‚
2121 2383 2196 2421 five
2218 2387 2359 2433 pretio-

1313 2429 1393 2467 sum
1423 2428 1465 2467 fit
1486 2456 1497 2473 ,
1535 2439 1635 2466 nunc
1657 2430 1770 2468 etiam
1790 2441 1932 2468 numen
1954 2431 2119 2470 additum
2137 2434 2258 2474 habet.
2285 2437 2360 2476 Sed

1314 2480 1406 2518 haec
1429 2480 1487 2518 vel
1507 2481 1627 2528 pueris
1646 2481 1818 2529 expedita
1837 2493 1880 2519 ac
1900 2481 2020 2531 plana.
2049 2484 2228 2524 Μιεηῐ..

1368 2530 1404 2569 6.
1434 2530 1540 2580 §Quod
1560 2531 1674 2578 fuerit
1701 2533 1855 2581 pretium
1877 2561 1888 2578 ,
1926 2546 2008 2570 cum
2038 2536 2123 2572 rude
2142 2550 2271 2575 numen
2293 2538 2363 2576 ha·³

1316 2581 1415 2633 beu]
1446 2583 1530 2620 Alia
1551 2581 1647 2631 apud
1670 2582 1763 2622 alios
1789 2583 1995 2629 distincstio,
2022 2584 2082 2624 sed
2103 2588 2193 2625 haec
2210 2598 2362 2637 propter

1314 2634 1636 2682 comparationem
1665 2635 1786 2682 aptior
1809 2663 1819 2679 ‚
1859 2636 1921 2674 tali
1951 2635 2124 2674 videlicet
2156 2638 2357 2678 sententia:

1316 2684 1504 2723 Nummus
1524 2691 1714 2732 argenteus
1738 2686 1936 2725 Caesarum
1959 2688 2177 2736 imaginibus
2194 2690 2363 2739 insignis,
2400 2706 2403 2709 ·

1315 2737 1443 2783 quanti
1466 2733 1536 2773 effe
1559 2735 1664 2782 pretii
1686 2735 1795 2774 debet
1818 2765 1828 2782 ,
1866 2749 1953 2775 curn
1974 2747 2163 2787 argentum
2186 2741 2359 2779 nondum

1315 2786 1496 2835 signatum
1519 2785 1613 2823 adeo
1642 2787 1841 2834 pretiosum
1870 2787 1912 2826 fit
1935 2817 1945 2834 ‚
1984 2798 2023 2826 ut
2053 2788 2074 2826 a
2103 2790 2268 2838 plurimis
2290 2803 2360 2841 pro

1313 2839 1471 2876 numine
1493 2836 1700 2876 habeatur?
1729 2839 1827 2878 unde
1846 2838 1906 2878 ille
1928 2841 1968 2878 in
1988 2839 2222 2890 Tragoedia:

1365 2902 1408 2940 ‘0
1431 2905 1599 2948 Πλοῦτος
1612 2931 1622 2950 ,
1634 2903 1869 2952 hemmam,
1884 2906 1958 2948 τοῖς
1977 2905 2097 2953 σοφοῖς
2117 2908 2216 2950 Θεός.

1316 2967 1489 3006 ΡΑΒιυε.
1515 2967 1700 3015 Legerem
1723 2980 1809 3007 cum
1834 2967 2015 3006 Voffiano
2040 2969 2078 3007 &
2100 2966 2333 3007 Francofurt.'

1367 3029 1474 3079 Qod
1485 3057 1495 3074 ‚
1516 3031 1638 3076 fuerat
1653 3029 1804 3078 pretium
1827 3041 1905 3066 cum
1925 3028 2010 3065 rude
2023 3055 2034 3072 ,
2061 3038 2190 3063 numen
2210 3025 2288 3063 erit.

1321 3093 1359 3132 id
1382 3093 1452 3137 est,
1481 3092 1585 3142 quod
1607 3119 1618 3136 ,
1647 3103 1733 3131 cum
1766 3091 1983 3141 fungebatur
2011 3089 2092 3126 vice
2130 3088 2280 3127 aliarum
2309 3094 2367 3128 rei

1322 3156 1402 3183 rum
1418 3172 1429 3189 ‚
1457 3145 1495 3181 &
1526 3145 1573 3181 ita
1596 3144 1754 3191 pretium
1785 3150 1882 3185 erat,
1909 3141 1944 3178 id
1966 3140 2014 3178 est
2036 3148 2229 3187 argentum
2248 3169 2256 3182 ‚
2285 3151 2364 3189 quo

1321 3194 1459 3244 aliquid
1488 3195 1562 3232 emi
1594 3191 1740 3243 postet,
1765 3203 1864 3231 nunc
1896 3189 1987 3228 mihi
2016 3201 2156 3227 numen
2186 3193 2254 3229 erit
2282 3202 2369 3236 pro·

1320 3254 1401 3293 pter
1420 3246 1596 3294 imagines
1611 3243 1817 3281 Caesarum.
1844 3251 1919 3277 erat
1933 3240 2121 3279 Leidenfis
2135 3269 2143 3284 ‚
2156 3242 2368 3290 &quatuor

1321 3296 1390 3333 alii.
1405 3298 1531 3341 fuerat
1549 3293 1733 3332 sexdecim
1746 3293 1805 3329 alii
1824 3292 1916 3329 libri.
1935 3291 1982 3328 de
2003 3303 2163 3329 nummo
2183 3293 2278 3340 capit
2300 3292 2370 3329 Fa-

1321 3345 1453 3385 bricius
1477 3372 1489 3391 ,
1531 3343 1593 3383 sed
1628 3343 1683 3387 Μ.
1706 3353 1764 3391 ς7.
1785 3341 1980 3392 fimulacra
2011 3344 2049 3381 &
2083 3355 2142 3390 70.
2171 3342 2270 3394 figna
2295 3353 2365 3378 vo-

2282 3402 2367 3432 cans
