2495 3675
203 192 205 195 .
424 122 1057 188 TRISTIUM
1141 124 1448 183 L1ss.1.

212 252 277 306 35
350 230 445 289 Est
468 231 632 286 etiam
659 228 860 283 miseris
884 227 1081 300 piem,
1127 226 1181 281 &
1207 227 1261 283 in
1287 227 1434 284 hoste
1464 230 1737 301 probatur,

426 303 543 360 Hei
566 301 722 366 mihi,
760 318 919 374 quam
945 318 1143 371 paucos
1166 300 1297 356 haec
1323 320 1441 358 mea
1466 303 1605 359 dicia
1632 311 1877 363 movent!

352 377 469 435 Hic
495 376 683 439 status,
721 375 851 429 haec
877 391 1057 428 rerum
1083 392 1226 428 nunc
1250 374 1325 428 est
1347 375 1563 432 fortuna
1594 395 1862 445 mearum,

419 450 636 506 Debeat
661 462 719 502 ut
746 446 970 502 lacrimis
998 447 1168 500 nullus
1192 446 1364 502 adesse
1390 450 1599 505 moduS.

351 524 430 580 At
460 541 580 579 mea
605 523 755 583 sunt,
790 518 1012 590 proprio
1037 520 1276 587 quamvis
1302 522 1638 579 moestissima
1667 524 1817 590 casu,

135 616 278 671 ,40

427 595 649 652 Pectora
673 588 918 664 processu
943 589 1078 643 facia
1103 592 1283 646 serena
1309 606 1420 649 tuo,

348 668 481 727 Hoc
508 679 828 723 eventurum
848 661 955 732 jam
980 675 1094 717 tum
1111 703 1123 726 ,

419 742 608 797 Ferret
632 736 808 793 adhuc
837 735 985 791 istam
1012 754 1136 792 cum
1162 738 1338 794 minor
1365 758 1487 796 aura
1517 757 1699 801 ratem.

47 1029 151 1073 Edit.
165 1029 269 1082 quod
287 1025 433 1068 tolerari
455 1022 597 1077 posset,
624 1022 651 1062 fi
670 1023 713 1062 in
734 1019 970 1073 praecedenti
989 1018 1102 1070 legas,

57 1095 124 1123 non
142 1083 197 1131 est.

39 1171 46 1177 ·
107 1160 166 1199 39.
193 1154 238 1186 Ut
255 1160 332 1185 mea
343 1145 419 1197 ssnt
433 1140 605 1196 proprio.]
635 1140 725 1179 Sunt
743 1140 807 1190 qui
825 1138 920 1176 hanc
936 1136 1104 1185 Elegiarn

59 1211 144 1239 cum
171 1199 354 1248 superiore
385 1197 614 1246 conjungant
634 1221 645 1238 ‚
681 1192 762 1230 sunt
790 1190 854 1240 qui
874 1189 983 1227 etiam
1008 1188 1106 1235 sepa·

56 1260 158 1290 rent:
186 1251 278 1288 milii
305 1250 465 1287 omnino
489 1247 632 1284 videtur
661 1240 915 1292 disjungenda.
965 1239 1106 1276 Amico

58 1303 159 1341 enim
180 1300 400 1350 gratulatur,
428 1297 531 1348 quod
551 1295 670 1335 studio
692 1296 730 1331 ὃς
753 1291 918 1330 doetrina
932 1300 1105 1339 magnam

57 1351 100 1391 fit
117 1353 265 1391 laudem
291 1351 524 1389 consecutus:
554 1346 656 1397 quod
682 1346 731 1383 ira
750 1344 829 1381 fore
851 1342 944 1380 olim
967 1341 1000 1378 se
1025 1340 1107 1378 nul-

57 1402 91 1442 la
110 1403 297 1442 divinandi
318 1403 466 1451 peritia,
496 1399 555 1437 sed
575 1398 716 1436 ratione
738 1396 776 1433 ὃς
800 1392 1021 1443 conjecturis
1043 1402 1108 1428 co-

56 1453 224 1503 gnovisse
242 1453 341 1491 dicit.
370 1452 485 1489 Simul
506 1448 662 1487 ostendit
682 1458 768 1484 eum
788 1444 851 1483 fibi
874 1443 1004 1481 rectius
1018 1453 1109 1480 con-

55 1503 224 1550 suluisse,
251 1503 354 1553 quod
364 1500 589 1552 gravioribus
609 1497 800 1547 disciplinis
822 1506 974 1544 operam
995 1492 1110 1531 dede-

41 1555 115 1594 ‘rit.
153 1558 205 1594 At
233 1555 253 1593 ὲ
276 1563 404 1593 contra
423 1553 523 1591 dolet
550 1551 613 1589 sibi
642 1548 755 1588 studia
776 1547 926 1596 poetica
953 1547 990 1583 ὃ(
1010 1544 1111 1582 lasci-

56 1606 202 1645 viorem
225 1605 363 1644 musam
388 1602 563 1642 nocuiffe.
589 1601 780 1639 Postremo
801 1609 888 1635 eum
913 1603 1041 1646 rogat,
1071 1602 1111 1632 ut

58 1656 94 1695 se
107 1657 272 1702 excuset,
289 1657 312 1694 si
326 1657 405 1705 quis
417 1653 648 1692 damnaverit
663 1651 773 1689 libros
796 1648 841 1686 de
853 1648 944 1686 Arte
964 1654 1108 1684 amato-

57 1708 111 1746 ria
134 1707 361 1756 compositos
383 1734 393 1752 ,
429 1702 735 1755 quandoquidem
768 1700 845 1749 ejus
874 1700 949 1736 vita
978 1698 1020 1735 ab
1041 1697 1108 1734 illis

58 1758 191 1797 artibus
212 1759 330 1797 aliena
351 1786 362 1803 ,
399 1758 434 1795 ei
454 1756 596 1803 semper
623 1762 713 1791 nota
734 1751 854 1790 fuerit.
883 1749 1105 1798 Legendum

25 1840 41 1850 .,
59 1819 153 1848 vero
176 1810 225 1848 est
244 1816 288 1847 Ut
302 1837 312 1853 ‚
339 1820 406 1857 pro
427 1805 750 1857 quemadmodum
772 1829 783 1845 ,
819 1812 898 1839 non
916 1810 977 1838 at:
1008 1808 1048 1838 ut
1067 1797 1109 1836 sit

23 1878 42 1917 ⁷:
59 1860 275 1899 adverbium
295 1859 489 1909 qualitatis.
515 1856 656 1906 Vergil.
684 1860 727 1892 Ut
747 1852 850 1896 vidi,
879 1862 918 1888 ut
935 1851 1031 1899 perii.
1059 1850 1110 1888 E-

23 1916 30 1937 ²
60 1912 109 1951 rit
137 1920 262 1951 autem
288 1910 382 1949 ordo
409 1910 508 1948 talis:
541 1907 594 1946 Ut
624 1917 709 1944 mea
737 1903 886 1953 pectora
915 1902 996 1940 sunt
1017 1901 1112 1940 facta

0 2081 17 2115 *j*
55 2065 104 2118 ὅζ
124 2065 219 2103 ordo
238 2065 424 2103 turbetur:
453 2058 775 2113 quemadmodum
797 2058 833 2094 in
857 2055 1111 2104 ApulejiMet.

0 2128 23 2165 l..
59 2116 259 2167 'principio.
287 2115 415 2164 Vulgo
435 2115 536 2152 enim
560 2113 634 2150 fere
654 2111 702 2148 ita
723 2109 853 2157 legitur
867 2134 876 2151 ‚
905 2112 961 2143 At
981 2106 1112 2154 egoser-

0 2167 30 2203 i'.
57 2168 165 2206 'mone
194 2167 252 2212 isio
281 2164 412 2215 Milefio
441 2164 586 2213 fabulas
617 2162 812 2207 conferam:
841 2169 956 2206 quum
985 2157 1113 2206 legen-

0 2232 5 2263 i,
28 2217 157 2271 <idum
189 2218 231 2256 fit
262 2247 272 2263 ‚
317 2223 360 2254 Ut
390 2229 443 2264 ego
468 2217 622 2265 sermone
648 2212 705 2257 isto
735 2208 877 2257 Milesio.
920 2208 1114 2246 MERULA.

28 2269 175 2318 .3‘Quae
195 2269 375 2308 hocloco
400 2267 598 2316 sequuntur
618 2279 628 2308 ;
656 2262 806 2313 quidam
829 2259 849 2298 a
872 2259 1113 2308 superioribus

0 2323 1 2326 ’
28 2319 282 2378 *jgsejungunn
310 2321 348 2358 ὃ(
370 2318 520 2357 seoriim
541 2317 707 2364 Elegiam
727 2314 877 2352 faciunt.
924 2311 1004 2358 Ego
1024 2322 1112 2347 vero

40 2388 44 2398 ·
65 2371 157 2410 nihil
178 2372 287 2410 video
310 2382 372 2409 cur
390 2371 460 2408 hac
479 2369 705 2418 separatione
723 2376 815 2413 opus
835 2362 873 2400 sit
889 2390 898 2405 ,
926 2362 998 2398 &a
1036 2360 1114 2397 vul-

28 2439 42 2466 ε,
66 2433 189 2472 garem
212 2423 416 2460 editionem
444 2419 542 2458 reete
573 2418 706 2456 liabere
736 2415 929 2455 existimo,
956 2422 1051 2460 quae
1076 2412 1114 2449 ὅ(

34 2480 42 2526 s}
67 2473 307 2522 superioribus
331 2471 516 2519 sequentia
536 2471 626 2507 haec
647 2465 864 2507 nonneeut,
894 2464 931 2500 &
955 2474 1022 2510 pro
1049 2473 1111 2507 ut,

22 2519 177 2585 usquam
210 2523 420 2572 particulam
443 2520 588 2557 Merula
608 2520 668 2556 hic
689 2515 827 2559 asserit,
855 2524 893 2551 at
915 2513 1046 2557 habet;
1073 2522 1114 2551 ut

24 2578 52 2621 'lg
68 2577 112 2616 fit
131 2575 247 2613 sensus
265 2574 399 2611 horum
429 2571 597 2608 versuum
626 2580 712 2606 cum
741 2565 981 2614 superioribus
1001 2563 1117 2602 tolla-

33 2622 48 2672 ff
67 2627 175 2666 tione
203 2624 360 2675 quadam
393 2621 550 2670 junciis,
586 2621 660 2658 hoc
689 2618 828 2656 modo:
859 2616 934 2653 Hic
964 2615 1117 2665 quidem

48 2697 51 2713 ι
69 2689 236 2717 mearum
257 2687 378 2713 rerum
399 2674 504 2712 ssatus
525 2672 574 2710 est
589 2700 599 2716 ,
627 2679 667 2708 ut
681 2681 739 2707 eas
757 2669 928 2716 lacrymis
949 2666 1121 2716 prosequi

34 2726 44 2732 ’
66 2727 144 2768 satis
162 2740 237 2767 non
252 2726 403 2777 possim:
428 2724 486 2762 sed
507 2732 633 2761 tamen
654 2730 695 2759 ut
714 2720 843 2759 utillae
863 2719 896 2757 se
912 2718 1045 2756 habent
1058 2746 1067 2762 ,
1082 2719 1121 2756 ὃς

38 2807 41 2810 ι
68 2779 236 2830 quamvis
251 2777 503 2816 moelliffimus
522 2774 594 2823 ipse
615 2773 679 2811 firn
695 2801 705 2817 ,
733 2781 856 2809 tamen
876 2769 1115 2819 posteaquam

69 2832 118 2869 de
134 2831 204 2868 tuis
222 2829 432 2868 successibus
447 2857 456 2871 ,
484 2836 626 2875 tuoque
642 2824 793 2874 proffflu
811 2823 900 2869 (hoc
921 2823 1020 2858 enim
1035 2832 1116 2857 ver-

71 2880 160 2920 bum
191 2881 304 2929 magis
333 2880 449 2928 probo
472 2907 482 2923 ,
520 2889 632 2927 quam
656 2874 757 2925 quod
786 2872 937 2922 quidam
966 2871 1115 2919 legunt,

63 2940 130 2983 pro
146 2933 259 2982 sensu)
282 2932 507 2980 aliquantum
524 2928 740 2965 exhilaratus
751 2925 801 2962 fui
815 2952 823 2967 ‚
837 2925 909 2961 &c.
938 2924 1118 2959 Micnr..

77 2989 237 3032 Tempora
256 2983 343 3020 liber
362 2981 512 3031 quidam
529 3007 539 3024 ,
567 2978 668 3028 quod
699 2976 824 3015 falsum
845 2983 936 3023 puto
958 3002 967 3017 ‚
1003 2974 1039 3010 δε
1060 2982 1121 3022 pro

75 3035 171 3084 [insu
191 3035 316 3081 fabia,
346 3033 448 3082 quod
479 3032 611 3069 eratin
642 3030 728 3066 Mss.
750 3029 786 3064 &
818 3027 923 3064 editis
943 3026 1122 3073 plerisque

79 3095 125 3122 ex
155 3084 292 3122 Fabric.
319 3087 357 3122 ὃς
396 3082 572 3133 Naugerii
607 3079 838 3127 castigatione
874 3076 1123 3126 reposiiimiiS‚

77 3138 224 3185 profeblu
245 3135 343 3173 sensu
364 3134 640 3173 commodiore.
665 3131 814 3168 sszasii.
850 3128 953 3167 Nihil
973 3128 1033 3165 liic
1052 3127 1125 3164 sani

85 3186 146 3224 est.
174 3188 278 3233 prim.
304 3187 425 3224 Vatic.
458 3188 494 3222 ὅτ
526 3186 690 3234 quinque
722 3181 805 3222 alii.
835 3187 892 3217 At
922 3193 997 3216 mea
1030 3179 1125 3225 sunt.

84 3235 215 3273 deinde
247 3247 385 3274 veteres
415 3237 579 3285 plerique
613 3246 698 3274 cum
727 3232 852 3283 primis
879 3231 1123 3276 editionibus,

76 3288 226 3331 -Ptflora
238 3295 297 3338 pro
308 3288 421 3337 sensu.
449 3287 552 3337 Lege
565 3314 577 3332 ,

1525 129 1732 189 ELEG.
1783 134 1881 195 IX.
2115 139 2222 210 457

1166 666 1456 730 carissime,
1493 669 1632 734 vidi,

2061 869 2213 935 Sive,

1208 1020 1266 1061 'At
1286 1036 1363 1061 mea
1377 1025 1462 1071 sunt
1475 1054 1485 1071 ,
1508 1026 1639 1077 proprio
1657 1028 1824 1079 quamvis
1853 1026 2060 1076 moestiffi'ma
2081 1029 2186 1077 cafug

1262 1078 1401 1112 Peo‘lora
1415 1087 1477 1126 pro
1491 1080 1593 1127 sensu
1608 1080 1712 1124 sacta
1727 1084 1847 1128 serena
1869 1092 1939 1117 tuo.

1161 1139 1299 1189 aliquid
1318 1140 1476 1178 diximus
1499 1142 1544 1179 de
1564 1143 1639 1180 hoc
1660 1144 1748 1182 loco
1777 1145 1878 1194 supra
1903 1144 2003 1192 Eleg.
2027 1156 2053 1182 1.
2080 1144 2136 1186 3?ss.
2154 1145 2215 1191 40:

1162 1191 1344 1248 Excerpta
1369 1192 1486 1248 Voffii
1506 1202 1628 1231 tamen
1645 1222 1653 1237 ,
1679 1204 1739 1243 pro
1754 1200 1869 1245 sensu.
1892 1205 1952 1245 pro
1971 1205 2080 1231 ventu
2093 1196 2216 1232 Com-

1164 1241 1290 1280 bianus
1309 1254 1375 1290 pro
1394 1243 1530 1281 diversa
1554 1244 1727 1284 lectione,
1775 1246 1845 1284 Sed
1866 1254 1957 1294 puto
1981 1274 1991 1286 .
2016 1245 2083 1295 post
2099 1246 2218 1296 sensus

1164 1303 1238 1330 tuos
1252 1321 1262 1337 ‚
1292 1305 1333 1331 ea
1352 1293 1617 1342 significatione
1631 1324 1640 1340 ‚
1669 1308 1740 1344 qua
1760 1297 1819 1335 lib.
1840 1297 2016 1344 1v.Eleg.
2037 1308 2091 1334 vi.
2113 1308 2174 1336 22.

1215 1368 1383 1413 Mensque
1402 1362 1489 1401 mali
1501 1365 1640 1413 sensum
1664 1365 1776 1410 nostra
1796 1366 1939 1403 recentis
1971 1364 2088 1403 habet.

1164 1427 1212 1466 Et
1231 1428 1391 1467 Ponticis
1406 1456 1416 1472 ,
1443 1437 1483 1467 ut
1504 1429 1655 1479 quidem
1679 1430 1905 1469 scribendum
1930 1444 1939 1468 z

1220 1493 1363 1531 Felicem
1386 1493 1519 1530 Nioben
1531 1523 1540 1539 ‚
1569 1495 1736 1544 quamvis
1754 1505 1804 1533 tot
1817 1500 1953 1543 funera
1972 1493 2067 1532 vidit
2080 1520 2092 1538 ,

1273 1547 1376 1594 Qae
1389 1545 1499 1595 posuit
1511 1545 1651 1595 sensum
1666 1547 1777 1596 saxea
1789 1548 1892 1594 sat‘la
1913 1545 2011 1583 mali.

1167 1603 1325 1662 Epistola
1345 1606 1503 1663 l³aridis,
1524 1606 1632 1655 sentis
1645 1619 1721 1644 mea
1733 1606 1883 1643 vulnera
1898 1634 1907 1648 ‚
1927 1604 2046 1655 sentis.
2076 1603 2221 1642 Heiusfl'

1167 1655 1298 1712 Incipit
1316 1657 1377 1694 liic
1398 1657 1509 1695 etiam
1529 1669 1669 1695 novam
1697 1656 1864 1706 Elegiarn
1888 1654 2217 1698 Francofurtensis,

1166 1707 1335 1745 Leidens.
1367 1707 1539 1748 Bernens.
1569 1709 1605 1745 &
1629 1708 1778 1757 quidam
1810 1707 1881 1745 alii.
1912 1705 2095 1755 Crispinus
2124 1716 2218 1742 vero

1162 1769 1302 1794 novam
1334 1757 1499 1807 Elegiam
1540 1759 1692 1796 inchoat
1720 1770 1739 1796 a
1776 1757 1929 1796 disticho
1959 1754 2219 1805 praecedenti,

1164 1808 1441 1865 quotauetorffi
1468 1808 1603 1847 nescio.
1623 1809 1681 1847 illa
1704 1816 1827 1847 autem
1847 1817 1906 1857 pro
1923 1807 2045 1856 sensu,
2072 1805 2218 1844 nullum

1166 1859 1258 1915 rnihi
1275 1859 1450 1916 ⁸videntur
1467 1859 1600 1898 habere
1619 1859 1772 1898 sensum.
1798 1859 1946 1897 Merula
1960 1857 2137 1906 explicat,
2150 1868 2219 1905 pro

1167 1909 1408 1960 intelligentia
1446 1918 1508 1949 tua
1537 1912 1576 1949 δε
1608 1910 1789 1949 doetrina.
1818 1908 2002 1960 quosdam
2035 1909 2146 1946 etiam
2168 1908 2220 1945 ait

1168 1960 1311 2017 legere,
1337 1970 1397 2009 pro
1409 1961 1585 2011 s'ensutui.
1613 1970 1654 2000 ut
1679 1961 1719 1999 sit
1739 1972 1807 2011 pro
1825 1961 1951 1998 auditu
1970 1959 2133 1997 nominis
2151 1959 2222 1997 tui.

1169 2023 1298 2068 omnia
1323 2023 1413 2050 vana
1429 2041 1439 2057 ‚
1453 2013 1491 2050 ὃ(
1515 2013 1588 2051 sine
1607 2013 1734 2062 lepore
1756 2013 1795 2050 δε
1812 2012 1935 2061 gratia.
1963 2011 2038 2059 agit
2054 2010 2152 2047 enim
2175 2007 2222 2046 de

1167 2071 1402 2100 incremento
1438 2063 1548 2101 amici
1567 2064 1618 2101 sui
1644 2092 1654 2109 ,
1691 2063 1794 2112 quod
1814 2062 2000 2111 oiimjam
2022 2068 2221 2109 auguratus

1169 2121 1267 2156 erat,
1297 2114 1334 2150 δε
1354 2125 1453 2151 nunc
1475 2114 1635 2162 opponit
1662 2114 1744 2152 suae
1775 2113 1999 2157 calamitati,
2027 2112 2067 2149 ὅς
2096 2111 2225 2155 ἀεςτες

1171 2172 1302 2201 mento
1325 2166 1493 2213 propriae
1515 2166 1697 2203 fortunae.
1725 2176 1838 2215 quare
1859 2164 2061 2214 legerem:⁴

1224 2231 1363 2267 Peffora
1381 2230 1523 2280 proceffu
1534 2231 1637 2278 suffla
1650 2232 1772 2281 serena
1792 2241 1863 2269 tuo.

1166 2295 1324 2345 proceffus
1338 2323 1348 2340 ,
1376 2296 1704 2335 estincrementum
1719 2324 1730 2340 ‚
1757 2297 1886 2347 gradus
1903 2325 1912 2343 ,
1941 2297 2043 2347 cujus
2056 2294 2160 2345 glossa
2174 2294 2222 2332 est

1164 2349 1370 2395 proveHus,
1394 2357 1595 2396 proventus.
1635 2350 1669 2385 iii
1692 2348 1873 2386 Voffiano
1896 2359 1970 2387 erat
1985 2377 1994 2392 ,
2017 2357 2076 2396 pro
2099 2346 2218 2393 confit,

1170 2397 1273 2447 quod
1298 2400 1469 2446 proxime
1491 2399 1633 2437 accedit
1663 2398 1708 2437 ad
1723 2400 1878 2449 processu.
1907 2400 1990 2437 infr.
2011 2399 2070 2436 lib.
2093 2408 2147 2436 iis.
2168 2395 2221 2440 Es

1170 2449 1238 2499 leg.
1263 2461 1298 2484 v.
1318 2461 1378 2498 ις.

1223 2513 1277 2549 Sic
1296 2522 1359 2549 tua
1375 2511 1534 2562 proceffus
1555 2511 1683 2548 habeat
1705 2517 1861 2549 Fortuna
1877 2518 2072 2558 perennes,-

1173 2576 1340 2623 Juvenal.
1361 2576 1476 2624 Satyr.
1499 2588 1523 2612 1.
1545 2574 1604 2624 38.

1279 2651 1319 2682 In
1339 2645 1463 2681 coelum
1486 2658 1567 2694 quos
1585 2642 1701 2681 evehit
1718 2642 1847 2691 optima
1867 2641 1998 2687 ficmmt‘

1229 2702 1334 2734 Nunc
1356 2696 1418 2733 via
1433 2694 1591 2745 proceffus
1606 2723 1615 2740 ‚
1642 2694 1782 2731 vetulae
1800 2692 1909 2741 vefica
1928 2692 2059 2730 beatae.

1177 2763 1251 2802 vid.
1275 2763 1319 2801 ad
1341 2761 1494 2810 Quinet.
1514 2761 1604 2798 decl.
1627 2772 1689 2797 111.
1709 2771 1744 2803 Q.
1777 2757 1974 2801 procedere,
2006 2757 2054 2795 ita
2075 2754 2243 2794 Teren:-

1171 2816 1240 2852 rius
1266 2844 1276 2858 ‚
1313 2814 1448 2852 Cicero
1469 2839 1480 2858 ,
1519 2812 1662 2850 Livius.
1700 2811 1739 2847 ὅ(
1769 2809 1827 2847 alii
1857 2808 1982 2857 paffim
2018 2806 2070 2846 usi
2108 2807 2224 2845 fuere,

1172 2865 1304 2902 Bunm.

1226 2937 1285 2967 41.
1316 2930 1381 2960 Hoc
1406 2920 1471 2959 tihi
1502 2916 1733 2966 venantum]
1783 2924 1854 2954 Hoc
1875 2926 2083 2954 eventurum
2115 2918 2222 2965 prim.

1178 2977 1284 3013 Polit.
1301 2976 1407 3022 prim.
1429 2972 1652 3008 Variounus
1674 2967 1879 3007 Mediceus.
1897 2969 1934 3005 ὃ(
1949 2969 2221 3014 Rotrendoipii.
2242 2995 2245 2997 >

1178 3029 1283 3063 bene.
1310 3025 1366 3061 alii
1394 3051 1403 3066 ,
1440 3035 1492 3070 ego
1525 3033 1715 3057 venturum
1736 3047 1747 3064 ‚
1784 3020 1872 3064 vel,
1908 3019 1998 3056 mihi
2015 3031 2224 3057 venturum.

1179 3078 1286 3115 Pont.
1310 3087 1374 3111 iii.
1398 3074 1497 3121 Eleg.
1518 3084 1569 3108 iv,

1232 3126 1280 3163 Di
1302 3139 1445 3175 quorum
1469 3123 1604 3159 monitu
1621 3121 1740 3168 sumus
1761 3130 1932 3158 eventura
1954 3120 2070 3157 locuti.

1178 3179 1358 3225 Epicedzo
1385 3175 1514 3216 Drusi,
1543 3179 1723 3210 liz-emma
1743 3181 1865 3218 precor.
1891 3184 2005 3215 mox,
2035 3171 2148 3207 minor
2162 3182 2227 3205 au-

1180 3244 1244 3273 ra,
1275 3241 1340 3277 pro
1367 3227 1483 3267 minus
1503 3225 1683 3264 meliores.
1713 3223 1857 3262 Heras.
1904 3228 1997 3261 Cum
2025 3222 2111 3259 levis
2135 3231 2249 3256 aur-o·

1182 3293 1231 3320 UD
1237 3291 1290 3320 US·

2075 3332 2132 3370 44·
2161 3325 2232 3368 No«,
