2495 3675
259 161 359 236 57ss
743 144 1307 210 P.OVIDII

1380 120 1908 201 Nasonis

554 257 771 330 Singula
790 242 925 331 quid
952 253 1211 311 referam?
1253 250 1326 305 nil
1353 265 1463 303 non
1490 246 1717 302 mortale
1743 259 2015 315 tenemus,

625 330 864 386 Pefioris
889 328 1126 398 exceptis
1152 322 1461 395 ingeniique
1487 320 1655 376 bonis,

406 424 475 478 45
551 407 635 463 En
661 423 766 477 ego
791 446 805 469 ,
844 421 967 458 cum
994 399 1162 471 patria
1190 413 1397 452 caream
1416 434 1432 460 ,
1474 395 1763 468 vobisque,
1803 394 2112 468 domoque;

622 479 907 550 Raptaque
947 473 1073 535 lint,
1111 470 1275 526 adimi
1299 487 1435 544 quae
1462 482 1715 541 potuere,
1754 468 1914 530 mihi;

550 554 773 625 Ingenio
799 564 979 603 tamen
1002 545 1110 617 ipse
1137 562 1262 599 meo
1287 543 1629 615 comitorque
1654 541 1940 614 fruorque:

627 626 817 678 Caesar
841 623 896 675 in
921 620 1027 674 hoc
1050 619 1228 691 potuit
1252 616 1381 689 juris
1414 617 1608 671 habere
1635 615 1779 670 nihil.

549 697 792 770 Quilibet
823 696 958 749 hanc
982 692 1140 747 saevo
1165 693 1329 746 vitam
1353 690 1483 745 mihi
1511 689 1658 744 finiat
1687 689 1839 753 ense;

406 790 473 842 50

625 770 723 823 Me
747 782 927 822 tamen
952 764 1212 820 exstincto
1237 765 1373 819 fama
1396 763 1649 834 superstes
1681 764 1798 817 erit.

555 843 814 914 Dumque
841 841 941 895 suis
965 838 1159 893 viPtrix
1187 855 1404 893 omnem
1436 838 1506 891 de
1533 836 1804 890 montibus
1833 835 2022 890 orbem

625 915 920 987 Prospiciet
948 912 1219 966 domitum
1249 911 1442 965 Martia
1466 910 1870 980 Roma,'legar.

553 987 647 1043 Tu
675 1006 894 1061 quoque
920 1026 934 1050 ‚
974 1003 1136 1057 quam
1162 984 1315 1039 studii
1345 997 1551 1038 maneat
1579 982 1787 1036 felicior
1811 982 1956 1043 uim,

628 1061 824 1132 Effuge
851 1070 1134 1122 venturOS,
1173 1059 1276 1130 qua
1303 1070 1484 1129 pote3‚
1520 1073 1687 1127 usque
1711 1072 1887 1126 rogos

260 1205 324 1241 has
343 1200 530 1253 cuicunque
549 1199 641 1237 libet.
658 1209 748 1248 opes
767 1197 956 1235 nimirum.
970 1207 1036 1246 pro
1057 1204 1101 1235 (9·
1121 1193 1306 1238 nonnulli,
1359 1192 1456 1241 genio
1475 1202 1594 1230 tamen
1614 1188 1714 1239 wa]
1743 1188 1877 1227 Probat
1896 1201 1996 1227 nunc
2014 1188 2048 1226 se
2064 1216 2074 1233 ‚
2102 1188 2272 1238 quamvis
2290 1191 2412 1238 patria,

260 1256 310 1294 id.
337 1252 457 1293 Posset
477 1256 514 1293 ὅ(
533 1252 630 1302 legi,

313 1326 444 1370 Nempe
465 1319 529 1357 dat
558 1328 597 1356 ut
628 1317 852 1369 quodcunque
879 1314 961 1353 libet
992 1321 1169 1360 Fortuna,
1197 1313 1306 1364 rapit-

261 1423 311 1461 ita
331 1423 369 1460 ἃ
389 1385 644 1471 τερῗῑαεεέῑίαη]
673 1420 776 1469 rapit.
812 1418 873 1457 sed
901 1419 976 1457 hoc
1003 1417 1136 1456 durius.
1164 1416 1311 1455 Hnms.

262 1476 315 1511 Sic
333 1474 445 1510 tenuis
469 1471 607 1521 subito,
635 1471 695 1519 qui
725 1469 823 1507 modo
852 1470 968 1519 creffus
990 1478 1067 1505 erat
1089 1468 1241 1506 Moreti.
1263 1467 1312 1515 fit

262 1524 376 1562 cenius
399 1523 513 1573 subito
546 1522 695 1571 Regius.
739 1519 786 1569 fit
808 1521 946 1570 gracilis
970 1519 1084 1567 subito
1123 1518 1184 1568 qui
1212 1519 1311 1556 modo

258 1576 390 1625 graffus
408 1576 556 1613 Lovan.
583 1579 698 1623 Cyrus
717 1581 793 1609 erat
815 1572 937 1610 Vatic.
958 1570 1257 1620 GroſjusPutcan.

313 1652 373 1689 43.
400 1638 541 1689 Singula
561 1636 647 1688 quid
668 1634 846 1685 referam]
879 1633 980 1672 Libri
1001 1644 1166 1678 veteres,
1193 1647 1235 1670 ne
1259 1647 1311 1670 re·

253 1693 386 1738 freram.
414 1691 585 1729 Ctorau.
634 1687 735 1736 Qid
755 1687 902 1734 reseram
933 1684 1115 1723 nonnulli.
1143 1693 1184 1723 ut
1203 1684 1263 1723 lib.
1286 1696 1314 1722 x.

263 1744 401 1780 Amor.
421 1742 476 1779 El.
497 1753 534 1778 v.

315 1802 458 1851 Singula
481 1800 567 1852 quid
587 1808 754 1838 narrem?
779 1797 832 1836 nil
853 1811 921 1836 non
944 1795 1121 1836 laudabile
1141 1795 1231 1835 vidi.

265 1862 268 1864 '
325 1867 330 1870 “
357 1866 415 1890 us.

265 1853 376 1952 Har}
405 1903 469 1940 Nil
489 1916 557 1940 non
579 1901 724 1939 mortale
746 1910 901 1938 tenemus
928 1901 1076 1938 penoris
1094 1898 1239 1948 exceptis
1258 1898 1314 1936 in-

261 1957 419 2006 geniique
451 1952 586 2002 bonis.]
643 1954 902 2001 Quaecunque
944 1951 1116 1989 homines
1155 1950 1314 2006 habent,

264 2015 406 2056 praeter
425 2005 538 2043 animi
557 2005 594 2041 ὅ(
619 2003 756 2052 ingenii
776 2003 873 2040 bona
892 2030 903 2047 ‚
934 2002 1104 2040 mortalia
1125 2001 1163 2039 ὃ(
1176 2000 1315 2049 fragilia

263 2059 358 2097 sunt.
386 2057 554 2094 C1ofau.
589 2054 653 2091 Nil
670 2053 869 2091 immortale
891 2054 1040 2091 Lovan.

317 2137 378 2172 45.
405 2128 460 2159 En
482 2136 536 2171 ego
556 2134 633 2157 cum
660 2120 778 2170 patria
800 2131 959 2163 caream,
985 2117 1173 2168 vobisque,
1201 2115 1318 2154 domo·

266 2189 353 2228 que,
383 2180 563 2224 Raptaque
574 2170 649 2222 sint
671 2199 684 2218 ,
711 2170 825 2208 adimi
855 2182 942 2220 quae
955 2178 1094 2219 potuere
1116 2167 1226 2211 mih&
1257 2174 1318 2210 ln·

961 2315 1515 2383 ELEGIA
1609 2315 1771 2382 VIII.

556 2469 825 2608 NUnc
853 2487 957 2541 ego
986 2468 1315 2540 Triptolemi
1344 2487 1597 2542 cuperem
1623 2468 1987 2524 conscendere
2013 2486 2226 2533 curruS,

778 2542 927 2598 Misit
954 2543 1008 2598 in
1031 2543 1271 2614 ignotam
1297 2544 1390 2616 qui
1413 2543 1547 2601 rude
1574 2543 1752 2598 semen
1777 2541 2025 2596 humum:

323 2817 355 2844 r.
383 2810 486 2842 Nunc
506 2818 559 2854 ego
588 2803 788 2855 Triptolemi
818 2812 969 2853 cuperem
998 2802 1210 2854 confitendere
1235 2819 1312 2842 cur-

270 2856 365 2906 rus.]
422 2856 481 2893 De
501 2857 742 2903 Triptolemo
774 2855 934 2893 Ovidius
953 2855 1026 2905 ipse
1050 2855 1088 2893 in
1107 2854 1203 2892 libris
1223 2857 1313 2894 Fast.

268 2909 307 2945 ὃ(
328 2909 549 2945 Ammianus
567 2907 627 2943 lib.
645 2919 740 2944 xxn.
768 2907 829 2945 ubi
855 2908 903 2943 ita
922 2907 990 2944 est:
1031 2910 1138 2957 thue
1150 2906 1235 2955 fhlet
1246 2908 1311 2954 fa-

268 2972 329 2996 ma
350 2960 520 2996 novitates
542 2970 660 3005 augere
674 2986 683 3001 ‚
706 2956 909 3006 properabat
939 2957 1019 2994 inde
1033 2957 1217 3005 sublimior
1232 2986 1242 3003 ,
1270 2967 1312 2995 ut

267 3010 420 3061 quodam
442 3008 638 3057 Triptolemi
670 3021 773 3044 curru
787 3036 797 3051 ,
824 3021 925 3056 quem
945 3009 983 3045 ob
1003 3009 1137 3057 rapidos
1161 3009 1309 3046 circum-

264 3060 387 3112 greffus
415 3059 505 3096 a'e'ris
532 3058 735 3107 serpentibus
760 3058 946 3105 pinnigeris
967 3059 1126 3109 sabulosa
1158 3060 1311 3108 vetustas

265 3112 424 3162 imponit.
470 3110 528 3147 De
558 3121 634 3158 quo
663 3110 772 3146 etiam
805 3110 896 3146 haec
920 3109 1009 3147 scitu
1030 3110 1139 3159 digna
1161 3112 1311 3160 collegit

265 3163 493 3202 doetiffimus
523 3159 723 3197 Parrhasius
752 3160 787 3196 in
819 3159 1078 3198 Claudianum.
1120 3162 1312 3210 Triptole-

267 3227 375 3253 mum
406 3213 468 3251 fibi
504 3211 737 3249 vindicabant
769 3210 1009 3248 Athenienses
1033 3239 1044 3256 ,
1084 3212 1123 3249 ὅ(
1145 3213 1249 3251 Celei
1270 3213 1312 3251 fi-

263 3266 356 3304 lium
378 3262 481 3302 fuisse
501 3261 779 3311 praedicabant,
807 3263 869 3308 qui
892 3262 1028 3307 primus
1049 3261 1167 3311 fruges
1190 3264 1317 3301 colue-

265 3318 324 3357 rit.
353 3315 553 3355 Historiam
574 3311 684 3352 habes
703 3313 798 3361 apud
813 3311 1040 3351 Pausaniam.
1071 3314 1241 3355 Musaeus
1254 3327 1321 3355 au·

1363 1255 1482 1281 uxore
1496 1272 1506 1288 ,
1538 1242 1610 1280 filia
1627 1269 1637 1285 ‚
1666 1240 1950 1289 domesticisque
1971 1239 2144 1278 omnibus
2171 1240 2328 1288 privatus
2347 1239 2412 1286 fit,

1362 1303 1542 1343 perpetuo
1562 1293 1699 1331 lectum
1723 1292 1787 1336 iri,
1815 1291 2188 1341 doctrinaque‚quae
2199 1291 2318 1329 amitti
2337 1303 2425 1344 non,

1364 1345 1503 1395 potest,
1532 1341 1787 1383 immortalem
1809 1344 1901 1381 fore.
1930 1343 2103 1380 CtorAN.

1417 1423 1475 1460 47.
1502 1407 1766 1459 Comitorque.]
1796 1408 1947 1447 Paffive.
1976 1407 2151 1449 Cretan.

1417 1486 1478 1522 49.
1505 1474 1580 1522 §Qui
1598 1474 1716 1526 licet.]
1770 1476 1933 1526 Nauger.
1956 1475 2017 1525 qui
2035 1475 2137 1520 licet,
2165 1483 2206 1513 ut
2223 1474 2268 1514 ad
2289 1475 2423 1516 Caesa·⁴
2480 1466 2483 1514 J

1365 1537 1444 1563 rem
1469 1527 1657 1564 referatur.
1694 1527 1767 1565 Ms.
1791 1528 1829 1565 &
1860 1528 1940 1566 libri
1960 1526 2125 1577 quidam.

1366 1576 1415 1614 est
1439 1577 1651 1626 quicunque
1673 1578 1779 1622 sane,
1806 1578 1910 1628 quod
1938 1579 2053 1628 magis
2072 1577 2178 1616 nobis
2206 1577 2341 1622 arrisit,
2369 1590 2414 1617 ne

1368 1628 1559 1666 Caesarem
1583 1628 1801 1667 crudelitatis
1822 1629 2019 1667 infimulet.
2047 1628 2198 1666 BfiasM.
2251 1628 2426 1681 Invidio·¹
2494 1655 2495 1658 =

1368 1679 1446 1717 sum
1479 1680 1552 1716 hoc
1579 1679 1732 1718 Caesari.
1782 1681 1940 1729 Repone
1969 1681 2078 1729 igitur
2097 1708 2107 1725 ,
2146 1679 2302 1729 Qilibet
2331 1691 2413 1720 cum
2493 1695 2495 1698 ·

1370 1729 1592 1819 {niembranis
1645 1731 1827 1781 plerisque
1882 1732 1920 1769 δε
1973 1732 2131 1780 antiquis
2188 1730 2431 1771 editionibus.·

1413 1793 1516 1820 atus.

2170 1526 2354 1575 Quian,
2378 1525 2413 1567 id
2480 1568 2483 1576 ,

1424 1862 1483 1897 ςῐ.
1510 1855 1676 1900 Dumque
1700 1850 1775 1898 suis
1805 1849 1940 1887 ὐἱέῖνὶκ
1961 1849 2091 1899 septem
2112 1849 2153 1886 de
2173 1848 2346 1887 montibus
2363 1855 2424 1887 ori·
2490 1871 2491 1874 =

1370 1899 1485 1952 bem.]
1516 1907 1664 1938 Omnem
1698 1902 1738 1938 de
1770 1902 1945 1939 montibus
1979 1901 2091 1938 orbem
2110 1900 2357 1938 Vaticpolit.
2376 1901 2414 1939 &
2493 1934 2495 1938 .

1369 1950 1480 1989 Palat.
1498 1953 1669 1990 meliores
1695 1980 1706 1998 ‚
1744 1964 1830 1990 cum
1862 1953 2029 2002 quinque
2062 1951 2149 1989 aliis.
2177 1950 2281 1988 bene.
2318 1951 2416 1997 duo,

1370 2010 1497 2040 totum.
1524 2003 1672 2040 Herus.
1699 2009 1798 2040 Dum
1812 2004 1941 2055 fiptem
1963 2003 2096 2041 victrix
2114 2015 2249 2041 omnem
2262 2002 2302 2040 de
2321 2014 2418 2049 monq

1370 2051 1464 2090 tibus
1482 2053 1595 2091 orbem
1617 2053 1868 2093 Combianhs.

1425 2128 1482 2166 54.
1511 2119 1595 2165 Qu
1615 2117 1745 2168 potes.]
1781 2120 1904 2168 Qam
1928 2118 2019 2156 octo
2040 2127 2193 2158 veteres.
2219 2118 2317 2157 Vide
2334 2118 2438 2164 Νο-ζ-

1371 2175 1424 2207 tas
1442 2169 1487 2208 ad
1508 2169 1668 2208 Remed.
1685 2170 1819 2209 Amor.
1837 2171 1893 2214 Μ’.
1915 2181 1998 2219 325.
2027 2170 2172 2208 Herus.

2257 2667 2412 2724 Nunc

1367 2813 1444 2843 tem
1486 2804 1767 2854 Triptolemum
1811 2806 1970 2843 Oceano
2016 2804 2210 2856 Terraque
2248 2807 2411 2857 genitum

1369 2858 1477 2894 canit.
1516 2857 1688 2905 Orpheus
1710 2856 1891 2906 Dysaule,
1922 2867 1994 2904 qua
2017 2865 2121 2895 natus
2137 2858 2206 2902 est,
2237 2859 2275 2896 &
2294 2858 2413 2896 Eube-

1365 2907 1456 2945 leus.
1483 2908 1614 2957 quibus
1637 2937 1647 2952 ‚
1686 2907 1862 2957 quoniam
1901 2906 1996 2945 filiae
2029 2916 2172 2957 raptum
2200 2909 2410 2952 indicarint,

1367 2958 1482 2995 Ceres
1520 2958 1585 3006 (ut
1618 2959 1716 2996 idem
1745 2957 1887 3006 pergit)
1925 2959 2073 3007 frugum
2101 2959 2281 2997 sationem
2304 2958 2414 2998 dedit.

1366 3008 1560 3045 Choerilus
1572 3008 1818 3051 Atheniensis,
1830 3009 1864 3044 in
1884 3008 2003 3057 Alope
2018 3010 2243 3057 Tragoedia,
2258 3018 2412 3049 matrem

1366 3060 1607 3106 Triptolemo
1628 3060 1688 3097 dat
1709 3059 1998 3109 Ampliic‘tyonis
2027 3059 2161 3104 filiam,
2190 3070 2327 3109 patrem
2350 3071 2414 3098 ve-

1367 3122 1409 3148 ro
1439 3110 1569 3147 Paron.
1619 3110 1690 3148 Sed
1723 3111 1854 3158 Argivi
1886 3110 2119 3148 contendunt
2149 3113 2290 3150 Cereris
2318 3108 2412 3159 apud

1369 3161 1402 3199 se
1423 3162 1585 3209 primurn
1605 3160 1699 3199 sacra
1720 3161 1879 3198 instituta
1901 3188 1911 3204 ‚
1947 3169 2058 3208 atque
2083 3162 2168 3200 inde
2189 3162 2412 3200 Trochilum

1371 3213 1512 3250 Cereris
1546 3211 1773 3250 sacerdotem
1805 3211 1855 3248 ob
1878 3213 2058 3259 Agenoris
2088 3213 2308 3251 simultatem
2331 3223 2415 3261 pro-

1372 3264 1501 3312 fugum
1527 3290 1536 3306 ,
1566 3263 1603 3299 in
1632 3263 1795 3300 Atticam
1826 3261 2026 3310 pervenisse
2050 3292 2060 3307 ‚
2089 3264 2273 3313 ductaque
2301 3273 2415 3301 uxore

1372 3313 1544 3353 Eleusina
1559 3341 1570 3359 ,
1599 3313 1810 3353 Eubuleum
1826 3340 1837 3358 ‚
1849 3313 2206 3365 Triptolemumque
2224 3310 2416 3401 suscekpiifl‘e.

2352 3376 2421 3405 unc
