2495 3675
210 202 302 256 ,ιΞ-Ξι
550 260 553 261 ⁷
733 204 793 260 P.
869 196 1882 260 OVIDIINA80N218

503 318 581 374 At
614 331 762 374 certe
789 317 1102 381 credemur,
1139 316 1238 379 ait,
1278 314 1314 370 s1
1337 314 1497 370 verba
1523 313 1771 387 sequatur

574 391 781 447 Exitus.
822 410 919 455 en,
956 391 1081 446 audi
1106 389 1352 452 crastina,
1387 388 1624 461 quisquis
1649 390 1789 444 ades,

504 463 795 520 Protulerit
822 466 974 519 terris
1003 480 1126 518 cum
1153 477 1329 516 totum
1354 461 1625 534 Cynthius
1654 463 1875 527 orbem,

565 538 811 610 juppiter
836 537 1046 606 imperii
1072 537 1295 607 pignora
1317 549 1469 589 certa·
1490 535 1653 589 dabit.

365 628 461 678 355
501 611 797 666 Discedunt
825 610 1012 674 dubii,
1051 608 1407 682 promiss‘aque
1434 608 1584 663 tarda
1608 607 1858 664 videntur
1875 632 1892 673 ⁴;

582 683 982 756 Dependetque
1007 683 1141 738 fides
1179 684 1207 735 a
1233 681 1485 735 veniente
1509 681 1614 735 die.

505 756 689 811 Mollis
717 770 828 810 erat
857 758 1011 811 tellus
1045 757 1224 810 rorata
1253 770 1410 807 mane
1436 754 1655 823 pruiniu

583 834 731 883 Ante
757 829 828 884 sui
859 830 1084 901 populus
1113 828 1290 881 limina
1319 825 1486 897 Regis
1512 826 1672 881 adest.

508 902 699 956 Prodit
724 942 738 966 ‚
779 902 834 955 ὃς
859 904 913 957 in
940 902 1071 956 solio
1097 900 1305 954 medius
1331 899 1575 954 consedit
1601 918 1815 956 acerne.

365 979 467 1039 360

580 975 847 1030 Innumeri
871 977 1012 1030 circa
1037 975 1278 1047 stantque
1309 971 1568 1044 silentque
1596 974 1712 1028 viri.

498 1047 678 1105 Ortus
705 1063 816 1103 erat
842 1050 1050 1103 summo
1078 1045 1459 1101 tantummodo
1489 1047 1727 1117 margine
1751 1046 2031 1106 Phoebus-t

584 1123 851 1178 Sollicitae
877 1134 1085 1177 mentes
1110 1122 1309 1193 speque
1335 1133 1592 1192 metuque
1619 1135 1835 1192 pavent.

220 1333 308 1376 ubi,
335 1342 404 1370 toto
428 1341 620 1382 percurrere
638 1322 746 1377 coelo',
776 1344 876 1371 nunc
895 1331 1027 1381 legitur
1049 1362 1059 1379 ,
1089 1334 1198 1372 etiam
1231 1331 1269 1368 in

217 1383 366 1473 {mpffi‘
392 1385 525 1422 tonitru
543 1383 670 1421 coelum
691 1396 790 1422 omne
810 1384 893 1421 ciere
912 1385 1075 1424 Maroni.
1094 1385 1194 1423 idem
1217 1383 1272 1420 Si-

236 1446 288 1472 ius
323 1446 333 1470 1
361 1463 370 1472 .
389 1447 452 1474 xv.
482 1446 561 1482 144.

273 1502 435 1540 Addidit
455 1503 598 1553 augurio
611 1502 754 1550 fulmen
772 1512 869 1552 pater
883 1532 894 1549 ,
921 1512 964 1543 &³
985 1515 1077 1552 vaga
1099 1502 1170 1539 late

220 1605 260 1643 H
272 1560 336 1590 Per
346 1553 508 1601 subitum
527 1564 618 1591 moto
630 1554 795 1605 strepuere
814 1555 972 1593 tonitrua
997 1553 1142 1592 mundo.

267 1617 368 1643 εΙΝς.

276 1682 358 1719 351.
388 1675 443 1708 At
472 1680 557 1708 certe
579 1670 781 1716 credamur,
814 1671 906 1722 ait.]
962 1671 1017 1709 Ita
1047 1670 1140 1709 haec
1166 1667 1277 1707 habet

220 1719 311 1759 liber
343 1730 472 1767 vetus,
511 1727 567 1759 At
587 1733 673 1758 certe
693 1723 854 1768 credetis,
882 1723 947 1761 ait.
977 1723 1155 1760 Neapot..
1191 1727 1275 1758 Cre-

225 1772 347 1809 demus
377 1772 495 1821 scripti
524 1772 699 1821 plerique.
745 1774 816 1811 Sed
847 1785 934 1811 vere
962 1773 1101 1810 Sarrav.
1129 1774 1168 1810 δε
1199 1772 1275 1809 duo

222 1822 304 1868 alii,
337 1823 523 1860 credemur.
555 1835 647 1860 mox
669 1825 840 1873 sequatur
856 1825 1051 1867 meliores,
1078 1835 1145 1873 pro
1159 1824 1278 1873 seque-

225 1883 296 1962 tugr.
325 1873 470 1912 Heius.
498 1874 687 1911 credemur
709 1874 819 1912 reete.
842 1875 916 1914 vid.
935 1875 981 1913 ad
1001 1874 1064 1913 lib.
1091 1887 1163 1912 vxt.
1182 1875 1278 1911 Met.

226 1936 251 1973 9
280 1952 366 2026 352.
394 1980 439 2012 Et
457 1975 544 2013 audi
564 1974 711 2023 crastina
733 1975 886 2027 quisquis
908 1975 1030 2025 ades.]
1077 1977 1173 2014 Puto
1195 1974 1276 2014 scri-

226 2026 390 2115 lfiendum
411 2055 421 2072 ‚
469 2027 624 2075 erastine.
653 2039 719 2076 pro
749 2028 911 2078 quisquis
941 2027 1111 2066 crastinus
1149 2027 1277 2066 aderis.

273 2090 374 2116 stus.

283 2141 366 2177 353.
399 2129 623 2178 Protulerit.]
653 2131 760 2168 Unus
777 2130 1095 2180 Mazarfprotinus
1114 2128 1279 2171 extulerit

231 2192 310 2215 cum
330 2191 443 2216 totum
475 2181 651 2230 Cynthius
682 2181 794 2218 orbem
817 2210 827 2226 ,
864 2194 942 2219 non
980 2182 1101 2226 male,
1136 2183 1174 2218 &
1195 2193 1280 2219 exa·

231 2229 327 2267 &tior
341 2231 387 2268 est
399 2232 577 2279 temporis
596 2231 762 2269 definitio
777 2260 786 2277 ,
807 2232 903 2269 unde
923 2232 1056 2270 fiducia
1078 2232 1199 2281 major
1216 2244 1281 2279 ap-

232 2289 348 2329 paret.
368 2282 405 2318 &
427 2283 475 2319 ita
499 2282 638 2320 faetum
658 2284 769 2320 docet
791 2283 872 2320 infr.
889 2282 942 2325 ss's.
968 2284 1052 2332 367.
1081 2293 1166 2319 totos
1189 2282 1282 2319 orbes

229 2343 324 2419 1113nus
350 2332 503 2371 Heiulii.
532 2342 570 2371 ut
600 2335 638 2371 &
668 2333 770 2383 supra
801 2332 854 2376 stis,
878 2345 958 2383 345.
987 2333 1062 2372 duo
1089 2333 1282 2372 habebant.

268 2396 367 2420 URM.

287 2445 370 2483 354.
399 2434 549 2483 Pignora
573 2433 702 2486 certa.]
746 2434 867 2472 Multa
892 2447 998 2474 unus.
1019 2435 1093 2479 vid.
1115 2435 1208 2484 supr.
1227 2435 1282 2478 jis.

235 2494 370 2585 74356.
399 2536 623 2573 Adveniente
651 2535 750 2586 die]
806 2536 909 2575 Idem
937 2566 947 2582 ,
985 2537 1011 2574 ὰ
1042 2536 1201 2576 veniente
1218 2538 1283 2576 die.

235 2586 361 2624 Neai).
390 2587 615 2625 Adveniente
633 2588 752 2636 scripti
781 2589 956 2638 plerique.
986 2590 1125 2626 Hiems.

289 2660 373 2696 357.
410 2649 583 2700 Rorata.]
639 2657 836 2699 Rorataque
868 2649 1014 2697 plurimi
1045 2662 1091 2686 ex
1119 2650 1284 2688 meliori-

239 2697 302 2735 bus
341 2702 378 2736 ὃς
409 2702 525 2747 prima
552 2701 679 2739 editio.
707 2711 746 2738 ut
777 2703 823 2737 ita
852 2713 967 2735 rorare
993 2699 1124 2736 dicitur
1151 2700 1285 2737 aestive.

238 2748 286 2785 de
305 2761 380 2797 quo
403 2751 486 2788 vide
510 2751 637 2790 Heins.
659 2752 703 2789 ad
726 2749 854 2787 Claud.
877 2761 903 2786 1.
927 2749 1010 2797 385.
1030 2748 1140 2786 Forte
1159 2758 1283 2786 autern

237 2799 299 2837 hic
327 2811 480 2836 roratum
511 2811 644 2840 terram
672 2811 814 2845 narrat,
842 2800 945 2850 quod
967 2800 1070 2837 aliter
1093 2811 1219 2846 parum
1240 2799 1286 2837 ad

239 2861 318 2887 rem
349 2852 526 2898 pertinere
552 2854 667 2890 videri
698 2860 842 2901 poterat
866 2879 876 2893 ,
914 2850 1000 2899 quia
1028 2850 1114 2888 inde
1142 2850 1286 2888 bonum

241 2912 358 2937 omen
389 2904 519 2948 captari
552 2902 570 2939 a
600 2903 816 2952 quibusdam
852 2902 982 2939 soleret
1002 2929 1012 2945 ‚
1052 2910 1090 2938 ut
1122 2910 1219 2938 certe
1243 2901 1287 2939 de

243 2951 411 2999 Augusto
433 2964 548 2990 narrat
568 2954 719 2991 Sueton.
739 2965 815 3001 cap.
834 2965 928 2990 xcu.
958 2952 1088 2990 Buizm.

298 3024 381 3061 3ς9.
413 3013 495 3048 Silio
525 3013 671 3061 consedit
692 3015 854 3064 acerno]
911 3015 1050 3051 Eburno
1072 3028 1123 3064 pr.
1147 3016 1290 3055 Fames.

245 3075 298 3113 pr.
321 3063 490 3100 Ambros.
511 3064 548 3100 &
577 3074 645 3101 tres
666 3066 735 3101 alii.
777 3067 918 3102 l-lems.
957 3066 1026 3103 Sed
1056 3068 1146 3104 mihi
1172 3081 1291 3105 acerno

247 3113 379 3152 melius
411 3113 628 3161 simplicitati
662 3116 698 3151 ἃ
731 3117 930 3163 paupertati
957 3119 1134 3164 temporis
1160 3146 1170 3163 ,
1214 3132 1290 3168 quo

247 3167 377 3203 Numa
396 3164 582 3213 regn-avit,
611 3167 810 3204 convenire
843 3167 998 3204 videtur.
1022 3168 1152 3206 eadem
1178 3182 1294 3209 varie-

245 3224 298 3254 tas
320 3216 368 3253 est
388 3228 439 3253 ιν.
459 3215 553 3252 Met.
574 3215 656 3262 487.
686 3226 733 3253 ita
755 3217 881 3266 virgil.
904 3229 994 3254 viix.
1011 3217 1090 3263 178.

248 3334 276 3375 B
300 3284 436 3334 Accipit
458 3289 605 3322 Aenean
620 3282 770 3335 solioque
793 3283 930 3323 invitat
949 3296 1081 3322 acerno.

281 3348 379 3374 uam.

2227 1199 2378 1258 Con-2

1381 1331 1466 1379 360.
1493 1336 1664 1378 stantque
1684 1331 1856 1385 silentque
1884 1333 1999 1384 viri]
2053 1336 2241 1389 sedentque
2271 1340 2380 1381 multi

1327 1382 1464 1431 probae
1487 1390 1611 1418 notae.
1641 1381 1700 1420 sed
1723 1385 1830 1422 male.
1858 1387 1952 1423 Met.
1972 1398 2065 1425 x11x.

1379 1447 1566 1493 Consedere
1580 1446 1688 1491 duces
1701 1476 1711 1492 ,
1739 1459 1778 1484 at
1798 1448 1897 1499 vulgi
1908 1449 2024 1497 stante
2045 1454 2180 1494 corond.

1277 1548 1280 1550 q
1328 1497 1405 1537 vid.
1432 1498 1498 1536 inf.
1518 1509 1571 1536 1v.
1595 1510 1680 1547 304.
1710 1499 1855 1538 Heius.

1386 1562 1469 1611 363.
1498 1561 1612 1598 Niveo
1630 1560 1771 1599 velatus
1796 1561 1970 1612 amiotus]
2022 1562 2137 1601 Galea
2155 1564 2380 1609 sacerdotali.

1332 1613 1490 1651 Veteres
1517 1611 1666 1651 Gloffae
1683 1613 1893 1659 Juvenalis:
1938 1614 2045 1650 Tiara
2061 1614 2161 1663 galea
2173 1618 2380 1664 sacerdotis,

1333 1677 1421 1714 quae
1437 1673 1495 1713 per
1515 1664 1628 1700 malas
1655 1664 1797 1700 veniens
1828 1674 1942 1701 mento
1956 1665 2168 1714 subligatur.
2224 1667 2384 1708 Videtur

1333 1715 1471 1764 pileum
1485 1714 1624 1762 Judaici
1645 1714 1851 1752 sacerdotis.
1880 1715 1925 1752 de
1947 1727 2023 1764 quo
2038 1716 2216 1755 Ilidorus:
2246 1718 2384 1757 Pileum

1331 1780 1374 1803 ex
1393 1766 1478 1815 byffit
1499 1766 1691 1803 rotundum
1706 1794 1716 1811 ‚
1745 1764 1841 1815 quafi
1851 1766 2003 1815 sphaerd
2019 1766 2136 1804 medici
2153 1778 2253 1816 caput
2271 1780 2385 1820 tegens

1323 1816 1539 1867 sacerdotale
1559 1844 1570 1860 ,
1607 1829 1650 1856 <7
1671 1817 1708 1853 in
1730 1817 1877 1866 occipitio
1907 1816 2009 1854 vinei
2039 1817 2255 1865 constricium
2275 1848 2287 1866 ‚
2324 1821 2385 1859 hoc

1333 1869 1458 1906 Graeci
1478 1879 1521 1908 ω’
1543 1867 1645 1915 nostri
1667 1867 1801 1904 tiaram
1821 1877 1962 1904 vetant.
1991 1868 2116 1906 Nem.

1387 1921 1473 1969 364.
1501 1920 1595 1966 Jam
1618 1918 1729 1968 bene.]
1759 1918 1928 1956 Francius
1949 1920 2129 1959 malebat.
2159 1931 2249 1960 tam.

1386 1972 1469 2021 365.
1498 1970 1670 2007 Muneris.
1687 1969 1700 2018 ]
1733 1969 1888 2019 pignoris
1898 1969 2064 2009 Vatican.
2079 1973 2115 2009 &
2130 1972 2271 2012 Parnes.
2282 1975 2386 2024 quod

1333 2021 1508 2060 Heinsius
1524 2020 1760 2069 praeferebat.

1388 2076 1473 2121 367.
1504 2077 1629 2109 Totum
1648 2073 1723 2117 jam
1745 2070 1799 2109 Sol
1815 2082 1993 2109 emoverat
2019 2086 2035 2109 o
2049 2072 2180 2124 rbem.]
2199 2078 2202 2080 ’
2223 2075 2282 2113 Sic
2301 2075 2390 2115 liber

1335 2124 1448 2163 Statii.
1480 2124 1516 2161 δε
1550 2122 1692 2161 Maffei.
1733 2122 1855 2160 Ursini
1886 2135 1975 2161 vero
1999 2151 2009 2168 ,
2050 2125 2242 2163 evolverat.
2272 2126 2387 2165 Cxoe.

1336 2175 1533 2212 Evolverat
1559 2175 1724 2224 quinque
1760 2182 1914 2212 veteres.
1960 2175 2159 2224 quomodo
2186 2175 2283 2225 apud
2311 2176 2391 2216 Sta-

1335 2228 1430 2265 tium
1454 2224 1635 2263 Achill..1,

1389 2287 1483 2341 Jam
1508 2286 1636 2342 premit
1662 2285 1756 2334 astra
1784 2285 1855 2323 dies
1876 2312 1889 2331 ,
1927 2285 2141 2337 humilisque
2171 2301 2213 2326 ex
2244 2300 2389 2340 aequore
2447 2288 2452 2291 ’

1519 2343 1627 2373 Titan

1389 2394 1555 2426 Rorames
1573 2385 1709 2424 evolvit
1730 2400 1841 2437 equos.

1339 2447 1469 2495 virgil,
1491 2458 1554 2484 111.
1574 2443 1665 2482 AEn.
1685 2444 1770 2491 284.

1393 2515 1526 2546 Interea
1547 2519 1716 2555 magnum
1742 2506 1797 2543 Sol
1820 2506 2117 2545 circumvolvitur
2139 2520 2289 2550 annum.

1338 2580 1388 2619 fic
1409 2581 1448 2618 &
1469 2579 1630 2616 evolvere
1648 2580 1774 2626 petii-‘ore
1791 2578 1923 2627 questus
1945 2579 2097 2621 Valerio
2115 2580 2247 2620 Flacco
2257 2579 2325 2621 lib.
2336 2592 2392 2621 IV,

1341 2632 1509 2670 Avienus
1534 2629 1792 2677 Descriptione
1813 2638 1928 2667 terrae
1943 2657 1954 2673 ‚

1393 2695 1459 2731 Hic
1468 2696 1506 2743 se
1525 2691 1728 2736 Sarmaticis
1755 2692 1920 2732 evolvens
1931 2692 2076 2742 finibus.

1339 2758 1418 2807 post
1433 2785 1444 2800 ,

1390 2818 1539 2855 Eminus
1559 2817 1730 2856 evolvunt
1751 2817 1806 2855 hic
1820 2816 1888 2867 sese
1904 2813 2047 2865 pinguia
2068 2813 2147 2851 Nili

1395 2869 1575 2907 Flumina.

1347 2928 1398 2966 At
1428 2929 1549 2966 Varie<
1586 2941 1678 2967 unus
1716 2929 1755 2964 &
1785 2927 1935 2966 Thuan.
1974 2928 2167 2974 emerserat.
2203 2927 2397 2978 Eleganter

1346 2980 1439 3017 sane.
1468 2979 1652 3016 Arufianis
1674 2977 1824 3015 Meffius
1836 2977 1930 3026 apud
1952 2988 2011 3014 me
2033 2978 2212 3017 ineditus:
2243 2983 2395 3030 Emergit

1339 3031 1378 3079 se
1400 3047 1410 3067 :
1450 3029 1628 3076 Sallustius
1658 3028 1777 3076 Histor.
1809 3040 1861 3065 ιν.
1890 3028 1949 3064 ubi
1982 3030 2014 3076 ſse
2047 3028 2185 3065 laniata
2212 3032 2358 3080 navigia
2377 3034 2394 3069 ὶ

1337 3080 1453 3127 fundo
1482 3089 1672 3127 emergunt.
1706 3079 1880 3115 Terentius
1911 3080 1949 3115 in
1982 3079 2124 3115 Andria
2147 3096 2157 3116 :
2194 3094 2236 3118 ex
2266 3082 2338 3119 illis
2357 3086 2395 3131 se

1349 3131 1557 3178 emersurum
1579 3130 1694 3167 malis.
1736 3130 1930 3167 Cornelius
1952 3130 2078 3177 Nepos
2111 3132 2146 3167 in
2170 3133 2244 3170 vita
2267 3133 2396 3171 Atticiz

1350 3182 1486 3232 (Qibus
1506 3196 1546 3219 ex
1576 3182 1679 3218 malis
1715 3191 1754 3217 ut
1786 3181 1822 3227 se
1849 3181 2039 3228 emerserat.
2078 3181 2213 3220 Cicero
2233 3183 2279 3220 de
2301 3184 2400 3222 Aru-

1350 3234 1487 3281 spicum
1504 3232 1699 3280 responsis:
1730 3237 1886 3282 Serpens,
1914 3245 2002 3280 quae
2015 3242 2090 3267 tum
2103 3232 2292 3282 delitescit,
2320 3245 2398 3271 tum

1344 3285 1382 3335 se
1403 3283 1553 3332 emergit.
1593 3283 1773 3330 Apulejus
1800 3283 1988 3330 Apologia
2011 3296 2018 3319 :
2051 3284 2184 3320 Veritas
2210 3286 2307 3321 velut
2329 3286 2399 3321 alto

1355 3334 1523 3374 barathro
1548 3334 1746 3372 calumniae
1760 3333 1798 3382 se
1824 3335 1975 3384 emergit.
2001 3332 2050 3372 fic
2069 3342 2196 3374 contra
2215 3335 2402 3384 demergere

2347 3398 2406 3423 or-
