2495 3675
250 182 350 245 655

409 513 481 548 20

415 906 442 915 a

413 1245 481 1293 30

312 1646 516 1679 praemoneo
541 1651 726 1690 nunquam
735 1637 866 1690 firipta
889 1637 976 1690 quid
994 1636 1060 1685 ista
1078 1637 1179 1688 legat.

756 172 817 229 P.
878 169 1315 231 '0V1D11
1390 163 1923 254 NASONIRS

546 273 744 347 Aptior
768 275 1134 339 huic‚GalluS‚
1173 268 1461 339 blandique
1487 265 1798 337 Propertius
1825 269 1962 335 oriS,

623 349 848 420 Aptior,
885 348 1158 420 ingenium
1189 358 1375 403 come,
1416 339 1664 420 Tibullus
1690 340 1816 422 erit.-

555 423 742 494 Atque
770 425 970 476 utinam
997 433 1224 472 numero
1249 433 1315 469 ne
1352 431 1449 468 nos
1475 412 1700 466 essemus
1726 430 1779 465 in
1805 411 1927 467 isto!

630 498 741 550 Hei
769 495 920 548 mihi!
965 510 1059 545 cur
1095 506 1347 561 umquam
1378 486 1527 540 Musa
1557 486 1724 551 iocata
1753 503 1869 538 mea
1894 486 2000 540 est?

559 568 663 623 Sed
693 568 941 622 dedimus
969 580 1194 636 poenas:
1237 559 1581 632 Scythicique
1608 560 1663 612 in
1686 558 1876 613 finibus
1901 559 2015 614 Isti-i

632 643 719 695 llle
746 638 1030 709 pharetrati
1055 636 1193 690 lusor
1222 634 1439 688 Amoris
1467 632 1622 715 abest.
1760 706 1770 716 ·
1982 706 1991 716 .

560 713 727 787 Quod
757 711 1015 783 superest,
1052 710 1255 764 animos
1282 707 1346 760 ad
1375 705 1585 783 publica
1604 723 1842 787 'carmina
1867 704 1994 761 flexi
2011 729 2031 770 ς,

626 785 697 840 Et
727 802 995 838 memores
1016 783 1135 852 justi
1159 780 1390 836 nominis
1416 779 1518 832 efle
1543 780 1631 833 sni.

414 880 480 929 ⁹5
556 859 611 914 Si
638 873 817 912 tamen
844 859 873 910 6
903 856 1054 910 vobis
1079 856 1261 927 aliquis
1287 868 1392 907 tam
1423 853 1585 906 multa
1611 856 1878 935 requiret,

633 931 795 986 Unde
820 929 1056 984 dolenda
1081 944 1294 982 canam:
1336 926 1502 980 multa
1526 927 1757 979 dolenda
1783 928 1895 980 tuli.

553 1005 680 1061 Non
709 1005 836 1058 haec
863 1003 1109 1073 ingenim
1143 1018 1255 1056 non
1282 999 1412 1053 haec
1438 999 1814 1069 componimus
1841 1011 1972 1055 arte.

630 1077 861 1132 Materia
888 1076 962 1130 est
988 1075 1213 1146 propriis
1240 1072 1507 1144 ingeniosa
1533 1071 1696 1125 malis.

555 1150 627 1206 Et
653 1164 818 1222 quota
845 1147 1115 1203 Fortunae
1140 1164 1257 1219 pars
1284 1145 1359 1199 est
1389 1145 1443 1199 in
1472 1145 1707 1199 carmine
1737 1145 1976 1199 nostrae?

628 1224 811 1284 Felix,
853 1222 946 1294 qui
971 1223 1198 1294 patitur,
1237 1236 1372 1291 quae
1401 1236 1680 1273 numerare
1707 1217 1870 1270 valet!

553 1297 708 1369 Quot
734 1295 952 1350 frutices
978 1295 1160 1356 stivae,
1196 1308 1329 1364 quot
1359 1290 1514 1345 flavas
1543 1291 1780 1363 Thybris
1805 1307 2015 1357 arenas,

624 1369 816 1425 Mollia
843 1381 978 1442 quot
1006 1366 1200 1423 Martis
1224 1365 1458 1438 gramina
1483 1381 1700 1437 campus
1723 1362 1912 1427 habet;

2292 1495 2416 1554 Tot

1366 1632 1458 1671 nime
1479 1633 1581 1672 comis
1607 1638 1804 1683 Imperator.
1833 1632 1978 1676 Hiems,
2034 1641 2079 1675 Et
2093 1632 2209 1684 plures
2226 1662 2240 1681 ,
2265 1649 2420 1686 quorum·

259 1707 320 1745 vel
342 1735 353 1752 ‚
392 1720 575 1757 nusquam.
607 1716 646 1745 ut
676 1709 728 1743 Tb
751 1719 790 1745 ut
809 1707 1091 1757 subintelligatur
1106 1734 1116 1752 ‚
1144 1706 1197 1742 'rb
1222 1703 1309 1755 quid
1363 1697 1396 1722 η·
1422 1699 1471 1723 m·
1494 1695 1613 1734 ’θ’-ἕρπ’
1631 1685 1719 1723 edm
1741 1685 1874 1722 habent
1897 1690 2018 1728 mum·

260 1757 452 1796 redundet.
483 1759 566 1796 vide
590 1759 707 1796 Notas
732 1758 914 1806 Epist.v1.
936 1758 990 1800 fis.
1015 1771 1096 1807 151.
1126 1757 1307 1805 Capofer-

259 1820 342 1848 reus
365 1821 425 1845 me
446 1809 623 1846 monebat
646 1809 762 1846 videri
783 1808 845 1846 sibi
866 1809 1066 1857 legendum
1081 1837 1091 1853 ,

311 1879 516 1911 praemoneo
535 1887 718 1923 nunquam
741 1873 865 1920 Tristia
887 1873 998 1921 nostra
1019 1873 1122 1922 legat.

258 1938 351 1977 Non
373 1940 482 1977 male.
512 1940 588 1978 Nisi
609 1941 711 1990 quod
734 1940 853 1978 versus
871 1941 930 1979 hic
950 1941 1042 1978 mihi
1062 1954 1128 1990 pro
1144 1942 1303 1980 Ovidia-

255 2000 309 2027 no
332 2002 409 2028 non
443 1991 515 2035 est,
544 2000 583 2029 ut
611 2004 681 2031 nec
709 1992 769 2031 ille
791 2021 800 2038 ‚
840 1993 903 2041 qui
935 2004 1026 2030 mox
1056 1993 1229 2043 sequitur.
1265 2001 1301 2032 at

256 2040 474 2080 Gronovius
488 2070 498 2086 ,

306 2111 511 2145 Praemoneo
525 2138 535 2154 ,
558 2123 625 2147 non
645 2111 709 2158 est,
730 2111 862 2161 scripta
882 2112 973 2161 quod
989 2113 1052 2159 ista
1072 2114 1172 2164 legat.

255 2171 404 2210 Heius.
454 2174 540 2212 Vid.
562 2176 728 2213 Perizon.
746 2177 790 2214 ad
821 2177 956 2215 Sanetii
980 2180 1114 2218 Miner.
1136 2192 1200 2218 111.
1217 2193 1297 2219 xiv.

254 2233 292 2260 n.
308 2234 362 2271 19.
384 2224 444 2262 ubi
462 2236 481 2262 a
502 2226 660 2263 barbarie
681 2227 845 2264 defendit
863 2228 962 2265 hunc
981 2229 1122 2269 locum.

312 2284 370 2323 18.
398 2291 520 2336 Atque
546 2289 609 2325 alii
634 2303 782 2339 quorum
813 2291 954 2327 nomina
984 2305 1112 2341 magna
1141 2294 1300 2345 vigent.]

256 2340 323 2372 Pro
355 2350 420 2385 quo
447 2339 552 2385 prim.
582 2339 689 2377 Polit.
729 2341 834 2389 prim.
877 2342 947 2379 Pal.
976 2344 1080 2391 prim.
1113 2345 1232 2384 Vatic.
1264 2348 1302 2384 &

255 2395 415 2436 quatuor
427 2389 486 2426 alii
499 2401 543 2426 ex
565 2391 801 2435 melioribus;
826 2393 992 2440 optime,

306 2452 436 2502 Aptior
450 2481 459 2497 ‚
479 2455 656 2504 ingenium
676 2470 765 2495 come
779 2484 789 2501 ,
812 2457 969 2495 Tibullus
989 2458 1075 2497 erit-

253 2527 341 2576 qui,
370 2530 459 2578 quin
482 2530 663 2578 genuinus
684 2530 841 2579 fitipfius
856 2533 1031 2577 Nasonis,
1060 2534 1304 2575 dubitarinon

255 2579 384 2624 potest.
420 2579 597 2618 AEmilius
628 2582 768 2620 Probus
798 2583 833 2619 in
866 2584 992 2621 Dione
1017 2597 1025 2621 ε
1068 2586 1156 2622 Dion
1186 2599 1304 2625 autem

252 2636 385 2674 praeter
405 2631 550 2667 nobilem
568 2633 885 2682 propinquitatem,
911 2636 1173 2686 generosamque
1195 2639 1302 2685 majo-

258 2690 337 2713 rum
352 2681 494 2725 frimam
519 2683 633 2719 multa
656 2683 730 2720 alia
757 2683 801 2720 ab
826 2696 958 2721 natura
981 2686 1105 2722 habuit
1123 2687 1235 2724 bona:
1263 2689 1302 2726 in

258 2726 312 2763 his
334 2729 508 2777 ingenium
529 2733 653 2778 docile,
685 2747 793 2779 come,
821 2745 940 2784 aptum
963 2738 1011 2772 ad
1036 2747 1128 2774 artes
1145 2740 1302 2786 optimas.

259 2776 414 2817 Tacitus
438 2783 633 2822 Annalium
657 2785 716 2822 lib.
738 2797 792 2822 vx.
828 2787 1058 2823 Artabanum
1079 2789 1224 2837 Scythas
1247 2792 1301 2827 in-

260 2838 314 2865 ter
340 2830 498 2869 eduzfium
527 2834 565 2870 ob
593 2836 786 2882 ,saevitiam
809 2839 989 2882 execrati,
1018 2851 1108 2875 come
1136 2840 1304 2877 Tiridatis

259 2878 434 2927 ingenium
449 2889 622 2922 Romanas
637 2898 695 2933 fer
715 2898 806 2923 artes
821 2888 1015 2935 sperabant.
1046 2889 1091 2926 fic
1103 2891 1204 2927 comis
1215 2905 1304 2929 anus

259 2930 298 2966 in
322 2930 437 2969 Fastis.
467 2936 566 2971 comis
593 2938 708 2973 amica
732 2939 768 2975 ὅς
794 2937 920 2977 similia
942 2940 1068 2988 passiin
1101 2942 1198 2989 apud
1220 2943 1302 2981 No-

259 2979 384 3020 strum.
413 2983 543 3022 Cicero
566 2987 600 3023 in
623 2988 809 3026 Limone:

312 3063 364 3096 Tu
385 3074 536 3111 quoque,
566 3065 626 3111 qui
644 3066 733 3112 βίω
755 3067 835 3103 Ιεέῖο
854 3069 1004 3118 sermone
1020 3097 1031 3114 ,
1062 3072 1200 3110 Terenti

311 3112 497 3158 Qiddam
519 3126 605 3151 come
626 3116 777 3167 loquens.

260 3176 395 3217 Noster
415 3181 506 3218 libro
530 3194 575 3219 u.
603 3183 647 3220 ad
668 3178 900 3234 Augustum:

313 3250 482 3297 Majestas
501 3250 582 3287 adeo
610 3253 709 3289 comis
731 3254 853 3302 ubique
872 3265 933 3292 tua
954 3257 1011 3304 est.

255 3319 385 3352 6011113
403 3313 496 3362 apud
517 3314 676 3356 Plinium
694 3317 755 3357 lib.
775 3329 886 3360 xxxv.
914 3331 991 3370 cap.
1004 3332 1038 3370 4.
1066 3322 1299 3381 zabernam&

1338 2717 1481 2771 ,flexi-i

1417 1765 1474 1804 19.
1504 1761 1574 1792 Nos
1596 1769 1664 1792 non
1680 1755 1815 1805 effimus
1836 1758 1872 1793 in
1892 1758 1953 1805 isto
1979 1757 1994 1807 ]
2027 1763 2107 1794 Non
2126 1772 2183 1795 nos
2202 1759 2353 1808 quidam
2367 1771 2419 1799 ex·

1363 1807 1587 1844 melioribus.
1616 1820 1656 1843 ne
1675 1820 1732 1843 nos
1750 1810 1857 1855 prim.
1878 1809 1954 1849 Pal.
1977 1809 2080 1858 quod
2101 1809 2230 1858 placet.
2258 1809 2322 1848 nisi
2333 1822 2414 1860 ma-¹

1362 1858 1439 1902 vis,
1468 1871 1526 1894 nec
1546 1871 1615 1894 nos.
1639 1859 1781 1896 Heius.

1419 1931 1478 1967 19.
1508 1927 1548 1958 In
1567 1920 1669 1970 istm]
1704 1928 1740 1958 ln
1761 1921 1819 1958 illo
1842 1922 1956 1961 iidem
1977 1924 2163 1962 Vaticani.
2191 1925 2362 1965 CIOFANJ

1410 2001 1470 2027 20.
1502 1991 1605 2035 Musa
1636 1987 1750 2024 locuta
1781 2002 1858 2026 mea
1890 1988 1977 2039 est.]
2034 1989 2168 2035 Jocata
2191 1992 2343 2032 Combii
2365 1995 2404 2034 &

1358 2039 1605 2088 fragmentum
1638 2039 1864 2077 Vaticanum
1916 2042 2114 2087 quomodo
2146 2043 2184 2080 δί
2216 2043 2415 2084 Vossianus·

1358 2101 1425 2138 pro
1445 2090 1579 2128 diversa
1600 2090 1774 2128 leftione.
1793 2102 1890 2128 vere.
1920 2091 1968 2129 sic
1982 2092 2133 2140 jocofhm
2155 2097 2408 2147 Musamsuam

1356 2150 1479 2179 vocat.
1501 2141 1610 2179 Trist.
1635 2154 1679 2178 11.
1704 2154 1785 2190 345.

1412 2203 1493 2240 Vita
1513 2204 1710 2239 verecunda
1730 2204 1801 2251 eft,
1829 2204 1936 2252 Musa
1950 2206 2061 2254 jocosa
2082 2206 2182 2244 mihi.

1359 2264 1421 2305 lib.
1445 2278 1508 2303 111.
1535 2266 1635 2315 Eleg.
1656 2279 1719 2305 111.

1410 2326 1580 2375 §Quodque
1599 2327 1709 2376 magis
1729 2327 1807 2365 vita
1831 2330 1935 2379 Musa
1953 2331 2060 2379 jocosa
2080 2345 2154 2368 mea
2174 2334 2233 2380 est.

1324 2413 1329 2417 ι
1358 2387 1474 2426 simile
1493 2387 1670 2426 mendum
1692 2390 1787 2438 apud
1812 2391 2016 2429 Phaedrum
2043 2405 2119 2430 non
2147 2395 2256 2434 semel
2276 2395 2410 2446 depre:

1357 2439 1564 2478 hendimus.
1593 2449 1631 2478 ut
1653 2441 1713 2477 lib.
1738 2453 1790 2477 iv.
1822 2442 1927 2479 initio
1951 2470 1960 2486 ,
1991 2443 2051 2479 hoc
2064 2448 2149 2491 sunt
2167 2447 2275 2494 jocati
2297 2449 2408 2489 modo«

1358 2490 1419 2527 ub'i
1437 2490 1541 2528 locuti
1562 2502 1749 2539 perperam
1772 2504 1872 2529 nunc
1891 2493 2034 2541 legitur.
2061 2495 2203 2534 Heius.

1409 2563 1468 2590 22.
1499 2554 1605 2601 Lusor
1623 2554 1751 2591 amoris
1772 2554 1909 2605 adest.]
1931 2563 1936 2567 '
1962 2556 2047 2595 Imo
2068 2585 2079 2603 ,
2107 2558 2198 2607 abest
2219 2572 2305 2600 cum
2327 2567 2408 2607 nze-J

1356 2601 1515 2641 lioribus.
1536 2605 1683 2644 Heius.

1412 2679 1473 2719 23.
1501 2671 1605 2718 {Quod
1632 2671 1782 2720 sicpereft
1804 2700 1813 2715 ‚
1852 2672 1956 2721 fhcios
1991 2673 2039 2711 ad
2071 2673 2208 2723 publica
2246 2678 2446 2717 carmina-1

1538 2722 1660 2758 Habet
1682 2724 1739 2759 liic
1762 2723 1882 2761 versus
1906 2726 2074 2763 nonnihil
2097 2725 2339 2774 difficultatis,
2367 2731 2404 2770 id

1359 2771 1462 2818 quod
1483 2783 1527 2809 ex
1548 2774 1703 2812 aliorum
1733 2775 2025 2822 expositionibus
2057 2776 2180 2814 videre
2200 2778 2259 2816 est.
2288 2781 2405 2819 Vide·
2429 2783 2434 2791 ‘

1360 2829 1418 2858 tur
1439 2830 1562 2860 autem
1587 2825 1683 2862 idem
1710 2827 1821 2862 etiam
1857 2827 1992 2874 exponi
2024 2826 2122 2875 poffe
2143 2825 2232 2865 κατ’
2254 2830 2421 2877 ἀνκςρω·

1360 2872 1455 2918 φῆν,
1476 2883 1537 2912 aut
1560 2876 1645 2912 κατ’
1670 2876 1918 2922 bnamma,
1950 2878 2023 2915 hoc
2036 2877 2176 2916 modo:
2206 2880 2307 2919 Fiexi
2327 2894 2404 2921 car-

1360 2925 1461 2961 mina
1487 2925 1652 2973 publica,
1679 2927 1752 2964 hoc
1775 2929 1824 2965 est
1849 2956 1858 2970 ‚
1895 2929 1929 2964 in
1956 2928 2140 2976 publicum
2167 2931 2312 2977 emilia,
2341 2941 2403 2972 aut
2438 2976 2441 2980 ,

1360 2976 1469 3011 etiam
1503 2978 1689 3023 popularia
1712 3005 1720 3020 ‚
1761 2978 1804 3014 ad
1826 2979 1944 3015 socios
1969 3007 1980 3022 ,
2021 2982 2091 3017 &o
2120 2989 2159 3016 ut
2190 2980 2231 3018 sit
2260 2984 2401 3022 sensus:

1360 3025 1526 3072 Quando
1555 3028 1662 3074 igitur
1674 3028 1768 3065 aliud
1784 3029 1872 3066 nihil
1883 3030 2053 3066 haberem
2080 3030 2260 3079 reliquum
2278 3034 2403 3084 ,quod

1358 3074 1572 3120 scriberem,
1604 3078 1686 3115 flexi
1713 3080 1894 3122 carmina,
1926 3079 1998 3115 sive
2025 3079 2155 3127 stylum
2187 3083 2231 3120 ad
2260 3085 2400 3131 socios,

1359 3137 1474 3173 eaque
1499 3128 1543 3164 ad
1570 3129 1648 3165 illos
1672 3129 1825 3178 legenda
1854 3129 2019 3177 publice,
2048 3131 2166 3167 autin
2201 3145 2404 3174 commune

1358 3177 1467 3221 dedi,
1495 3179 1623 3225 quibus
1643 3180 1743 3222 illos,
1773 3189 1811 3217 ut
1835 3190 2021 3215 memores
2041 3180 2154 3218 effent
2173 3187 2270 3230 mei,
2299 3199 2404 3236 roga-

1357 3239 1448 3265 rem.
1477 3230 1653 3266 Micrrr.
1691 3230 1790 3266 Bene
1813 3231 1918 3278 prim.
1940 3229 2046 3266 Polit.
2068 3232 2103 3268 &
2131 3233 2402 3285 Rottendorph.

1357 3279 1515 3322 animos;
1547 3291 1587 3315 36
1606 3281 1771 3327 sequenti
1794 3280 1919 3324 versu,
1947 3281 2097 3318 nominis
2123 3286 2200 3329 sui,
2224 3299 2299 3324 non
2323 3287 2401 3325 mei.

1354 3331 1462 3377 prim.
1481 3331 1514 3370 V
1520 3331 1604 3370 atie.
1617 3331 1792 3383 animum.
1820 3331 1860 3369 δὲ
1873 3342 1964 3370 mox
1978 3359 1990 3378 ,
2010 3331 2137 3371 &vobis
2157 3335 2403 3386 fragmentum

2322 3387 2401 3434 .V-²·-„
