2495 3675
679 181 1305 244 TRISTIUM
1375 183 1572 240 L1n.

1642 184 1704 240 ΙΙ.

372 286 490 341 Nec
514 284 646 341 mihi
669 304 785 360 pars
810 287 997 343 nocuit
1021 287 1090 343 de
1116 286 1327 359 gurgite
1352 301 1538 358 parva:
1575 283 1668 340 sed
1695 298 1882 340 omnes

444 358 680 415 Preffere
706 362 810 415 hoc
833 360 1054 423 fluctuS,
1091 361 1444 431 Oceanusque
1469 371 1645 428 caput.

369 431 485 488 Cur
513 434 710 506 aliquid
734 433 876 487 vidi?
915 449 1010 486 cur
1033 432 1191 485 noxia
1220 432 1416 486 lumina
1442 431 1580 486 feci?

444 505 559 559 Cur
585 505 911 575 imprudenti
938 504 1154 574 cognita
1182 505 1336 575 culpa
1363 504 1525 558 mihi?

225 590 324 646 105
360 575 555 631 Inscius
583 577 824 630 Actaeon
849 575 984 629 vidit
1011 575 1116 629 fine
1142 576 1282 630 veste
1309 577 1560 630 Dianam:

442 649 645 704 Praeda
670 647 768 701 fuit
793 648 1008 701 canibus
1036 664 1144 700 non
1170 649 1341 701 minus
1369 650 1453 702 ille
1481 649 1595 702 suis.

361 721 574 776 Scilicet
601 721 655 773 in
681 720 894 791 Superis
919 720 1076 774 etiam
1103 719 1317 774 fortuna
1340 721 1530 775 luenda
1561 720 1663 783 est;

439 794 555 847 Nec
579 792 816 856 veniam,
854 794 990 847 laeso
1017 792 1263 854 numine,
1300 792 1442 845 casus
1468 793 1640 847 habet.

364 866 455 920 Illa
477 882 708 937 namque
732 864 848 927 die,
887 867 992 938 qua
1023 881 1107 918 me
1133 866 1298 919 malus
1322 864 1523 919 abstulit
1553 883 1729 928 error,

225 955 323 992 110

429 937 593 991 Parva
620 937 841 1008 quidem
863 938 1050 1008 periit,
1089 937 1176 991 sed
1206 936 1312 990 fine
1339 938 1481 1001 labe,
1520 938 1726 992 domus,

364 1009 451 1065 Sic
474 1026 694 1081 quoque
719 1026 876 1080 parva
902 1025 1106 1071 tamen,
1145 1011 1316 1080 patrio
1342 1009 1548 1065 dicatur
1576 1025 1630 1067 ut
1658 1026 1791 1064 aevo

436 1081 620 1147 Clara,
656 1100 757 1137 nec
782 1083 932 1139 ullius
956 1081 1230 1139 nobilitate
1256 1082 1459 1137 minor:

124 1346 210 1386 Fuci
229 1345 386 1395 recusant
399 1375 409 1392 ‚
436 1346 555 1393 apibus
575 1349 722 1386 conditio
736 1350 858 1398 placet.

125 1402 221 1434 Tunc
240 1397 303 1434 illa
328 1397 433 1434 talem
456 1399 496 1435 lis
514 1399 596 1436 tulit
627 1401 832 1442 sententiam
847 1415 858 1436 .-

122 1454 295 1497 Apertum
315 1447 358 1494 est
376 1450 452 1495 quis
474 1462 542 1486 non
554 1449 650 1498 pofft't
663 1478 674 1495 ‚
701 1462 764 1487 aut
785 1451 862 1501 quis
873 1450 1008 1496 fecerit.

70 1521 200 1559 parum
220 1508 350 1547 Latine
371 1509 544 1549 maenus
562 1511 692 1558 legitur
707 1540 715 1552 ,
737 1509 877 1557 fhstulit
892 1510 1114 1557 sententiam.

0 1562 1 1566 ’
69 1562 214 1599 Htxns.
253 1561 392 1597 Veram
414 1561 524 1598 credo
559 1561 699 1598 Heinsii
723 1560 998 1609 conjecturam:
1027 1573 1112 1600 nam

0 1611 1 1632 ³
70 1610 169 1648 litem
187 1610 365 1660 inspicere,
393 1612 685 1659 propriejudicis
712 1611 772 1648 est.
800 1610 870 1647 vid.
891 1611 935 1648 ad
966 1613 1114 1650 l'etron.

69 1672 148 1748 cagp.
179 1672 240 1699 xv.
269 1660 444 1700 eumdem
470 1663 654 1700 honorem
687 1661 824 1699 indicat
851 1661 912 1700 lib.
933 1673 988 1701 lv,
1025 1663 1114 1702 Fast.

71 1721 92 1761 3
123 1724 156 1758 4·

122 1781 218 1814 Inter
238 1777 287 1815 his
310 1778 430 1828 quinos
448 1778 526 1827 usus
546 1776 668 1816 honore
689 1777 800 1817 viros.

65 1837 220 1879 Illustrat
247 1842 345 1880 hunc
390 1842 518 1880 Ovidii
559 1843 744 1880 honorem
779 1843 848 1880 Vir
884 1841 1111 1880 doffiffimus

66 1890 271 1929 Mass'onius
291 1893 327 1930 in
350 1893 421 1930 vita
442 1892 572 1931 Ovidii
593 1894 637 1930 ad
666 1897 791 1931 aetatis
813 1894 889 1942 ejus
910 1893 1009 1931 Ann.
1033 1907 1111 1932 xxr.

72 1941 112 1978 &
134 1954 231 1980 xxix.
259 1943 319 1981 ubi
338 1951 462 1981 tamen
494 1955 570 1981 non
593 1953 761 1982 accurate
784 1945 862 1982 satis
884 1957 968 1982 eum
996 1944 1113 1992 Magi-

61 1990 194 2039 stratus
219 1995 374 2032 nomine
400 2006 446 2032 ex
475 1994 693 2032 auctoritate
721 1995 921 2043 Pomponii
951 1995 1034 2041 thi
1055 1997 1109 2032 in-

67 2040 193 2090 fignit:
222 2044 310 2081 nulli
330 2045 429 2082 enim
462 2044 684 2092 magistratus
704 2045 916 2082 dicebantur
940 2055 1111 2092 tempore

69 2092 221 2135 Ovidii,
250 2094 313 2131 nisi
335 2095 464 2143 quibus
479 2095 687 2143 jurisdictio
708 2104 769 2132 aut
790 2096 988 2143 imperium
1010 2093 1108 2132 effer.

66 2141 230 2181 Privatos
249 2145 323 2181 fere
348 2144 450 2183 fuisse
467 2146 633 2193 judices,
654 2145 711 2183 sed
732 2146 876 2182 honore
895 2145 1111 2194 conspicuos

65 2194 301 2232 certiffimurn
315 2195 386 2239 est,
414 2204 452 2233 ut
475 2196 529 2233 Cl.
543 2197 723 2233 Graevius
743 2223 752 2239 ,
781 2208 892 2244 quem
913 2196 1047 2233 refutat
1064 2196 1113 2234 ibi

64 2241 266 2282 Maffonius
285 2273 296 2289 ‚
335 2245 503 2283 ostendit.
529 2245 590 2283 sed
618 2245 782 2283 morum
809 2247 845 2283 in
874 2246 1008 2294 scriptis
1028 2253 1112 2283 Ma-

62 2293 224 2342 gistratus
244 2307 317 2332 vox
347 2297 446 2334 varie
473 2296 542 2333 fuit
569 2305 716 2344 accepta
743 2325 753 2341 ‚
791 2296 950 2334 &latius
972 2298 1110 2344 patuit,

64 2354 173 2393 quam
197 2345 300 2383 olim.
326 2345 385 2384 sed
413 2347 503 2384 haec
522 2348 675 2395 amplius
696 2356 870 2385 excutere
891 2359 968 2384 non
985 2346 1106 2394 possu-

65 2404 165 2432 mus:
193 2407 269 2433 non
290 2397 391 2434 enirn
414 2399 702 2434 commentarios
722 2397 919 2435 scribimus.
962 2397 1102 2436 Mirum

64 2453 188 2483 autem
219 2446 267 2483 est
303 2447 410 2496 hujus
436 2448 587 2484 honoris
617 2449 851 2485 mentionem
878 2459 955 2484 non
983 2449 1104 2486 facere

62 2493 124 2532 lib.
145 2507 195 2533 xv.
224 2496 330 2533 Trist.
358 2509 411 2535 10.
440 2498 499 2534 ubi
519 2509 673 2534 omnem
696 2498 792 2534 vitae
814 2497 953 2535 cursum
976 2498 1107 2536 descri-

63 2543 139 2589 bit,
158 2545 216 2583 sed
237 2545 343 2583 solius
364 2547 636 2584 Triumviratus
656 2545 962 2595 meminiffe,qui
983 2559 1027 2586 an
1046 2560 1105 2586 ca-

62 2595 181 2642 pitalis
204 2607 247 2633 an
268 2597 467 2633 Monetalis
489 2598 595 2634 fuerit
611 2600 795 2638 incertum
817 2598 891 2642 est,
914 2599 997 2635 licet
1018 2611 1102 2637 cum

61 2644 249 2684 Maffonio
271 2658 347 2683 non
369 2648 607 2694 improbabile
629 2647 817 2685 credamus
835 2647 936 2686 fuisse
957 2649 1104 2698 Capita-

60 2693 256 2734 lem.anno
267 2706 389 2734 autem
407 2698 597 2746 vigelimo,
610 2698 812 2747 immojam
828 2708 925 2742 ante,
939 2699 1103 2737 Decern-

63 2746 179 2784 viratu
198 2747 343 2785 functos
360 2749 515 2798 juvenes
530 2776 539 2790 ‚
571 2748 803 2786 Casaubonus
824 2750 868 2786 ad
888 2751 1104 2798 SpamHa-

63 2794 174 2834 drian.
195 2809 271 2845 cap.
293 2811 327 2836 2.
355 2798 566 2842 censet31'etl
580 2811 624 2836 an
637 2801 749 2837 etiam
770 2809 938 2848 ternpore
953 2800 1100 2840 Ovidii?

62 2844 201 2885 dubito.
238 2848 367 2887 Euam.

67 2945 76 2954 ·
113 2908 174 2945 95.
201 2904 262 2935 Res
282 2914 411 2950 quoque
427 2899 626 2949 privatam]
688 2900 819 2949 Inepte
849 2901 990 2939 Merula
1017 2913 1106 2939 eum

60 2948 222 2995 judicem
254 2963 297 2987 ex
326 2960 449 2998 quarta
481 2951 626 2989 decuria
645 2950 769 2995 fuifle,
801 2953 836 2988 ὃς
871 2952 1102 2990 triumvirum

65 2996 218 3052 electum
234 3002 290 3042 ,&
313 3001 560 3039 delevioribus
579 3002 728 3039 summis
749 3001 916 3049 judicafle
928 3003 1012 3039 hinc
1026 3003 1102 3040 col-

63 3045 150 3094 ligit.
176 3050 262 3086 nihil
293 3052 387 3088 aliud
416 3053 515 3098 vult,
544 3051 608 3088 nisi
637 3052 671 3089 se
701 3053 810 3089 etiam
843 3053 936 3090 inter
959 3053 1102 3101 judices

61 3097 251 3142 allectum,
279 3112 370 3149 quos
392 3102 537 3140 Praetor
559 3102 595 3139 in
618 3103 742 3140 caustis
764 3103 909 3151 privatis
937 3103 1020 3140 dare
1046 3104 1104 3141 so-

58 3144 166 3202 lelaat.
202 3152 342 3204 ‘omnia
380 3153 576 3190 confundit
616 3151 819 3201 ignorantia
862 3154 1099 3202 antiquitatis,

59 3201 228 3234 triumvir
247 3201 337 3245 fuit,
365 3201 423 3239 sed
450 3204 498 3240 illi
524 3215 598 3240 lion
617 3204 841 3252 judicabant.
869 3203 949 3240 Bon
961 3218 1000 3241 M.

107 3250 167 3302 26.
199 3253 313 3299 Deque
334 3265 408 3287 mea
436 3253 523 3300 fafflz
547 3253 589 3300 est
616 3263 700 3303 pars
730 3266 859 3302 quoque
883 3256 971 3303 juffa
1000 3254 1103 3303 fide.]

60 3294 134 3335 Alii
155 3323 169 3344 ,
208 3303 294 3338 Pars
311 3302 407 3344 vieta
427 3303 553 3353 legunt
575 3332 586 3351 ,
616 3314 653 3345 ut
677 3304 718 3345 fit
738 3304 856 3359 {elisus
877 3331 888 3352 ‚
915 3306 1026 3344 etiam
1046 3306 1106 3355 juf

2139 1205 2213 1260 Et

1172 1348 1269 1388 dicio
1289 1350 1376 1388 victi
1397 1348 1507 1388 fidem
1531 1348 1568 1385 ὅτ
1589 1348 1833 1395 integritatem
1848 1357 1968 1385 meam
1989 1345 2023 1383 in
2044 1343 2214 1394 judicanss

1172 1400 1222 1437 do
1240 1402 1502 1448 praedicarunt.
1531 1400 1708 1436 chur.
1739 1400 1831 1434 ιῦεῗα
1854 1397 2048 1446 legendum
2071 1395 2090 1431 ὲ
2110 1403 2215 1432 vete-

1169 1452 1264 1489 ribus
1282 1452 1375 1489 libris
1394 1452 1431 1488 δε
1451 1450 1559 1488 sensu.
1575 1451 1743 1487 exoras.
1771 1450 1875 1495 Justa
1896 1449 1973 1491 alii;
1990 1448 2026 1483 ὃ(
2046 1447 2093 1483 ita
2115 1444 2213 1482 mul-

1170 1503 1197 1539 ti
1225 1501 1352 1550 scripti.
1376 1502 1499 1546 sanein
1523 1501 1645 1537 Vatic.
1667 1500 1771 1546 digna
1791 1500 1860 1536 sex.
1887 1510 2015 1546 magna
2036 1496 2130 1551 duo..

1221 1565 1280 1600 99.
1310 1553 1441 1589 Ultima
1460 1566 1513 1588 me
1529 1550 1717 1600 perdunt.]
1748 1550 1903 1587 produnt
1923 1559 2015 1588 unus
2037 1546 2212 1585 Galhcus-

1171 1601 1219 1640 fic
1240 1604 1330 1641 infra
1352 1604 1425 1641 hoc
1445 1603 1522 1650 ipso
1542 1602 1636 1639 libro
1661 1601 1912 1646 Combianus,

1225 1667 1444 1705 prodiderint
1464 1680 1542 1705 cum
1562 1680 1615 1704 me
1631 1666 1696 1703 duo
1718 1665 1876 1703 crimina.

1170 1717 1315 1755 Hmns.

1219 1780 1280 1815 99.
1308 1768 1476 1817 Mergit.]
1514 1766 1635 1815 Mersit
1663 1768 1808 1804 Lovan.
1832 1767 1869 1804 &
1891 1765 2024 1804 Bersm.
2046 1771 2212 1815 Mergum

1167 1817 1282 1856 Servii
1306 1819 1343 1855 δί
1365 1820 1509 1865 Junian.
1531 1819 1665 1872 imoque
1682 1818 1720 1854 in
1738 1817 1871 1866 gurgite
1887 1826 2059 1866 quatuor.

1222 1881 1304 1907 1c0.
1337 1875 1412 1906 lma
1428 1869 1613 1918 procella]
1640 1869 1769 1906 Gravis
1787 1877 1848 1906 tua
1867 1869 1929 1905 ira.
1955 1868 2119 1905 Mmut.
2157 1866 2214 1906 A:

1165 1919 1228 1957 lias
1257 1933 1330 1957 una
1360 1921 1503 1969 legitur.
1536 1929 1576 1957 ut
1602 1919 1644 1957 fit
1671 1932 1743 1956 una
1765 1918 1910 1967 procella
1930 1916 2111 1966 pofitum,
2140 1929 2210 1966 pro

1166 1972 1272 2007 unica
1293 1980 1402 2019 arque
1423 1979 1587 2009 extrema
1604 1970 1674 2009 illa.
1700 1970 1876 2007 Micru.
1922 1973 1997 2005 Una
2017 1977 2139 2016 aperte
2158 1970 2212 2006 le-

1164 2022 1262 2068 gitur
1282 2023 1320 2058 iii
1341 2021 1469 2060 iisdem
1497 2021 1593 2059 libris
1617 2020 1772 2066 rectius,
1800 2030 1912 2070 quam
1933 2018 1970 2057 in
1991 2019 2211 2068 quibusdam

1166 2071 1344 2119 vulgatis,
1376 2077 1462 2109 Ima.
1489 2072 1657 2110 CIOFAN.

1222 2134 1300 2168 ¹04·
1329 2126 1404 2158 Cur
1433 2122 1646 2171 imprudenti
1683 2121 1816 2170 cognita
1860 2120 1956 2168 culpa
1993 2118 2084 2157 mihi
2123 2118 2208 2169 effi]

1165 2174 1312 2220 Cognita
1345 2174 1446 2220 causa
1476 2181 1618 2210 veteres
1647 2172 1750 2210 octo.
1779 2181 1818 2210 ut
1843 2172 2014 2220 cognitor
2039 2172 2076 2208 in
2107 2170 2211 2208 causa

1166 2222 1284 2271 aliqua
1304 2222 1405 2261 fuiffe
1425 2223 1613 2268 videatur,
1644 2223 1683 2260 &
1698 2223 1773 2261 hoc
1793 2222 1903 2260 etiam
1923 2221 2078 2260 nornine
2089 2220 2211 2266 offen-⁴

1168 2271 1261 2311 derit
1280 2273 1498 2322 Augustum.
1526 2274 1615 2312 Fast.
1633 2285 1669 2311 v.

1219 2341 1299 2373 Non
1313 2337 1403 2384 satis
1421 2336 1463 2383 est
1482 2335 1612 2387 liquido
1631 2334 1765 2383 cognita
1784 2336 1886 2383 causa
1907 2334 2009 2372 mihi.

1160 2398 1219 2436 sed
1240 2398 1373 2448 culpam
1394 2398 1487 2435 refer
1507 2396 1550 2434 ad
1579 2395 1712 2443 Juliam
1741 2404 1890 2442 neptem
1927 2396 2076 2442 ejusque
2104 2390 2210 2430 adulo

1160 2457 1283 2493 teros,
1312 2449 1443 2498 quibus
1469 2446 1739 2484 libidinantibus
1766 2446 1971 2493 supervenit
2002 2443 2124 2486 Niso.
2151 2452 2227 2481 at-.

1161 2511 1233 2547 que
1254 2501 1302 2537 ita
1323 2500 1500 2547 cognovit
1513 2509 1554 2534 ac
1571 2496 1722 2543 inspexit
1743 2496 1885 2542 culpam
1900 2495 2046 2530 horum.
2060 2493 2209 2530 Heins-

1162 2550 1251 2586 Hoc
1269 2551 1346 2599 jam
1369 2550 1449 2586 saris
1476 2547 1664 2596 explosum
1690 2543 1759 2581 esse
1789 2547 1948 2587 constat,
1977 2544 2014 2580 ὃ(
2035 2553 2208 2591 temporz

1160 2611 1237 2638 non
1271 2610 1474 2649 congruere
1510 2610 1529 2634 a
1560 2597 1643 2634 viris
1673 2596 1788 2633 doctis
1820 2595 1867 2631 est
1898 2594 2202 2631 demonstratum.

1219 2663 1302 2698 105.
1330 2647 1525 2697 Achaea]
1556 2648 1638 2684 Hac
1659 2646 1707 2683 de
1722 2657 1758 2682 re
1779 2647 1855 2682 dixi
1883 2646 1918 2682 in
1941 2644 2047 2692 ipsius
2068 2643 2202 2682 Ovidii

1161 2701 1247 2739 vita.
1276 2701 1448 2739 Ciorm.
1480 2698 1617 2745 Nescius
1637 2698 1781 2734 Lovan.

1216 2752 1300 2789 106.
1330 2757 1410 2788 Non
1433 2748 1586 2797 minan]
1640 2749 1735 2785 Puto
1757 2773 1768 2790 ‚
1806 2759 1891 2782 num
1913 2744 2037 2783 minus,
2062 2745 2109 2782 de
2126 2756 2207 2794 quo

1161 2802 1245 2840 vide
1264 2803 1381 2839 Notas
1399 2801 1443 2838 ad
1469 2799 1642 2848 Epist.x1.
1661 2797 1715 2839 iss.
1738 2808 1793 2845 19.
1822 2800 1858 2833 ὅ(
1880 2797 1944 2844 ipse
1961 2806 2026 2844 pro
2037 2795 2095 2832 ille
2105 2795 2206 2833 mul-

1161 2854 1185 2889 ti
1209 2862 1361 2890 veteres.
1390 2852 1535 2888 stns.
1587 2849 1723 2886 Praeda
1745 2848 1822 2896 suis
1842 2847 1982 2883 cambus
2001 2859 2068 2883 non
2088 2850 2207 2884 minus

1160 2902 1240 2939 inde
1250 2902 1326 2949 fuit
1348 2901 1519 2939 Beruens.

1217 2965 1300 3001 109.
1331 2952 1392 2988 Illo
1414 2951 1524 2998 nostra
1545 2948 1635 2999 dia]
1685 2956 1846 2996 Namque
1873 2948 1927 2984 die
1946 2947 2067 2986 multi,
2085 2948 2122 2985 ὃ(
2145 2958 2205 2994 τεῇ

1158 3003 1260 3040 (tius.
1286 3002 1454 3040 nonnulli
1477 3002 1585 3038 etiarn
1601 3028 1610 3044 ,
1639 3014 1731 3036 meus
1751 3013 1854 3036 error.
1884 2999 2027 3036 Hssms.

1218 3066 1250 3090 ιι
1267 3066 1294 3090 i.
1325 3052 1444 3088 Patrio
1465 3052 1602 3088 dicatur
1622 3063 1659 3087 ut
1678 3049 1802 3099 aeva]
1842 3050 2006 3096 Explicat
2029 3048 2201 3092 Merulag

1159 3104 1216 3140 vel
1240 3104 1308 3140 hac
1327 3103 1444 3139 nostra
1468 3104 1600 3150 patriae
1619 3111 1759 3144 aetate,
1789 3101 1846 3138 vel
1876 3111 1973 3136 certe
1990 3100 2102 3148 patris
2126 3099 2200 3135 mei

1159 3163 1299 3196 aetate-3
1330 3153 1388 3190 sed
1407 3163 1575 3189 neutrum
1606 3152 1735 3189 Latine
1756 3152 1827 3187 dici
1850 3160 1965 3198 puto;
1997 3152 2034 3187 ἃ
2054 3150 2201 3197 antiqua

1159 3205 1193 3241 se
1217 3203 1368 3252 equestri
1390 3202 1494 3251 stirpe
1514 3202 1616 3240 fuiffe
1638 3203 1739 3249 saepe
1757 3202 1881 3250 jaciat.
1909 3212 2019 3249 quare
2044 3210 2203 3254 paurum

1160 3268 1289 3291 aevum
1312 3253 1460 3291 deberet
1488 3263 1615 3290 notare
1639 3255 1820 3301 maiorum
1838 3263 2021 3288 meorum.
2046 3257 2205 3301 quonan

1164 3304 1342 3355 procedat
1361 3303 1494 3341 nescio.
1522 3303 1687 3345 Francos.
1708 3305 1744 3342 &
1763 3303 1876 3341 Servii
1895 3301 2048 3345 habent,
2076 3310 2143 3333 1⁶th
2156 3296 2211 3330 dt-

2113 3356 2217 3382 <asur

1344 3354 1411 3394 sss
1449 3365 1468 3404 3
