2495 3675
160 179 265 238 900

644 158 707 215 P.
783 150 1198 214 OVIDII
1273 145 1810 206 NASONIS

317 272 379 322 35
454 254 656 312 Na'i'das
686 256 715 307 {t
741 252 936 326 Satyris
960 263 1173 306 caneret
1201 246 1469 302 Fontanus
1495 262 1689 303 amatas
1706 287 1722 312 ,

530 327 822 382 Clauderet
851 323 1136 395 imparibus
1161 321 1321 375 verba
1349 321 1567 391 Capella
1590 322 1782 376 modiS.

468 401 723 474 Cumque
748 399 926 453 forent
952 394 1066 456 alii,
1105 410 1338 464 quorum
1365 395 1494 448 mihi
1521 393 1710 448 cunfla
1737 393 1941 450 referre

536 473 769 529 Nomina
796 472 955 537 longa
983 483 1130 519 mora
1156 465 1257 526 est,

1299 467 1532 520 carmina
1571 468 1755 537 vulgus
1782 467 1939 521 habet
1958 490 1974 530 ς

473 545 655 602 Essent
685 550 733 595 &
756 542 999 611 juvenes,
1045 556 1275 609 quorum
1305 539 1453 609 quod
1478 539 1679 593 inedita
1705 557 1831 594 cura
1859 540 1962 604 est,

546 612 1010 686 Adpellandorum
1034 612 1104 664 nil
1132 611 1257 664 mihi
1282 610 1412 677 juris
1444 612 1620 673 adest;

474 693 563 746 Te
589 703 765 740 tamen
797 687 850 738 in
879 686 1032 737 turba
1055 702 1163 737 non
1189 683 1379 745 ausim,
1415 685 1610 746 Cotta,
1655 686 1835 749 silere3

544 759 820 814 Pieridum
849 759 1027 810 lumen
1046 796 1060 817 ,
1103 755 1678 828 praesidiumque-fori.

473 834 752 889 Maternos
787 830 980 884 Cottas
1006 830 1092 882 cui
1120 828 1488 900 Messallasque
1517 844 1766 900 paternos

546 905 790 958 Maxima
813 901 1058 956 nobilitas
1081 901 1402 972 ingeminata
1430 901 1598 955 dedit.

332 1000 397 1050 45

476 978 677 1034 Dicere
703 976 738 1030 si
765 976 839 1029 fas
865 973 965 1036 est,
1002 975 1146 1027 claro
1174 990 1287 1026 mea
1314 976 1533 1026 nomine
1561 974 1747 1037 Musa,

553 1053 741 1121 Atque
765 1050 903 1102 inter
931 1059 1134 1104 tantos,
1173 1063 1311 1118 quae
1337 1047 1632 1115 legeretur,
1671 1060 1800 1102 erat.

476 1122 628 1193 Ergo
653 1123 956 1176 submotum
981 1119 1148 1190 patria
1172 1118 1540 1188 proscindere,
1580 1119 1714 1173 livor
1731 1158 1746 1182 ,

552 1194 778 1256 Desine,
814 1210 917 1245 neu
943 1193 1148 1245 cineres
1174 1190 1388 1260 sparge,
1426 1206 1679 1254 cruente,
1717 1209 1884 1246 meos

476 1268 674 1323 Omnia
701 1264 1044 1335 perdidimus,
1085 1264 1463 1317 tantummodo
1491 1264 1596 1316 vita
1621 1263 1799 1318 relicta
1828 1265 1930 1329 est,

331 1363 398 1413 50

546 1339 803 1393 Praebeat
828 1351 885 1390 ut
913 1337 1118 1389 sensum
1145 1337 1529 1417 materiamque
1557 1337 1718 1391 malis

479 1413 628 1485 Quid
649 1411 794 1482 juvat
822 1408 1101 1464 exstinc‘tos
1127 1408 1328 1461 ferrum
1356 1408 1632 1463 dimittere
1658 1410 1710 1463 in
1738 1410 1913 1465 artus?

550 1486 676 1539 Non
706 1483 863 1538 habet
889 1483 942 1536 in
969 1481 1119 1536 nobis
1138 1481 1244 1552 jam
1268 1498 1406 1535 nova
1431 1481 1578 1552 plaga
1606 1484 1802 1537 locum.

246 1630 386 1678 Tityrus
408 1636 559 1664 aeternos
579 1633 713 1662 caneret
732 1621 792 1673 qui
807 1630 954 1671 procreet
976 1620 1108 1679 herbns.

191 1680 334 1718 Moreti
358 1679 498 1721 codex,

244 1732 385 1779 Tityron
406 1730 571 1777 antiquas
589 1725 752 1774 recubaffe
772 1725 911 1771 referret
933 1723 981 1760 ad
1002 1723 1155 1761 umbras.

192 1789 236 1819 ut
259 1784 296 1818 &
324 1782 412 1818 liber
434 1780 528 1817 Petri
562 1779 688 1815 Servii.
717 1776 781 1814 nisi
802 1774 905 1823 quod
928 1776 963 1811 iii
992 1787 1037 1811 eo
1056 1788 1152 1812 aras.
1173 1774 1232 1812 alii

193 1832 308 1869 aliter.
357 1832 497 1867 Moreti
528 1829 657 1866 librum
688 1827 820 1875 sequor
841 1853 853 1869 ,
882 1825 968 1863 dum
994 1826 1145 1863 meliora
1164 1825 1234 1862 sese

192 1881 366 1919 offerunt.
396 1881 536 1918 Heius.

245 1944 303 1980 34.
331 1936 494 1979 Aptaque
512 1929 660 1965 venanti
677 1925 822 1964 Gratius
841 1939 942 1964 arma
972 1924 1117 1974 daun]
1146 1927 1237 1962 Gra-

193 1983 265 2021 tius
288 1982 416 2018 Ovidii
436 1981 664 2027 temporibus
683 1982 792 2025 poeta
816 1978 880 2012 fuit
894 2004 904 2020 ‚
932 1987 968 2013 ut
993 1987 1036 2012 ex
1057 1976 1130 2012 hoc
1150 1976 1236 2013 loco

193 2032 354 2071 constat:
379 2033 423 2068 de
446 2026 643 2067 venatione
665 2026 807 2074 scripsit.
845 2027 959 2075 Cujus
981 2026 1142 2063 carmina
1161 2037 1233 2063 una

192 2095 279 2121 cum
306 2082 435 2119 Ovidii
457 2081 670 2118 Halieutico
693 2077 712 2115 ὲ
742 2077 859 2114 Gallia
884 2077 920 2114 in
953 2076 1090 2113 Italiam
1114 2078 1232 2114 attulit

192 2132 438 2171 SannazariuS.
494 2132 606 2168 Hunc
634 2141 756 2166 autem
790 2126 929 2164 versum
965 2126 1007 2163 ab
1037 2128 1234 2175 interprete

192 2185 255 2222 hic
277 2196 351 2221 non
377 2183 625 2224 intelle-itum,
658 2180 685 2216 is
701 2179 787 2228 ,qui
813 2179 964 2220 Ovidii,
986 2177 1062 2225 post
1093 2179 1231 2215 Aldum

191 2235 398 2274 seniorem,
429 2244 538 2270 vitam
573 2230 703 2277 stri-psit
726 2258 736 2273 ‚
765 2231 907 2275 optime
931 2228 1137 2266 declaravit.
1169 2232 1236 2266 At-

192 2287 257 2334 tigi
279 2285 505 2327 brevfflime,
529 2289 655 2328 Caesar
681 2280 854 2322 Ranalsle,
877 2279 1146 2316 adolescentule
1168 2280 1237 2316 lio-

192 2336 385 2374 nestiffimc
407 2363 417 2378 ‚
457 2347 498 2372 ea
519 2362 528 2379 ‚
569 2345 660 2381 quae
691 2333 746 2368 his
773 2331 950 2376 temporis
977 2330 1167 2379 angustiis,
1198 2340 1237 2368 ut

193 2387 259 2424 tibi
283 2387 401 2435 aliqua
424 2397 467 2422 ex
491 2394 589 2432 parte
615 2386 657 2420 ati
688 2383 794 2430 hujus
822 2381 1004 2429 poematis
1034 2382 1237 2429 intelligen-

195 2439 285 2475 tiam
317 2439 384 2474 iter
421 2437 701 2483 patefacerent,
731 2435 893 2469 notanda
915 2431 1112 2469 censerem.
1168 2434 1238 2468 Ρο-

196 2485 339 2525 tuiffem
373 2486 493 2534 paullo
524 2486 730 2533 COPLOllOra
764 2483 938 2531 praestare
959 2510 969 2525 ,
1011 2482 1032 2517 fi
1061 2483 1150 2519 mihi
1175 2494 1239 2531 per

193 2539 374 2575 severiora
403 2538 493 2586 juris
514 2536 628 2573 civilis
650 2534 760 2571 studia
775 2561 784 2576 ‚
807 2536 842 2570 in
866 2544 958 2582 quae
982 2533 1073 2570 serio
1095 2534 1240 2571 incum-

196 2589 281 2625 bere
305 2600 424 2631 ave0‚
454 2589 491 2625 ὃ(
525 2598 664 2628 conor,
693 2582 859 2622 licuisset.
912 2584 1004 2620 Vale
1027 2612 1036 2627 ,
1067 2584 1103 2620 &
1134 2585 1241 2633 quid-

199 2640 288 2688 quid
307 2639 344 2676 id
363 2640 433 2683 est,
462 2649 504 2675 ea
524 2638 713 2674 voluntate
729 2662 738 2677 ,
765 2646 836 2682 qua
859 2646 928 2683 ego
949 2635 1015 2671 tibi
1039 2634 1241 2672 ntincoffe-

198 2701 241 2728 το
257 2717 266 2734 ,
296 2692 328 2727 id
344 2690 415 2733 est,
444 2690 478 2726 in
498 2697 535 2726 te
556 2688 661 2725 valde
682 2685 857 2735 propensa
872 2714 882 2729 ,
911 2686 1047 2732 accipe.
1077 2685 1190 2722 Cior.

253 2751 312 2787 35.
350 2740 504 2776 Na'z'ades
539 2739 672 2787 Satyris
719 2745 854 2773 caneret
904 2742 1080 2773 Fontanus
1139 2749 1242 2772 ama-

200 2801 257 2828 tas
272 2819 281 2832 ‚
310 2791 399 2840 eya]
439 2790 512 2827 Alii
531 2790 680 2837 legunt,
695 2787 824 2824 Naides
841 2785 866 2823 ὰ
884 2787 1016 2836 Satyris
1029 2814 1039 2830 ‚
1054 2789 1129 2824 &c.
1151 2799 1245 2835 quae

201 2841 313 2882 leftio
335 2840 535 2882 &sensum
559 2841 767 2890 planiorem
799 2837 943 2878 reddit:
983 2839 1021 2876 δε
1054 2837 1247 2876 resolutio-

1290 1631 1363 1664 ne,
1391 1620 1466 1658 five
1485 1620 1632 1660 diaeresi
1653 1621 1735 1667 ista,
1766 1621 1813 1660 de
1842 1633 1914 1671 qua
1935 1622 2076 1670 prolixe
2099 1625 2243 1664 Merula
2271 1627 2333 1665 liic

1289 1673 1385 1718 agit,
1413 1673 1502 1709 nibil
1525 1672 1675 1721 indiget.
1705 1674 1883 1711 Micru..
1911 1675 2074 1711 Naiadas
2101 1677 2233 1726 Satyris
2259 1679 2333 1716 Ms.

1289 1721 1426 1759 Bersm.
1447 1724 1630 1760 Fotitanus
1652 1725 1691 1761 P.
1709 1725 1807 1762 Dan.

1343 1784 1403 1821 37.
1433 1773 1567 1822 Mihi]
1601 1780 1658 1810 Me
1681 1775 1834 1812 Putean.
1859 1775 1957 1812 modo
1976 1778 2082 1825 prim.
2102 1777 2203 1816 Edit.

1345 1823 1403 1871 38.
1435 1829 1558 1872 Vulgus
1578 1824 1719 1873 habet.]
1752 1826 1889 1862 Habent
1909 1836 1978 1865 tres
2002 1829 2092 1865 libri.

1347 1885 1394 1921 39
1437 1876 1596 1921 §Quorum
1625 1876 1716 1923 quod
1745 1877 1880 1912 inedita
1900 1884 2002 1925 causa
2022 1878 2099 1928 effi]
2163 1881 2269 1927 Musa
2289 1881 2332 1928 est

1291 1931 1361 1961 tres
1384 1934 1523 1961 veteres
1563 1934 1598 1961 at
1630 1938 1721 1963 unus
1751 1927 1902 1964 Thuan.
1929 1929 2061 1964 inedita
2093 1942 2175 1966 cura
2196 1932 2249 1977 est.
2276 1943 2332 1969 re-

1294 1974 1395 2010 ctius.
1424 1986 1508 2011 nam
1533 1975 1636 2022 Musa
1657 1988 1746 2013 mox
1770 1977 1943 2026 sequitur.
1973 1980 2115 2017 Heius.

1343 2034 1405 2070 41.
1435 2030 1478 2061 Te
1498 2036 1616 2061 tamen
1631 2027 1667 2062 in
1691 2026 1833 2075 turbas]
1872 2029 2016 2064 Eturba
2038 2031 2335 2072 malim.HE1Ns.

1296 2078 1340 2110 Te
1360 2085 1463 2111 tama
1486 2076 1522 2111 in
1547 2077 1650 2112 turha
1675 2087 1754 2115 tres.
1776 2089 1919 2115 tantum
1938 2079 2155 2120 Ms.Bersm.

1346 2138 1405 2170 42·
1435 2127 1626 2163 Pierulium
1639 2128 1787 2178 lumem]
1802 2135 1943 2165 Numen
1959 2131 2043 2168 editi
2056 2132 2206 2180 aliquot.
2219 2134 2334 2180 hunc,

1298 2179 1335 2214 ὃ(
1379 2177 1565 2224 Capellam
1587 2179 1623 2214 &
1644 2181 1759 2222 alios,
1791 2181 2025 2218 illacrimabili
2065 2183 2176 2220 noete
2218 2186 2338 2232 pressit

1298 2227 1451 2264 oblivio.
1473 2238 1611 2265 utinam
1634 2230 1696 2274 hi,
1723 2231 1782 2267 vel
1804 2232 1942 2277 optima
1967 2240 2066 2268 certe
2093 2245 2170 2282 pars
2197 2235 2240 2272 ad
2268 2247 2336 2273 nos

1294 2277 1533 2326 pervenisset!
1565 2284 1600 2316 ὅ(
1639 2281 1698 2317 alii
1728 2283 1839 2326 inepti
1868 2284 1903 2316 ὅ(
1940 2283 2083 2319 inutiles
2111 2285 2188 2321 libri
2220 2293 2337 2323 aeter-

1295 2331 1350 2366 nis
1372 2331 1526 2366 tenebris
1549 2330 1700 2366 demetii
1735 2329 1951 2367 mansissent.
1982 2331 2112 2369 Euam.

1346 2391 1413 2428 44.
1445 2381 1610 2416 Maxima
1637 2379 1842 2429 nabuthan]
1874 2382 2041 2417 Maxima
2058 2411 2067 2423 ,
2093 2384 2123 2420 δι
2147 2384 2340 2433 ingemina-

1293 2440 1332 2466 ta
1348 2431 1451 2479 jungi
1479 2444 1553 2468 uno
1575 2431 1794 2469 substantivo
1825 2444 1902 2469 non
1933 2431 2009 2471 satis
2031 2434 2214 2483 eleganter
2234 2446 2339 2485 puto.

1294 2493 1406 2530 quare
1428 2483 1610 2530 legerem:

1349 2533 1533 2577 Maxime,
1562 2533 1722 2570 nobilitas
1744 2533 1960 2580 ingeminata
1980 2535 2076 2572 dedit

1297 2584 1486 2621 Maximus
1506 2585 1604 2621 enim
1628 2584 1752 2621 Cotta.
1770 2586 1852 2621 vide
1866 2586 1955 2633 supr.
1980 2599 2022 2622 ii.
2043 2587 2076 2623 8.
2099 2587 2135 2623 ἅ*
2158 2599 2220 2624 ῐιι,
2244 2588 2291 2626 vs.
2304 2589 2341 2628 6.

1300 2635 1405 2671 &ibi
1430 2634 1634 2672 Heinfium.
1669 2635 1836 2671 Maxima
1866 2635 2026 2672 nobilitas
2068 2638 2121 2672 cui
2157 2640 2339 2686 geminata

1302 2684 1468 2721 Leidens.
1494 2688 1529 2722 ὅ(
1560 2688 1596 2722 P.
1617 2686 1713 2722 Dan.
1734 2688 1894 2733 proxima
1919 2688 1992 2725 Ms.
2015 2687 2226 2727 Betsmanni
2242 2718 2252 2734 ,
2273 2692 2338 2740 qui

1299 2747 1376 2772 non
1398 2735 1562 2784 ineptum
1584 2745 1699 2784 putat.
1728 2735 1859 2774 Euam.

1353 2796 1410 2834 51.
1442 2792 1584 2823 Ferrum
1618 2786 1834 2837 demittere]
1875 2787 2062 2825 Dimittere
2089 2790 2272 2830 meliores.
2299 2791 2340 2831 &

1300 2837 1536 2886 praecedenti
1554 2837 1680 2886 versu,
1707 2838 1795 2877 mali
1811 2849 1878 2888 pro
1899 2839 2014 2878 malis.
2043 2839 2188 2881 Herus.

1050 2939 1515 2988 FINIS.
