2495 3675
278 178 385 238 674
749 165 811 221 P.
886 159 1298 223 OVIDI'I
1370 157 1902 226 NASONIS

564 257 859 332 Numquid·
877 259 1151 314 Achilleos
1176 257 1315 310 inter
1341 251 1452 306 fera
1476 251 1676 324 proelia
1699 252 1795 309 fidi
1869 288 1876 294 -

422 348 489 385 10
635 332 887 387 Deieruit
914 332 1096 386 levitas
1126 325 1552 382 Automedontis
1580 324 1780 396 equos?

563 405 745 477 Quem
772 406 933 460 semel
961 401 1200 472 excepit,
1238 398 1500 475 numquid
1533 397 1832 453 Podalirius
1855 415 2018 471 aegro

638 477 948 532 Promissam
976 475 1219 528 medicae
1244 489 1355 527 non
1382 472 1499 524 tulit
1527 471 1648 525 artis
1673 472 1868 542 opem?
2027 485 2043 489 ’

563 550 802 622 Turpius
827 549 1062 617 ejicitur,
1099 563 1261 618 quam
1285 562 1394 598 non
1421 544 1721 598 admittitur
1748 546 1967 616 hospeS,

634 625 787 695 Quae
813 620 1012 691 patuit,
1049 618 1270 672 dextrae
1296 616 1446 671 firma
1470 615 1529 670 fit
1554 636 1639 672 ara
1669 636 1833 673 meae.

420 714 485 764 νῐς
561 696 676 757 Nil,
714 691 808 747 nisi
835 709 923 746 me
946 691 1143 756 solum,
1178 692 1354 763 primo
1382 703 1578 744 tutatus
1605 709 1685 745 es:
1729 706 1780 746 at
1806 708 1950 746 nunc

635 765 734 820 Me
759 766 956 836 pariter
981 765 1126 820 serva
1143 805 1156 828 ‚
1193 763 1568 835 judiciumque
1592 778 1760 820 tuum.

567 839 622 893 Si
647 838 815 893 modo
839 855 949 892 non
976 838 1146 908 aliqua
1170 838 1244 891 est
1270 839 1324 891 in
1352 854 1438 890 me
1467 854 1603 890 nova
1629 839 1808 910 culpa:
1851 850 2104 910 tuamque

634 914 918 966 Mutarunt
941 911 1117 966 subito
1144 911 1364 964 crimina
1388 909 1558 964 nostra
1585 909 1764 965 fidem.

559 984 784 1056 Spiritus
811 984 897 1037 hic
914 1023 929 1047 ,
968 982 1216 1057 Scythica
1240 1000 1401 1055 quem
1426 1000 1536 1037 non
1566 983 1702 1038 bene
1725 984 1970 1040 ducimus
1996 984 2148 1047 aurai,

415 1074 486 1112 20
635 1057 803 1130 Quod
828 1055 989 1128 cupio
1007 1093 1022 1118 ,
1062 1057 1312 1111 membris
1342 1071 1493 1111 exeat
1522 1070 1644 1110 ante
1670 1058 1827 1118 meis;

558 1131 737 1204 Quam
762 1143 851 1184 tua
877 1129 1072 1184 delifio
1101 1130 1418 1201 stringantur
1444 1128 1657 1200 peROra
1685 1131 1897 1193 nostr03

633 1203 703 1258 Et
730 1203 913 1257 videar
940 1204 1136 1257 merito
1162 1203 1314 1257 vilior
1342 1201 1445 1256 esse
1472 1202 1582 1255 tibi.

552 1278 680 1333 Non
704 1275 841 1331 adeo
867 1276 967 1330 toti
993 1275 1110 1329 fatis
1136 1292 1426 1346 urguemur
1454 1274 1675 1348 iniqui3‚

626 1349 704 1404 Ut
729 1367 845 1403 mea
875 1349 934 1402 fit
960 1349 1130 1420 longis
1157 1365 1304 1402 mens
1328 1364 1546 1419 quoque
1575 1358 1722 1401 mota
1749 1346 1912 1401 malis.

412 1441 483 1493 25
555 1422 722 1494 Finge
749 1436 924 1475 tamen
951 1435 1183 1483 motam;
1226 1422 1435 1493 quoties
1462 1422 1873 1491 Agamemnone
1897 1433 2082 1476 natum

633 1493 834 1549 Dixiffe
860 1494 914 1548 in
946 1494 1180 1567 Pyladen
1205 1493 1362 1547 verba
1388 1506 1637 1564 proterva
1661 1495 1842 1565 putas?

556 1569 674 1624 Nec
703 1569 890 1639 procul
915 1569 944 1620 a
971 1585 1101 1620 vero
1125 1566 1226 1629 est,
1262 1567 1409 1639 quod
1436 1568 1519 1619 vel
1551 1567 1761 1637 pulsarit
1790 1568 2049 1623 amicum:

627 1640 826 1696 Mansit
855 1641 909 1695 in
936 1639 1129 1695 officiis
1154 1657 1265 1696 non
1289 1641 1462 1695 minus
1484 1640 1569 1693 ille
1592 1639 1706 1696 suis,

2273 1763 2404 1821 Hoc

267 1901 468 1941 constantia
490 1902 528 1940 ὃς
546 1902 736 1940 voluntate
761 1899 937 1950 intelligas
957 1928 968 1945 ,
995 1909 1108 1937 artem
1128 1898 1173 1938 de
1195 1900 1309 1939 facul·
1358 1901 1436 1939 Vel
1458 1899 1696 1951 generaliter,
1723 1907 1764 1938 ut
1794 1899 1930 1950 aliquid
1960 1899 2150 1939 adversum
2172 1906 2209 1937 te
2234 1902 2408 1941 commit*

268 1962 355 1991 tate.
383 1954 559 1990 Micvtt..
1361 1961 1437 1990 tam
1463 1980 1472 1996 ,
1511 1953 1644 1990 mentis
1673 1951 1945 1998 perturbatione
1969 1966 1977 1989 :
2026 1954 2201 1989 attonitus
2237 1953 2407 1992 videlicet

321 2014 357 2052 9.
386 2010 479 2040 Inter
490 2006 570 2051 fera
587 2002 769 2052 praelim}
798 2008 901 2039 Dura
920 2002 1010 2038 inter
1032 2002 1164 2051 praelia
1178 2029 1188 2046 ,
1212 2000 1307 2039 Edit.
1364 2005 1548 2041 malorum
1569 2003 1806 2040 diuturnitate
1825 2004 1862 2039 ὃ(
1884 2003 2071 2051 gravitate.
2101 2004 2278 2040 Micrtr..

267 2054 492 2093 Bersmanni.
518 2055 619 2104 quod
641 2054 762 2092 nescio
786 2053 882 2091 unde
902 2052 1044 2090 habeat.
1078 2053 1224 2101 deseruit
1236 2053 1307 2102 pie—
1416 2063 1478 2102 25.
1506 2053 1648 2102 {Quoties
1674 2057 1937 2101 Agamemnone
1966 2053 2132 2103 natum]
2191 2054 2249 2092 De
2273 2054 2406 2094 Orestis

268 2114 324 2143 tas
347 2106 523 2154 Excerpta
550 2105 678 2142 Voffii.
1365 2106 1404 2142 &
1423 2105 1580 2152 Pyladae
1600 2104 1760 2140 amicitia
1779 2104 1880 2152 plura
1900 2104 1997 2142 alibi.
2028 2104 2199 2142 CIOFAN.

323 2178 383 2207 ΙΙ.
412 2174 605 2217 Nunquam
627 2166 862 2216 Podalirius.]
893 2166 1067 2216 Nunquid
1083 2178 1167 2204 cum
1190 2168 1310 2205 Com·
1416 2157 1476 2211 26·-
1504 2153 1632 2211 Pixiffi
1661 2154 1699 2190 in
1742 2154 1900 2202 Pyladen
1937 2155 2046 2191 verba
2066 2166 2240 2210 ,Ρζθῑθῒνα
2264 2155 2405 2205 Fusa-2]

267 2218 391 2257 biano.
421 2220 561 2257 Hfitns.
588 2218 727 2268 Accepit
741 2218 937 2255 Lovan.&
957 2216 1311 2268 edit.Bersm.quam
1366 2203 1725 2262 ?1U{¹m¹²‚1mpr⁰ba
1748 2204 1867 2241 verba·
1895 2204 1994 2248 duo,
2023 2205 2134 2261 mam
2155 2204 2273 2243 ‘verba-
2299 2217 2405 2251 URUS,

269 2271 381 2308 etiam
403 2270 490 2308 duo·
1366 2264 1487 2304 tmpta.
1515 2255 1626 2297 alius,
1655 2254 1784 2302 aspera.
1810 2261 1851 2290 ut
1872 2254 1982 2290 Pont.
2001 2267 2047 2292 11.
2069 2255 2170 2303 hleg.
2191 2266 2245 2292 vx.

324 2345 383 2385 14.
411 2338 511 2384 Qae
525 2331 678 2383 patuit.]
733 2334 817 2380 ἐξω
837 2331 987 2380 Regius.
1016 2342 1080 2366 ara
1110 2340 1190 2368 tuae
1210 2331 1311 2369 idem
1420 2321 1549 2368 Aspera
1570 2317 1703 2374 ‘Wfiff‘’
1723 2316 1831 2353 verba
1849 2317 1986 2354 'emim
2005 2331 2069 2356 '20-

270 2398 339 2436 pro
362 2398 436 2424 vas·
455 2386 539 2424 legs,
558 2386 597 2423 ὃς
619 2386 765 2422 Lovan,
785 2395 848 2418 ara
871 2385 949 2418 viae
974 2381 1142 2418 Leidens,
1369 2372 1515 2410 Hfims.
1548 2375 1658 2417 Impta
1673 2367 1841 2405 ssernens.

327 2450 383 2485 15.
412 2435 601 2485 Tutatus.]
631 2436 797 2471 -Sec'latus
826 2434 979 2472 Putean.
998 2442 1137 2469 tutatus
1157 2433 1310 2471 amicum
1420 2443 1482 2481 27.
1509 2433 1614 2483 Qod
1636 2432 1693 2469 vel
1708 2433 1865 2481 pulsavit
1885 2433 2081 2484 amicum]
2123 2435 2228 2483 §Quod
2248 2449 2316 2474 non
2332 2437 2408 2486 ple·

271 2500 378 2528 unus.
405 2488 538 2524 amicus
556 2485 656 2525 alius.
1364 2485 1483 2533 rique.
1505 2497 1547 2522 an
1562 2513 1571 2528 ,
1601 2498 1642 2521 ne
1664 2497 1731 2520 non
1750 2483 1926 2532 pulsarit?
1961 2486 2212 2532 Combianus,
2239 2489 2322 2536 quia
2341 2502 2408 2526 non

327 2542 385 2579 18.
413 2537 615 2587 Crimina.]
645 2536 818 2574 Carmina
836 2534 1003 2573 Bernens.
1359 2535 1522 2584 pulsarit.
1551 2547 1640 2572 mox
1660 2535 1811 2578 malim,
1841 2548 1926 2571 num
1949 2536 2087 2580 minus,
2118 2549 2184 2584 pro
2204 2552 2283 2576 non.
2311 2539 2408 2578 Vide

328 2602 387 2638 19.
410 2588 558 2638 Aura.]
590 2594 663 2625 Ora
681 2589 843 2637 quinque
862 2586 954 2624 libri.
972 2585 1138 2623 duximus
1158 2594 1242 2624 tres.
1367 2587 1484 2624 Notas
1503 2586 1547 2623 ad
1574 2585 1683 2634 Epist.
1702 2585 1875 2622 Canaces.
1912 2586 2059 2624 Hmns.
2102 2594 2173 2626 Nec
2200 2589 2317 2626 minus
2337 2589 2409 2627 Ex·
2430 2633 2437 2636 ,

328 2651 390 2679 21.
417 2638 680 2689 stringantur]
712 2644 931 2686 Frangantur
952 2637 1058 2675 Leid.
1073 2639 1107 2674 ὅ(
1124 2636 1314 2676 Bern.tin-
1370 2648 1482 2685 cerpt.
1504 2635 1607 2674 Voss.
1628 2638 1666 2673 &
1684 2635 1760 2673 duo
1790 2636 1881 2677 libri.
1910 2650 1970 2675 nec
2000 2638 2117 2676 minus
2142 2642 2205 2690 ipse
2224 2639 2306 2677 meis
2322 2639 2409 2686 Bere

274 2702 406 2740 gantur
423 2692 521 2728 alius.
542 2691 671 2740 dejesta
691 2688 796 2737 nostro
818 2688 951 2736 Regius
974 2699 1039 2736 pro
1063 2699 1134 2726 var.
1157 2688 1239 2726 lect.
1370 2688 1470 2725 nens.

331 2751 392 2779 22.
420 2743 489 2790 Effe
506 2740 609 2791 tibi.]
639 2740 708 2788 Effe
729 2753 800 2776 meo
820 2739 987 2776 Bernens.
1424 2751 1483 2787 32.
1512 2738 1680 2787 Virgaque
1703 2751 1781 2775 cum
1800 2738 1915 2777 verbis
1930 2739 2107 2788 imperiosa
2118 2741 2252 2790 facin]
2306 2741 2404 2780 Vide

332 2801 394 2840 23.
423 2798 501 2828 Non
520 2792 602 2828 adeo
623 2792 703 2828 totis
713 2789 834 2839 fatis.]
867 2788 1095 2827 Totifortaffe
1106 2789 1317 2839 legendum.
1372 2801 1461 2827 num
1486 2790 1599 2839 Virga
1628 2790 1763 2827 lietoris
1790 2792 1912 2838 potius
1939 2790 2173 2839 intelligenda
2202 2791 2244 2830 fi't
2264 2792 2410 2830 hoclo-

280 2843 470 2881 NAUGER.
1291 2856 1294 2859 “
1374 2853 1439 2884 co,
1469 2853 1541 2889 qua
1560 2842 1619 2878 ille
1635 2841 1768 2878 obvios
1787 2842 1806 2878 e
1824 2842 1881 2879 via
1906 2842 2169 2887 submovebat,
2197 2844 2312 2881 verbis
2334 2854 2410 2881 cer-

332 2902 393 2939 23.
424 2892 626 2942 Urgemur]
665 2892 861 2940 Agitamur
886 2891 1032 2930 volebat
1054 2891 1236 2929 Heinsius,
1265 2891 1319 2929 lta
1373 2893 1419 2929 tis
1438 2892 1533 2929 abire
1550 2891 1684 2939 justos:
1715 2893 1754 2929 ὃ(
1775 2903 1859 2929 cum
1880 2893 1924 2928 ad
1948 2901 2054 2930 aedes
2080 2893 2235 2931 consulis
2255 2903 2318 2932 aut
2333 2905 2410 2932 ma·

284 2954 382 2982 certe
415 2943 545 2980 Noster
566 2943 626 2980 lib.
648 2955 693 2979 11.
716 2943 796 2979 Art.
816 2952 877 2990 27.
897 2943 986 2988 fatis
1005 2944 1158 2991 agitatus
1179 2941 1320 2991 iniquis.
1375 2942 1534 2991 gistratus
1556 2941 1729 2986 veniffet,
1760 2943 1854 2980 fores
1874 2955 2027 2992 quoque
2041 2952 2104 2987 ,ut
2124 2955 2205 2981 mos
2223 2954 2321 2989 erat,
2357 2954 2413 2982 er-

283 2996 322 3033 &
340 2995 431 3031 haec
451 2994 557 3030 verba
578 2996 797 3030 commutari
817 2993 929 3030 solere
945 2994 1101 3031 vidimus
1122 2993 1165 3031 ad
1179 3003 1213 3030 v.
1226 2993 1321 3030 Met.
1378 2994 1543 3031 cutiebat.
1573 2995 1673 3042 cujus
1701 2995 1751 3031 rei
1774 2995 1987 3042 exemplum
2017 2994 2207 3042 quoddam
2234 2995 2330 3045 apud
2350 2995 2413 3033 Li·

282 3044 372 3083 606.
400 3043 457 3080 sed
469 3043 541 3080 sine
562 3045 774 3081 auetoritate
789 3044 962 3080 librorum
986 3045 1044 3081 hic
1065 3045 1152 3082 nihil
1171 3052 1317 3081 mutan·
1375 3044 1478 3082 vium
1501 3054 1661 3082 narratur
1680 3045 1738 3082 lib.
1759 3056 1812 3082 vx.
1835 3057 1913 3092 cap.
1936 3056 1993 3093 34.
2040 3045 2127 3081 Hoc
2150 3047 2248 3083 enim
2272 3049 2307 3084 &
2328 3045 2414 3094 Epi-

268 3095 371 3133 -dum
396 3094 587 3131 credimus.
614 3095 696 3131 licet
718 3106 829 3130 motae
850 3095 958 3129 menti
998 3096 1038 3129 τὸ
1066 3095 1195 3142 agitari
1222 3095 1320 3143 opti—
1374 3096 1503 3132 theton
1533 3096 1749 3144 Imperiosum
1775 3123 1784 3138 ‚
1822 3097 1975 3132 innuere
2002 3095 2162 3133 videtur:
2195 3108 2279 3134 cum
2303 3097 2414 3134 fasces

285 3158 349 3184 me
370 3144 593 3187 conveniat,
619 3153 653 3180 at
667 3145 808 3181 Orestes
822 3144 932 3191 furiis
947 3145 1099 3192 agitatus
1121 3145 1246 3194 paffim
1268 3145 1323 3183 di·
1376 3146 1608 3194 nihiljubere
1629 3157 1689 3183 aut
1709 3148 1886 3195 imperare
1908 3145 2069 3189 soleant,
2097 3146 2156 3183 sed
2179 3147 2316 3196 insigne
2335 3155 2412 3184 tan-

282 3198 390 3235 citur.
415 3195 544 3233 Buzzi-1.
1377 3205 1456 3234 tum
1474 3199 1695 3246 magistratus
1708 3197 1786 3234 fint.
1814 3198 1988 3233 chrtr..
2016 3196 2056 3232 In
2081 3208 2122 3233 ea
2134 3197 2308 3236 sententia
2319 3207 2412 3246 quo·

339 3260 399 3293 24.
426 3251 468 3282 U:
486 3257 562 3282 mea
580 3243 627 3293 fit
649 3244 792 3294 longia]
846 3245 901 3281 Ut
930 3244 993 3282 fim
1023 3245 1086 3283 tibi
1109 3246 1216 3284 iratus
1238 3260 1322 3296 pro-
1378 3259 1452 3296 que
1476 3249 1543 3285 fuit
1569 3248 1730 3297 Lipsius,
1760 3249 1821 3293 qui
1853 3256 1992 3295 praeter
2015 3246 2122 3286 fasces
2152 3249 2297 3286 liciores
2318 3258 2413 3297 quo-

284 3306 365 3348 pter
394 3300 577 3335 malorum
614 3307 785 3334 meorum
826 3295 1111 3349 longitudinem!
1156 3297 1325 3338 Mintur..
1378 3311 1451 3349 que
1485 3300 1628 3350 virgam
1666 3298 1711 3338 ad
1737 3297 2052 3339 summovendum
2080 3300 2260 3349 populum
2291 3299 2330 3336 δι
2357 3298 2418 3346 ja-

2302 3358 2414 3387 uuam

2429 3644 2432 3647 .
2488 3478 2492 3675 l
