2495 3675
465 149 1100 210 TRISTIUM

1171 154 1224 210 L
1260 174 1281 211 1
1317 170 1365 212 Β.
1437 156 1518 216 ΙΠ.
1566 160 1763 227 VELEG.
1805 166 1944 226 VIII.
2151 172 2245 236 581

277 273 312 325 ς
381 252 620 316 Haeret,
664 253 718 306 &
746 265 868 308 ante
896 255 1109 317 ocu103,
1147 253 1310 309 veluti
1334 252 1611 325 spectabile
1636 269 1828 323 corpus
1848 293 1863 315 ‚

452 325 642 379 Adstat
671 325 940 381 Fortunae
965 325 1137 380 forma
1160 327 1385 397 legenda
1412 344 1576 381 meae.

385 396 636 470 Cumque
661 399 870 460 locum,
907 415 1194 468 moresque
1219 400 1528 463 hominum,
1565 399 1878 466 cultusque,
1911 399 2232 474 sonumque3

455 470 772 530 Cernimus;
813 470 867 521 &
892 469 1023 539 quid
1065 468 1187 531 sim,
1227 470 1357 542 quid
1384 471 1684 542 fuerimque
1710 468 1875 530 subit;
2223 475 2227 477 ’

378 541 591 596 Tantus
615 558 762 595 amor
787 541 931 593 necis
956 541 1059 602 est,
1093 558 1284 612 querar
1311 557 1368 596 ut
1393 562 1518 599 cum
1544 542 1779 598 Caesaris
1805 543 1909 605 ira,

234 633 304 685 40

452 613 620 687 Quod
645 629 753 666 non
780 610 999 665 offensas
1024 611 1261 667 vindicet
1284 616 1404 668 ense
1429 615 1556 671 suas,

378 689 455 741 At
479 685 729 755 quoniam
754 682 913 737 semel
941 682 1014 736 est
1040 685 1170 737 odio
1197 686 1421 739 civiliter
1446 689 1590 753 υἷος,

449 758 669 812 Mutato
693 756 859 812 levior
882 755 942 811 fit
969 755 1094 829 fuga
1121 757 1293 812 nostra
1318 758 1460 815 loco‚

86 907 194 935 aurae
212 906 256 932 ex
273 894 394 944 fluviis
409 892 580 929 Liv.xxx.
593 901 648 941 54.
667 889 832 928 Frontin.
851 901 898 927 11.
919 903 963 928 11.
986 901 1019 936 7.
1040 896 1121 927 Aa·

87 961 128 984 ra
149 945 257 983 maris
278 947 366 983 Plin.
387 954 516 981 xxxvi.
537 954 597 980 22.
635 941 736 978 Curt.
759 952 809 977 xx.
839 952 875 987 9.
899 951 932 988 3.
968 942 1004 977 &
1037 942 1120 979 infi-

85 999 161 1036 nita
180 996 276 1034 talia.
303 996 348 1033 de
378 993 509 1043 quibus
538 992 583 1030 ad
613 991 765 1040 Quincl.
789 990 847 1028 lib.
870 1003 939 1028 xxx.
969 992 1015 1029 de
1035 992 1119 1031 Inst-

87 1048 187 1085 Orat.
217 1058 274 1085 10.
310 1047 439 1083 Amm.
462 1056 541 1081 xix.
568 1055 603 1089 4.
629 1055 734 1078 auras
763 1054 938 1092 aquasque
968 1042 1119 1081 vitiatas

84 1098 185 1136 dixit.
204 1096 252 1134 fic
272 1109 359 1144 ergo
378 1098 413 1133 in
429 1095 575 1143 Scythia
591 1094 736 1131 coelum
750 1093 911 1140 asperum
930 1121 939 1136 ‚
958 1093 1113 1142 rigidum

82 1149 121 1187 &
152 1147 287 1196 frigore
317 1144 604 1184 incommodum
638 1153 713 1180 erat
735 1171 745 1188 ,
783 1155 852 1180 nec
872 1144 1116 1183 conveniebat

82 1197 224 1236 Ovidio
242 1198 345 1235 molli
370 1197 493 1234 Italiae
517 1195 625 1232 coelo
649 1193 818 1231 adsueto:
848 1203 1030 1242 praeterea
1052 1207 1116 1233 au-

79 1260 139 1287 rae
157 1248 347 1285 insalubres
361 1275 371 1290 ,
399 1257 494 1296 quae
516 1245 727 1283 inficiebant
745 1247 827 1280 aera
842 1272 850 1287 ,
863 1244 923 1292 ipsi
939 1273 948 1288 ‚
962 1245 1023 1293 qui
1035 1257 1116 1283 cor,

79 1310 169 1348 pore
202 1300 304 1336 tenui
337 1299 374 1335 ὅς
404 1296 526 1346 gracili
556 1304 662 1339 erat,
698 1296 854 1332 minime
873 1304 976 1342 aptae
1000 1304 1114 1334 erant.

76 1350 168 1388 haec
186 1349 347 1393 faciunt,
376 1360 421 1385 ne
453 1348 587 1396 absque
614 1347 685 1383 ulla
707 1345 879 1382 codicum
901 1345 1116 1384 auctoritate

75 1401 294 1448 recipiamus
314 1398 523 1436 temerarias
539 1396 696 1434 nimium
722 1394 956 1444 conjecturas.
986 1396 1115 1434 Buum.

128 1463 192 1496 24.
217 1451 280 1487 Hei
301 1448 431 1496 mim]
480 1449 586 1485 Unus
608 1448 727 1484 Vatic.
746 1446 799 1484 Ei.
815 1445 889 1482 fine
907 1446 1115 1493 adspiratio·

76 1511 137 1540 ne.
165 1501 279 1538 Cxof.
307 1505 351 1536 Et
371 1498 460 1536 mila·
482 1499 590 1546 prim.
613 1497 784 1534 vatio&
805 1497 911 1544 prim.
929 1496 1111 1534 Palat.be-

75 1563 136 1590 ne.
174 1563 240 1600 pro
279 1559 412 1600 corpora
448 1560 540 1586 unus
572 1547 779 1585 Gallicanus
799 1574 811 1590 ,
850 1547 996 1595 pediam.
1030 1548 1112 1586 Art.

73 1602 165 1640 Am.
188 1615 231 1639 Π.

128 1655 222 1689 A'e're
244 1665 310 1688 non
332 1660 416 1688 certo
439 1657 570 1698 corpora
592 1648 734 1698 languor
751 1646 867 1686 habet.

68 1701 172 1748 Vide
195 1704 310 1740 Notas
332 1701 376 1739 ad
396 1701 504 1748 Epist.
526 1712 597 1737 xu.
621 1711 702 1743 ¹70·
731 1699 877 1736 Herus.

119 1764 179 1799 27.
211 1751 422 1801 Infamia]
463 1751 686 1798 Impotentia
707 1748 929 1788 dormiendi.
957 1749 1104 1789 Teren-

67 1803 137 1841 tius
157 1803 194 1840 in
216 1803 397 1841 Eunucho
418 1801 504 1838 Aet.
523 1812 570 1838 11.
591 1801 706 1837 Scena
726 1811 758 1839 1.

118 1859 218 1891 Nam
237 1863 299 1890 aut
308 1854 387 1902 jam
405 1860 592 1896 revertere,
619 1860 683 1888 aut
711 1862 792 1888 mox
818 1853 918 1888 matu
939 1860 973 1888 te
990 1850 1105 1900 adiget

245 1904 382 1952 horsum
400 1901 583 1950 infhmnia.

1233 905 1291 943 30.
1321 893 1469 945 Laestt.]
1525 894 1648 932 Laedit
1669 906 1773 933 unus.
1801 895 1872 933 vid.
1892 907 1944 933 vr.
1966 896 2054 935 Fast.
2080 909 2160 947 150.
2182 901 2221 939 δί

1176 957 1240 983 111.
1262 945 1343 983 Art.
1363 957 1445 991 70³-

1227 1007 1286 1044 32.
1314 1000 1428 1044 Caufa
1447 995 1605 1045 doloris]
1636 995 1775 1034 Laboris
1793 998 1857 1044 pri.
1877 997 1981 1035 Polit.
1996 999 2033 1036 δί
2056 1006 2125 1037 tres
2146 1001 2220 1039 aiii.

1175 1048 1320 1085 ΗειΝς.
1349 1046 1532 1096 Frequens
1554 1048 1680 1084 harum
1696 1059 1832 1085 vocum
1856 1049 2050 1092 confuli03
2078 1050 2135 1088 sed
2147 1063 2219 1100 pot

1171 1099 1240 1137 tius
1263 1096 1371 1134 dolor
1391 1097 1551 1147 querulas
1565 1124 1575 1140 ,
1601 1109 1711 1146 quam
1735 1098 1836 1135 labor
1854 1099 1997 1136 dicitur.

1227 1164 1286 1211 35.
1313 1163 1468 1210 Adstans
1483 1169 1651 1200 Fortunae
1663 1164 1783 1210 fbrma
1807 1162 1961 1200 videnda
1984 1163 2116 1212 meae]
2153 1170 2215 1201 Le-

1168 1214 1281 1261 genda
1304 1224 1456 1262 uterque
1484 1215 1592 1252 Polit.
1621 1216 1728 1261 prim.
1759 1214 1878 1250 Vatic.
1906 1214 2125 1261 plurimique
2156 1216 2216 1253 alii

1173 1275 1217 1301 ex
1246 1265 1467 1302 melioribus.
1498 1264 1700 1312 Hamburg.
1722 1264 1879 1313 lugenda.
1913 1264 2006 1300 Petri
2037 1264 2152 1300 Servii
2170 1266 2215 1303 li-

1173 1313 1235 1352 bet·
1254 1343 1264 1359 ‚
1292 1315 1428 1353 luenda.
1459 1327 1501 1352 an
1521 1343 1530 1359 ,
1558 1315 1715 1352 tuendae
1744 1327 1809 1363 pro
1831 1314 1996 1350 videnda.
2036 1323 2106 1351 tres
2126 1315 2184 1352 alii
2200 1343 2211 1360 ,

1172 1366 1339 1403 verenda.
1365 1366 1468 1415 quod
1499 1365 1610 1403 arrisit
1640 1365 1839 1402 Gronovio
1870 1366 1906 1401 in
1934 1363 2216 1402 Observationi-

1172 1413 1236 1453 bus
1254 1416 1314 1453 lib.
1337 1429 1383 1453 ιι,
1402 1429 1479 1466 cap.
1501 1427 1533 1464 3.
1561 1424 1748 1464 praeterea
1768 1415 1880 1460 adstat
1903 1414 2087 1452 meliores.
2126 1415 2210 1463 Ego

1172 1466 1216 1502 τὸ
1237 1466 1376 1515 legenaa
1395 1475 1522 1504 contra
1551 1466 1710 1514 optimas
1741 1465 1968 1502 membranas
1994 1476 2069 1501 non
2093 1465 2210 1503 aufim

1169 1515 1357 1555 damnare.
1385 1518 1543 1555 Videtur
1562 1517 1662 1554 enim
1684 1516 1729 1553 zd
1757 1515 1918 1553 edictum
1941 1514 2097 1551 Caesaris
2121 1515 2211 1553 allu-

1166 1566 1276 1611 dere,
1303 1580 1381 1617 quo
1410 1567 1623 1616 proscriptus
1654 1574 1728 1603 erat
1751 1594 1762 1610 ‚
1801 1565 1902 1614 quod
1924 1567 2066 1602 chartae
2089 1565 2210 1603 confi-

1164 1627 1317 1664 gnatum
1354 1618 1476 1655 secum
1512 1615 1668 1655 avexisse
1698 1617 1861 1654 nostrum
1901 1615 1949 1653 est
1985 1614 2208 1655 verosimile.

1163 1667 1313 1707 Hiems.
1342 1670 1494 1717 Legenda
1515 1670 1624 1706 etiam
1649 1667 1816 1704 Bernens.

1212 1742 1271 1780 37.
1299 1724 1582 1779 Cumquelocos]
1613 1728 1776 1777 Quidam
1796 1740 1841 1766 ex
1863 1728 2205 1773 veteribusdocumi

1160 1780 1328 1819 CIOFAN.
1359 1786 1483 1817 Locum
1505 1780 1634 1828 scripti.
1664 1779 1806 1816 Herus.
1856 1780 1976 1816 Lolum
2001 1780 2037 1816 in
2058 1779 2202 1817 duobus

1156 1840 1256 1877 erat,
1284 1833 1381 1869 forte
1401 1842 1467 1879 pro
1482 1830 1609 1878 solam.
1624 1831 1787 1878 sonosque
1799 1829 1886 1867 editi
1909 1829 2075 1878 quidam.

1207 1899 1266 1948 38.
1293 1896 1496 1948 Qn'dfim,
1525 1896 1649 1948 quien]
1689 1897 1763 1946 <glai
1784 1894 1868 1942 fim,
1897 1896 1957 1947 qui
1979 1897 2098 1936 multi.
2120 1898 2198 1949 quis

65 1954 135 1993 Sed
155 1954 333 1992 videndus
365 1953 412 1991 est
447 1952 600 1990 Carisius
629 1950 692 1990 lib.
714 1963 741 1988 1.
779 1951 933 1990 Institut.
965 1952 1099 1990 Gram-
1147 1948 1243 1997 stm,
1271 1952 1357 1998 quis.
1386 1950 1536 1987 Putean.

62 2006 189 2043 matie.
218 2005 385 2043 CIOFAN.
416 2009 550 2040 Vexant
572 2016 624 2040 me
644 2001 816 2048 insomnia
837 2002 945 2049 Junii.
965 2012 1100 2038 vexant

64 2055 266 2104 mefhmnia
295 2065 365 2092 tres
386 2055 477 2091 libri·
504 2053 563 2090 sed
592 2052 681 2090 nihil
704 2060 817 2089 muta.
844 2052 905 2090 hic
930 2064 1021 2090 vero
1043 2053 1100 2090 lo-

59 2117 121 2143 cus
139 2105 423 2143 controversiam
444 2105 537 2142 inter
560 2103 830 2141 Grammaticos
851 2111 994 2140 motam
1015 2103 1101 2140 diri-

61 2167 161 2194 mere
180 2155 294 2203 potest
310 2184 320 2198 ,
348 2156 411 2203 qui
441 2154 675 2201 infiaemniam,
701 2164 778 2190 non
795 2152 1006 2200 infhmm'um
1028 2153 1099 2190 dici

59 2206 132 2244 hoc
163 2206 262 2244 sensu
293 2204 535 2243 contendunt.
562 2204 622 2240 sed
649 2203 698 2240 ita
722 2203 760 2238 &
787 2204 950 2250 optimus
977 2203 1097 2241 codex

59 2256 312 2294 Memmianus
333 2254 427 2303 apud
451 2255 548 2291 Suet.
578 2252 694 2301 Calig.
718 2264 779 2299 50.
816 2253 1016 2290 vexabatur
1042 2255 1097 2291 in-

50 2307 205 2356 fhmm'o;
233 2319 308 2344 non
328 2304 511 2351 insomnia.
547 2304 652 2341 &ita
675 2303 771 2351 apud
799 2302 1021 2341 Terentium
1043 2304 1095 2341 le-

0 2411 1 2441 l
57 2408 126 2445 ulla
148 2408 362 2444 auctoritate
389 2405 628 2442 Bersmannus
650 2404 811 2459 conjecit
831 2431 840 2447 ‚
879 2405 938 2441 hic
967 2405 1089 2452 legen·
1149 2403 1355 2442 Latinitatis
1378 2403 1516 2441 auctor.
1542 2402 1674 2440 Euam.

57 2359 216 2406 gendum
243 2358 290 2394 est
315 2385 325 2400 ,
352 2355 489 2402 alligent
519 2353 692 2398 insomnia
714 2381 725 2397 ,
761 2365 839 2390 non
867 2354 993 2402 adiget.
1020 2353 1094 2392 fine

56 2458 144 2544 lcium
162 2486 170 2499 ,
200 2466 308 2544 Ἕκα
321 2469 373 2491 me
384 2454 566 2504 insomnia.
577 2465 666 2492 mox
679 2481 690 2499 ,
702 2466 767 2491 vtx
776 2454 890 2502 juvat
902 2467 960 2491 ora
972 2454 1092 2493 Com-

83 2518 194 2545 ranus.
254 2519 352 2544 uam,

1209 2011 1268 2049 39.
1295 2002 1435 2048 §Querar
1463 2011 1502 2036 ut
1543 2013 1621 2036 cum
1659 1997 1815 2047 Caesaris
1841 1996 1934 2046 ira.]
1988 1997 2137 2036 Rectius
2157 2000 2196 2038 in

1154 2051 1252 2089 aliis:
1282 2064 1407 2099 querar
1434 2060 1473 2087 ut
1503 2050 1544 2086 de
1570 2049 1728 2098 Caesaris
1756 2049 1821 2085 ira.
1858 2049 2029 2085 Cmrau.
2084 2050 2135 2086 lta
2156 2051 2196 2087 δε

1155 2101 1273 2139 Aldus
1288 2128 1298 2144 ‚
1312 2100 1496 2138 Bersman.
1511 2101 1548 2138 &
1577 2100 1649 2136 alii.
1676 2098 1736 2136 sed
1753 2098 1874 2136 nescio
1896 2110 1959 2137 cur
1980 2099 2111 2136 mutari
2131 2099 2196 2137 de-

1155 2151 1239 2189 beat
1256 2151 1516 2199 elegantissima
1536 2150 1677 2188 locutio
1691 2177 1701 2194 ,
1730 2157 1840 2197 quam
1865 2148 2012 2187 firmant
2030 2150 2119 2187 ultra
2139 2150 2193 2188 vi-

1153 2203 1244 2250 ginti
1267 2202 1436 2245 codices,
1465 2202 1500 2239 &
1522 2202 1659 2248 primae
1683 2199 1873 2237 editiones.
1902 2201 1988 2236 itai.
2003 2201 2094 2237 Met.
2109 2211 2193 2249 733.

1152 2265 1231 2289 cum
1249 2251 1344 2298 Jove
1363 2252 1441 2300 visa
1459 2254 1562 2301 queri.
1585 2264 1620 2288 x.
1643 2262 1725 2297 724.
1759 2249 1975 2298 &Questaque
1998 2252 2188 2295 cum-fatis,

1151 2303 1270 2340 Cicer.
1288 2315 1332 2340 11.
1356 2302 1462 2339 Verr.
1483 2313 1542 2351 23.
1569 2300 1679 2350 {Meri
1703 2314 1778 2338 cum
1803 2300 1946 2343 multis,
1976 2301 2027 2336 ita
2058 2311 2096 2336 ut
2117 2300 2187 2344 fit,

1148 2353 1340 2402 incipiunt,
1362 2353 1526 2390 &itaille
1543 2353 1776 2399 frequenter,
1796 2352 1832 2389 ὃ(
1851 2352 2012 2399 optimus
2033 2351 2187 2398 quisque

1198 2466 1257 2500 42.
1285 2454 1337 2489 Sit
1356 2454 1445 2502 fuga
1475 2451 1625 2502 nostra]
1689 2452 1742 2490 sit
1771 2463 1847 2490 mea
1879 2460 1985 2500 poena
2010 2449 2117 2488 Leid.
2144 2449 2183 2487 δε

1147 2505 1221 2543 Ms.
1240 2504 1375 2542 Berlin.

743 2650 1301 2719 ELEGIA
1396 2650 1513 2716 IX.

339 2809 398 2823 '⁴‘
482 2804 534 2860 Ic
567 2821 784 2877 quoque
807 2796 922 2860 sunt
949 2806 1109 2876 igitur
1136 2805 1328 2875 Grajae
1368 2805 1521 2875 <quis
1543 2803 1867 2873 crede1·et?)
1911 2803 2094 2868 urbe8‚

553 2878 695 2932 Inter
717 2878 1028 2933 inhumanae
1054 2882 1268 2934 nomina
1294 2877 1572 2932 barbariae.

104 3102 134 3130 1.
161 3091 224 3129 Hic
235 3092 453 3143 quoquesunt
473 3090 569 3129 urbes
580 3090 706 3140 Grajae
719 3119 729 3135 ‚
757 3090 832 3141 quis
851 3091 995 3130 crederet
1008 3095 1087 3129 uma

53 3155 157 3192 quam
170 3142 202 3191 ἓ]
232 3144 286 3181 Sic
306 3145 342 3181 in
367 3143 495 3181 Maffei
513 3145 552 3181 δε
569 3154 645 3180 uno
668 3143 789 3180 Vatic.
810 3144 845 3180 in
868 3145 939 3181 alio
962 3143 1084 3180 Vatic.

50 3192 118 3229 Hic
136 3205 261 3241 quoque
283 3193 368 3240 sunt
397 3194 502 3242 igitur
522 3195 651 3239 Grajae
665 3221 674 3237 ‚
702 3193 777 3242 quis
797 3193 940 3231 crederet
957 3222 965 3237 ,
988 3193 1086 3229 urbes

2044 2947 2176 3003 Huc:

1140 3090 1255 3129 Andr.
1275 3100 1321 3126 11.
1349 3100 1380 3135 ς.
1409 3092 1527 3136 Neque
1539 3087 1610 3134 zstic
1623 3116 1632 3134 ‚
1645 3102 1749 3139 neque
1767 3087 1851 3125 alibi
1874 3100 2019 3137 usquam
2033 3086 2097 3124 tibi
2118 3086 2183 3123 erit

1141 3143 1177 3179 in
1198 3154 1251 3177 me
1271 3152 1384 3176 moras
1398 3140 1535 3177 Heaut.
1554 3152 1598 3176 11.
1621 3152 1653 3187 3.
1672 3141 1758 3176 Hinc
1773 3139 1852 3185 sciri
1868 3139 1978 3187 potuit
1991 3166 2000 3183 ‚
2031 3148 2090 3174 ant
2104 3150 2185 3173 nas-

1143 3205 1250 3242 quam
1278 3189 1374 3226 alibi.
1423 3190 1600 3228 AUCTOR
1620 3191 1830 3227 ELLCTOR.
1860 3190 2067 3226 ETONst.
2091 3186 2186 3233 fiunt

52 3247 165 3286 Inter,
195 3253 263 3281 cac.
292 3243 402 3280 Cror.
450 3244 593 3281 Verum
616 3244 732 3292 potest
749 3242 842 3287 effe,
872 3245 937 3281 Hic
958 3256 1087 3292 queque
1143 3242 1240 3279 urbes
1275 3242 1403 3287 Grajae
1429 3242 1505 3288 quis
1535 3241 1663 3277 credere
1691 3241 1787 3289 poſjet
1822 3241 1959 3279 Moret.
1979 3240 2014 3277 ἃ
2035 3238 2093 3275 sex
2110 3235 2184 3276 alii,

46 3290 130 3340 fiant
157 3305 306 3341 usquam
330 3294 456 3342 Grajae
473 3295 593 3346 (qa.)
622 3293 820 3347 ngeqinrer
833 3306 907 3349 ve.
935 3295 1080 3346 Terent
1134 3294 1173 3332 ὃ(
1197 3291 1294 3334 Edit.
1315 3291 1457 3345 Micyll.
1479 3292 1621 3345 Gryph3
1641 3293 1679 3331 ὃς
1699 3293 1802 3341 aliae.

222 3346 317 3395 istm?
343 3349 409 3394 HJ!

1310 3341 1437 3392 hece
2056 3338 2184 3384 91²⁶:
