2495 3675
175 197 237 246 16
705 184 1249 245 P.OV1D11

1321 181 1853 242 NASONIS

465 300 624 357 Tum
652 303 830 358 blandi
857 304 988 358 soles
1015 323 1025 356 :
1065 304 1356 374 ignotaque
1380 298 1564 373 prodit
1588 298 1855 363 hirundo;

550 374 621 429 Et
652 378 854 431 luteum
879 377 1015 430 celsa
1042 375 1132 428 sub
1157 375 1305 427 trabe
1330 374 1484 443 fingit
1509 389 1665 444 opu&

475 447 625 503 Tum
652 450 846 518 patitur
872 449 1043 502 cultus
1068 464 1220 518 ager,
1259 445 1315 499 δε
1339 459 1627 498 renovatur
1650 456 1840 498 aratrO.

339 525 438 576 160

549 522 706 575 Haec
740 522 859 576 anni
887 520 1092 574 novitas
1110 519 1227 590 jure
1251 516 1495 571 vocanda
1517 516 1635 571 fuit.

479 593 821 666 Quaesieram
846 592 1021 645 multis
1049 609 1061 646 :
1102 609 1213 645 non
1237 590 1415 644 multis
1443 589 1531 643 ille
1553 601 1788 644 moratus
1805 631 1817 651 ‚

554 666 799 720 Contulit
828 666 882 718 in
908 664 1084 718 versus
1113 665 1180 718 sic
1205 663 1291 717 sua
1315 662 1477 717 verba
1501 661 1653 716 duos,

480 739 677 793 Bruma
701 738 827 792 novi
851 738 1020 809 prima
1045 741 1144 801 est,
1183 737 1486 808 veterisque
1512 733 1790 788 noviffima
1818 733 1981 790 Solis:

550 810 880 882 Principium
908 811 1122 882 capiunt
1153 808 1401 863 Phoebus
1429 807 1482 862 &
1510 824 1674 861 annus
1701 805 1862 861 idem.

341 889 436 952 16,-
478 882 596 936 Post
624 900 684 936 ea
710 882 964 946 mirabar,
1002 901 1097 936 cur
1122 899 1231 937 non
1259 881 1365 935 fine
1393 880 1567 935 litibus
1595 878 1725 934 effet

558 955 733 1011 Prima
769 956 899 1011 dies.
933 955 1180 1011 Cauffam
1206 955 1451 1026 percipe,
1483 953 1643 1024 Janus
1671 952 1757 1006 ait.

186 1180 273 1214 nes,
300 1168 417 1206 amici.
444 1179 672 1218 quamquam
701 1169 862 1208 Horatio
885 1170 1000 1208 dietus
1020 1168 1155 1205 amicus
1175 1167 1234 1204 vi-

189 1220 282 1257 tibus
311 1219 442 1256 Aulon.
472 1218 587 1265 vestiri
613 1219 721 1259 ulmos
749 1219 883 1256 vitibus
910 1219 1118 1258 Columella
1141 1218 1234 1256 dixit

192 1271 286 1308 libro
303 1282 341 1307 v.
367 1282 445 1318 cap.
463 1271 496 1308 6.
530 1271 565 1306 δέ
586 1269 645 1307 lib.
677 1283 739 1308 111.
770 1282 847 1319 cap.
869 1284 904 1318 4.
930 1275 1072 1319 Agrum
1101 1267 1236 1306 vitibus

190 1320 322 1368 vestire.
351 1321 539 1360 Orientius
559 1320 889 1359 commonitorio:

243 1376 398 1420 Campus
418 1373 511 1420 messe
529 1371 641 1415 viret,
669 1371 814 1419 vestitur
827 1372 972 1415 palmite
993 1371 1108 1416 collis,

293 1422 428 1460 Arbore
446 1423 584 1471 diversa
607 1422 710 1458 mitia
724 1436 826 1472 poma
847 1423 957 1460 metis.

191 1472 253 1511 ubi
269 1482 370 1522 poma
389 1474 468 1522 legis
489 1475 627 1510 malim.
655 1473 740 1510 vide
758 1485 854 1522 quae
866 1484 1038 1512 notamus
1052 1469 1237 1510 Remedio

192 1525 380 1561 Amorum
399 1524 454 1567 fils.
480 1537 559 1573 195·
587 1523 687 1561 idem
710 1525 922 1562 Orientius:

244 1577 345 1623 (glun
356 1575 474 1621 stabat
493 1588 643 1611 moerens
662 1575 786 1624 decuffo
802 1575 950 1625 palmite
970 1574 1058 1612 vitis

297 1627 441 1669 Vestitus
454 1626 552 1671 foliis
564 1653 575 1670 ,
599 1625 788 1672 frondibus
807 1626 984 1664 induitur.

191 1675 290 1764 givos
309 1677 420 1714 etiam
440 1678 604 1726 quinque
626 1676 797 1714 meliores
820 1687 906 1715 cum
927 1675 1045 1727 prim-a
1065 1674 1240 1714 editione,

241 1740 342 1765 ems.

249 1788 329 1825 554,
360 1777 505 1815 Seminis
527 1777 669 1828 herba.]
699 1778 884 1816 Graminis
903 1778 1140 1826 Junianus.ut
1152 1778 1240 1816 Vir-

195 1828 256 1878 gil.
282 1829 358 1867 Ecl.
383 1841 418 1866 v.
440 1830 496 1866 26.

490 1886 561 1916 Nec
577 1881 750 1930 graminis
772 1880 892 1929 attigit
912 1880 1056 1918 herbam

197 1931 285 1968 Liv.
306 1943 331 1968 1.
351 1943 408 1975 24.
440 1931 579 1968 Fecialis
597 1946 638 1968 ex
651 1946 726 1969 arce
742 1932 914 1981 graminis
938 1931 1082 1969 herbam
1104 1931 1243 1970 attulit.

196 1982 274 2069 Eid.
295 1983 333 2020 ὃς
355 1982 484 2020 Claud.
503 1982 570 2020 bel.
590 1983 676 2021 Get.
692 1996 770 2031 ¹47·
797 1982 920 2032 ibique
934 1983 1102 2022 Barth.&
1116 1983 1243 2021 Heius.

231 2046 329 2071 unm.

252 2095 334 2132 155.
363 2083 560 2133 Malana]
590 2085 771 2134 Complent
801 2085 941 2122 Moreti
962 2096 1055 2123 unus
1077 2086 1115 2123 δε
1135 2085 1246 2131 Junii.

199 2134 342 2183 miscent
369 2135 470 2174 alius.
499 2136 559 2174 sed
585 2137 678 2175 nihil
708 2144 824 2174 muta.
852 2136 900 2174 est
919 2137 1080 2175 imitatio
1101 2137 1246 2185 Virgilii

198 2184 260 2222 lib.
281 2198 351 2223 vix.
375 2197 431 2234 34.

216 2273 219 2276 ,
250 2238 410 2274 Aethera
433 2237 630 2275 mulcebant
650 2248 758 2275 cantu
773 2266 782 2283 ,
811 2237 949 2287 lucoque
969 2238 1151 2276 volabant.

199 2285 262 2324 ubi
282 2288 366 2325 vide
385 2298 715 2327 commentatores.
732 2289 891 2338 complere
918 2293 1003 2327 aera
1023 2291 1138 2338 magis
1157 2287 1247 2329 dici-

196 2343 256 2374 tur
287 2338 332 2375 de
358 2341 460 2388 gravi
488 2341 525 2377 &
544 2340 700 2390 querulo
727 2352 840 2390 quam
873 2339 1008 2378 blando
1037 2341 1142 2378 sono.
1172 2341 1248 2381 vid.

200 2386 262 2425 lib.
283 2400 336 2426 vr.
367 2402 452 2439 513·
476 2402 556 2428 xw.
579 2393 672 2429 Met.
695 2403 780 2441 537.
806 2392 936 2429 Buram.

253 2440 334 2487 158.
362 2445 409 2476 Et
437 2441 572 2478 luteum
601 2443 686 2490 celsa
707 2442 777 2490 sub
795 2441 983 2491 trabefigit
1001 2442 1121 2492 opus.]
1151 2444 1250 2492 Qui·

200 2487 284 2526 dam
299 2518 310 2534 ,
339 2491 456 2528 nectit.
482 2494 683 2540 quomodo
703 2495 836 2531 Amor.
857 2504 884 2530 1¹
907 2493 1011 2541 Eleg.
1031 2506 1109 2532 xxv.

252 2545 345 2576 Cum
366 2541 440 2578 leve
457 2542 591 2590 deserui
601 2542 670 2591 sub
694 2542 790 2579 trabe
808 2543 912 2578 neblit
928 2552 1019 2589 opus.

204 2587 263 2625 sed
292 2590 365 2626 illic
391 2592 436 2626 de
467 2594 539 2629 tela
569 2605 781 2630 aranearum
811 2593 940 2640 agitur.
972 2593 1188 2632 Petavianus
1212 2595 1252 2632 &

207 2638 313 2675 multi
350 2639 407 2676 alii
428 2668 438 2682 ,
479 2641 595 2688 fingit.
631 2644 735 2688 quod
763 2642 925 2687 impe-nse
952 2642 1094 2678 arridet.
1131 2644 1251 2680 Lutea

205 2690 304 2726 enim
335 2702 445 2737 opera
473 2691 618 2739 proprie
647 2689 737 2738 fingi
765 2691 946 2727 dicuntur.
972 2691 1058 2726 hinc
1084 2691 1188 2737 figuli
1214 2694 1253 2729 ὃς

197 2738 362 2827 figlulina.
387 2740 465 2790 quo
495 2741 659 2779 alludunt
687 2741 746 2779 illa
777 2740 907 2779 veteris
940 2742 1075 2788 poetae
1099 2741 1144 2778 de
1166 2741 1250 2778 Vir-

205 2801 241 2839 gi
259 2802 295 2828 10
309 2817 319 2835 ,

261 2859 361 2868 ·——
390 2841 501 2889 Figuli
515 2841 644 2890 fhboles
661 2855 752 2879 nova
773 2841 931 2878 carmina
942 2840 1068 2889 finxit.

206 2891 369 2929 fimilirer
401 2894 438 2928 ὃς
469 2904 571 2930 cerea
603 2905 726 2941 opera.
752 2893 914 2941 apposite
942 2895 979 2929 δε
1011 2892 1176 2940 apprime
1206 2892 1251 2930 ad

207 2954 284 2980 rem
318 2944 435 2979 Varro
467 2944 568 2988 ταφῇ
597 2945 798 2981 Μενίππου.
827 2954 867 2980 ut
885 2943 1091 2979 hirundines
1104 2941 1251 2991 singulis

208 2993 321 3029 oblitis
345 2993 418 3029 luto
438 2994 569 3042 tegulas
582 2993 761 3042 fingebant
779 3022 787 3037 ‚
817 2994 913 3043 apud
934 2995 1034 3043 Non.
1061 2994 1096 3030 in
1111 2993 1250 3042 fingere.

205 3044 267 3081 ubi
287 3045 419 3091 opinor
439 3044 666 3082 scribendum
681 3072 691 3088 ,
721 3048 763 3081 Ut
775 3044 981 3082 hirundines
1002 3044 1107 3091 tignis
1118 3045 1193 3091 (vel
1204 3045 1250 3081 ti-

206 3094 315 3142 gillis)
340 3095 453 3132 oblitis
473 3095 559 3134 luto.
588 3095 722 3133 Plinius
741 3096 803 3133 lib.
826 3109 876 3133 xi.
901 3107 959 3133 22.
987 3092 1032 3131 de
1056 3094 1249 3143 bombyci-

209 3146 284 3183 bus.
314 3146 421 3182 Nidos
439 3147 513 3182 luto
524 3146 666 3195 fingunt
678 3175 688 3191 ,
708 3147 797 3195 salis
807 3145 913 3195 specie
932 3145 1038 3193 lapidi
1054 3145 1246 3192 applicatos.

207 3196 301 3243 apud
324 3198 516 3246 Virgilium
537 3209 620 3245 apes
644 3198 804 3233 Daedala
821 3197 948 3245 fingere
968 3198 1057 3232 tetta
1075 3196 1246 3234 dicuntur

202 3245 225 3284 1.
248 3259 298 3284 ιν.
321 3248 458 3296 Georg.
483 3259 562 3294 179.
584 3250 620 3284 &
641 3248 777 3285 ibidem
799 3248 844 3285 de
865 3247 992 3284 iisdem
1007 3275 1016 3289 ,
1044 3245 1099 3287 ios.
1125 3258 1211 3287 202.

251 3298 430 3346 Sufficiunt
450 3299 619 3347 aulasque
636 3309 679 3337 ΕΤ
702 3312 792 3336 cerea
811 3301 901 3337 tella
922 3296 1107 3347 refingunt.

2162 1026 2339 1088 Tem-

1289 1167 1386 1206 male
1417 1164 1628 1210 Salmasius,
1664 1162 1824 1213 refigunt.
1862 1163 1997 1203 Cicero
2033 1166 2202 1213 Officiis,
2226 1169 2288 1208 lib.
2313 1183 2342 1209 1.

1289 1231 1346 1265 44
1373 1222 1495 1266 Apum
1513 1218 1681 1254 examina
1700 1229 1769 1252 non
1783 1215 2027 1266 fingendorum
2038 1220 2216 1263 favorum
2237 1221 2345 1270 caulei

1290 1277 1537 1316 congregantur
1559 1283 1570 1303 :
1598 1267 1663 1315 sed
1689 1280 1765 1304 cum
1794 1267 2042 1317 congregabilia
2079 1281 2212 1308 natura
2235 1270 2309 1320 sim
2327 1300 2339 1316 ,

1283 1318 1427 1367 fingunt
1441 1318 1561 1364 favos.
1587 1318 1704 1366 potest
1726 1328 1851 1356 tamen
1875 1319 1913 1357 ὅ(
1929 1319 2074 1367 vulgata
2088 1320 2258 1370 scriptura
2269 1324 2343 1361 fer-

1292 1370 1332 1407 ri.
1354 1377 1457 1406 vetus
1478 1369 1592 1405 Poeta
1611 1367 1708 1416 apud
1727 1367 1897 1407 Servium
1918 1370 1957 1408 in
1975 1369 2209 1411 Centimetro
2223 1401 2236 1419 ,

1344 1424 1449 1455 Sonat
1469 1418 1546 1455 alta
1568 1419 1666 1455 trabe
1680 1417 1778 1466 fixus
1795 1418 1859 1456 tibi
1875 1420 1988 1458 nidus.
2016 1422 2162 1461 Hfims.

1349 1482 1430 1518 159.
1459 1474 1547 1505 Tum
1561 1469 1699 1517 patitur
1717 1468 1831 1506 cultus
1849 1470 1967 1520 agen]
1997 1472 2087 1509 Non
2105 1474 2266 1523 agnosco
2276 1475 2338 1514 hic

1294 1531 1470 1560 numeros
1493 1519 1711 1557 Ovidianos.
1739 1519 1850 1557 Forte
1872 1521 2125 1568 scribendum,

1350 1577 1446 1609 Tunc
1472 1570 1605 1608 cultum
1621 1569 1779 1620 patietur
1803 1584 1881 1620 ager
1901 1583 2089 1611 renovatus
2109 1585 2243 1614 aratro.

1297 1623 1414 1662 IDEM.

1354 1686 1436 1723 159.
1462 1673 1639 1723 Aratro.]
1669 1672 1820 1710 Arando
1842 1673 1942 1719 Junii
1966 1675 2004 1712 δε
2022 1686 2115 1714 unus
2136 1676 2293 1716 Hcinfii.

1350 1727 1431 1764 160.
1459 1724 1602 1773 Anmss]
1625 1730 1740 1761 vAnno
1762 1723 1867 1760 Voff.
1887 1725 1924 1762 ὃς
1945 1725 2003 1762 sex
2019 1726 2088 1763 alii.

1349 1777 1430 1826 163.
1458 1774 1630 1824 Bruma.]
1693 1774 1892 1812 Solstitium
1951 1775 2110 1814 hiemale
2158 1777 2348 1827 fignificat.

1297 1827 1467 1866 C10FAN.
1495 1825 1594 1863 Bene
1626 1823 1803 1863 Gloss‘ae:
1831 1831 1990 1871 Bruma,
2027 1828 2180 1874 πλείοις,
2213 1835 2346 1877 τροπὴ,

1296 1881 1489 1926 χειμερινὴ.
1517 1878 1695 1914 NEAPOL.

1353 1943 1433 1992 κός.
1460 1940 1573 1990 postea
1597 1938 1795 1991 mirabar.]
1826 1940 1954 1990 Lege,
1976 1941 2351 1991 scitaoar.ficnb.1v.
2382 1937 2386 1940 “
2421 1935 2423 1937 ’

1300 2007 1316 2034 1
1355 2007 1384 2034 1·

1322 2008 1412 2098 9Da
1428 2061 1490 2098 dea
1504 2087 1514 2104 ‚
1543 2073 1631 2111 quas
1646 2059 1748 2108 [citer
1760 2087 1770 2103 ,
1798 2057 1914 2097 debias
1932 2058 2092 2108 Cybeleia
2110 2068 2237 2110 neptes.

1301 2121 1351 2158 ita
1374 2124 1474 2160 enim
1500 2124 1539 2161 ὅ(
1556 2123 1628 2160 illic
1646 2121 1695 2160 est
1716 2121 1958 2159 scribendum.
1992 2121 2135 2156 Heius.
2166 2122 2353 2162 Cuibono

1301 2171 1384 2209 sana
1405 2174 1444 2211 δε
1460 2172 1574 2222 proba
1598 2170 1767 2210 mutare?
1787 2171 1914 2209 mirari
1932 2170 2032 2207 enirn
2046 2170 2110 2214 est,
2128 2172 2354 2223 interrogare

1301 2223 1402 2270 gestu
1424 2224 1586 2261 mirantis
1608 2225 1645 2261 ὃς
1663 2223 1802 2268 verbis,
1830 2233 1925 2272 quae
1943 2220 2139 2259 ostendunt
2160 2236 2227 2261 nos
2242 2236 2351 2263 reve-

1302 2275 1371 2311 reri
1404 2286 1445 2312 ea
1473 2276 1512 2312 &
1549 2275 1695 2318 mirari,
1722 2285 1818 2323 quae
1845 2272 2062 2320 antiquitate
2081 2271 2142 2310 sua
2163 2274 2288 2312 latent.
2311 2284 2353 2314 ut

1304 2323 1434 2363 Livius
1464 2336 1568 2363 xxvi.
1596 2337 1653 2362 22.
1690 2324 1849 2361 Eludant
1880 2335 1972 2359 nunc
1991 2321 2141 2373 antiqua
2171 2325 2354 2365 mirantes.

1303 2375 1390 2414 vide
1414 2376 1549 2425 Cuper.
1570 2388 1616 2414 11.
1640 2375 1726 2415 Obs.
1746 2389 1774 2414 1.
1799 2375 1932 2413 Euam.

1361 2441 1442 2488 165.
1467 2445 1544 2478 Cur
1575 2452 1641 2477 non
1662 2437 1739 2489 fine
1766 2439 1885 2477 litibus
1913 2434 2029 2488 effet.]
2066 2437 2239 2477 Kalendis
2265 2449 2354 2486 ergo

1303 2489 1481 2537 Januariis
1510 2492 1576 2528 fari
1603 2491 1757 2533 licebat;
1787 2493 1826 2529 ὅ(
1854 2492 1969 2528 moris
1995 2496 2093 2532 erat,
2121 2498 2162 2527 ut
2182 2490 2355 2537 quicum-

1305 2552 1379 2588 que
1410 2553 1544 2578 munus
1568 2551 1631 2578 aut
1657 2549 1772 2578 artem
1799 2541 1959 2586 aliquam
1986 2548 2197 2583 exerceret,
2226 2539 2357 2577 leviter

1307 2601 1354 2627 eo
1386 2590 1445 2627 die
1465 2590 1602 2638 aliquid
1622 2589 1770 2634 libaret,
1798 2589 1944 2638 auspicii
1965 2588 2088 2626 saltem
2110 2587 2248 2627 caussa:
2269 2600 2356 2635 pro-

1306 2648 1431 2686 pterea
1471 2640 1570 2676 hunc
1602 2639 1701 2676 diem
1742 2648 1883 2677 veteres
1911 2647 2091 2676 vocarunt
2117 2638 2353 2686 auspicialem.

1309 2689 1575 2736 Panegyristes:
1610 2689 1716 2724 illum
1747 2701 1867 2726 tamen
1893 2689 2049 2738 primum
2071 2688 2280 2736 Consulatus
2300 2691 2358 2727 tui

1307 2738 1511 2786 auffoicaIem
1532 2738 1623 2775 diem
1644 2739 1770 2775 tacitus
1786 2739 1970 2787 praeterire
1988 2737 2084 2774 nullo
2105 2739 2352 2788 modopoſjum;

1307 2801 1373 2837 quo
1399 2798 1439 2824 tu
1460 2788 1555 2835 filus
1584 2789 1740 2826 omnium
1763 2792 1952 2836 consecutus
1971 2802 2002 2825 es
2017 2815 2026 2832 ,
2055 2798 2095 2824 ut
2109 2790 2199 2840 quod
2220 2800 2354 2839 tempus

1308 2849 1414 2874 antea
1432 2839 1634 2888 incipiendis
1651 2840 1895 2877 tantummodo
1918 2839 2016 2876 rebus
2029 2848 2150 2887 aptum
2174 2840 2231 2889 effie
2251 2842 2353 2879 vide-

1307 2888 1413 2925 batur
1433 2917 1443 2933 ,
1480 2899 1564 2926 tunc
1589 2890 1744 2938 primum
1768 2890 1917 2940 potuerit
1936 2888 2092 2937 sufficere
2117 2892 2348 2939 peragendi53

1307 2952 1441 2989 unoque
1451 2939 1505 2988 fhl
1523 2940 1689 2977 curriculo
1709 2952 1752 2980 (φ
1771 2940 1878 2987 officia
1898 2950 1930 2976 te
1951 2941 2106 2988 Consulis
2127 2941 2350 2978 inchoantem

1307 2989 1461 3034 videret,
1489 3002 1533 3029 <9⁶
1554 2991 1770 3039 Imperatoris
1791 2991 2000 3040 implentem.
2030 2991 2129 3028 Bene
2147 2992 2351 3042 incipiendis

1304 3041 1429 3077 rebus:
1465 3041 1550 3089 quia
1587 3043 1684 3079 leves
1715 3041 1895 3091 quaedam
1927 3043 1967 3078 δε
1994 3041 2183 3079 tralatitiae
2210 3043 2350 3081 cauffae

1304 3091 1461 3140 proponi
1483 3091 1666 3135 solebant,
1695 3092 1829 3130 ominis
1848 3092 2005 3133 intuitu,
2033 3099 2074 3129 ut
2095 3092 2181 3130 dixi.
2211 3093 2269 3130 Ad
2286 3095 2349 3132 has

1302 3142 1566 3192 superstitiones
1596 3143 1645 3180 sui
1675 3143 1719 3180 ab
1745 3144 1901 3192 antiquis
1919 3143 2030 3180 habiti
2051 3143 2187 3187 libelli,
2216 3144 2346 3193 quibus

1301 3205 1442 3231 nomen
1466 3192 1746 3239 καλανδολό-γιει.
1774 3195 1834 3243 qui
1858 3192 1982 3241 postea
2005 3194 2134 3237 vetiti,
2164 3195 2348 3242 utcolligo

1302 3257 1346 3282 ez<
1370 3245 1584 3293 Nicephoro
1607 3243 1865 3293 Homolobetfi
1887 3245 1922 3281 in
1946 3244 2090 3281 Canon.
2120 3245 2348 3285 Τῆνίιποκιὶ-

1299 3294 1408 3338 Attilae
1433 3297 1496 3333 τοῦ
1528 3297 1697 3341 Παύλου,
1725 3298 1788 3335 καὶ
1809 3297 1860 3333 rte
1881 3295 2062 3341 λεγόμεντι
2082 3295 2321 3342 βροντολὸγιοε
2337 3324 2348 3338 ,

2285 3359 2348 3382 και
