2495 3675
284 181 350 235 ὥ
739 160 1291 220 P.ovtD11

247 198 274 253 (J)

1350 122 1892 221 NAsoNts

397 285 494 344 935
537 269 691 325 Tura
717 267 852 324 focis
879 264 1172 336 vinumque
1201 261 1387 323 dedit,
1429 260 1690 332 fibrasque
1717 261 1977 332 bidentis,

611 340 928 413 Turpiaque
956 338 1245 392 obscaenae
1273 333 1578 405 (vidimus)
1619 347 1744 389 exta
1775 338 1932 392 canis,

540 416 692 471 Turn
719 414 878 476 mihi,
916 411 1031 465 Cur
1059 409 1217 464 detur
1242 409 1397 464 sacris
1420 425 1558 462 nova
1584 407 1824 471 vicima,
1863 411 2109 481 quaeris?

619 486 1028 559 (Quaesieram)
1070 481 1293 536 cauffam
1320 481 1563 553 percipe,
1601 479 1816 536 Flamen
1839 481 1941 536 ait:

540 562 635 618 Est
657 561 798 615 canis
841 561 862 627 (
880 555 1106 610 Icarium
1132 555 1355 622 dicunt)
1397 571 1508 627 quo
1533 553 1701 609 fidere
1724 569 1880 609 moto

399 655 504 709 9w

302 913 388 953 932.
416 896 590 947 Solvere.]
643 895 791 934 Reddere
817 893 983 938 Moreti,
1007 889 1136 930 Ambr.
1155 891 1194 930 &
1221 897 1304 929 tres.

251 955 328 994 vid.
347 964 410 990 111.
434 950 530 987 Met.
557 948 636 987 161.

253 1022 646 1116 deficiismPWSeiraduidz
666 1014 830 1110 iidata]
850 1078 928 1104 non
959 1065 1089 1103 verius.
1125 1063 1304 1101 Neapor.

253 1121 320 1160 Ad
341 1120 505 1157 dextram
537 1117 698 1167 agnoscit
732 1116 928 1173 Priscianus
953 1116 1013 1154 lib.
1037 1129 1090 1172 vr.
1111 1127 1191 1163 pag.
1217 1113 1302 1152 681.

254 1181 295 1209 at
314 1171 440 1208 dextra
461 1168 583 1207 Ursini
605 1170 643 1206 ὃ(
668 1167 743 1206 duo
762 1168 831 1205 alu.
860 1168 1009 1205 Hems.
1035 1166 1183 1204 Vidn.
1210 1165 1306 1203 Met.

255 1234 319 1272 25.
340 1222 379 1260 &
400 1233 463 1258 111.
491 1221 571 1258 161.

307 1293 395 1331 933.
424 1286 462 1318 A
492 1281 619 1319 dextra
648 1280 746 1318 villis
774 1279 926 1318 mantele
955 1278 1120 1329 fidutia]
1187 1279 1308 1318 Manu

255 1331 385 1372 dextra
402 1330 566 1370 sacerdos
598 1332 658 1370 ille
679 1332 878 1380 Quirinalis
898 1343 980 1368 cum
1006 1329 1130 1379 patera
1146 1330 1186 1368 ὃς
1209 1341 1308 1368 acer-

255 1383 294 1423 ra
312 1383 475 1432 gestabat
496 1383 652 1421 linteum
686 1383 819 1432 mappa
841 1381 1110 1431 longiusculum
1125 1409 1135 1426 ,
1163 1391 1310 1430 tergen-

264 1433 319 1472 dis
349 1435 516 1471 manibus
551 1432 700 1482 peracto
734 1433 918 1472 sacrificio.
971 1432 1129 1469 Mantele
1163 1433 1312 1470 Graecis

259 1486 518 1538 χειρόμοικτςον.
584 1485 692 1527 Iulius
725 1485 885 1523 Pollux:
924 1481 1040 1522 Λοίσιοι
1068 1484 1087 1534 5
1117 1483 1246 1523 chelam
1265 1482 1313 1522 ‘ru‘

260 1539 380 1592 μελλὲς
408 1541 532 1590 ἔχοντα
564 1538 803 1591 χειρόμακτςφ
823 1569 835 1589 ,
875 1540 914 1580 ῶς
943 1537 1007 1578 >snex
1035 1540 1064 1577 «θ
1091 1537 1308 1583 ὃκσύτητῶυ,

258 1594 320 1637 ὅςε
347 1595 416 1635 §Seu
434 1593 541 1640 κωλύέ
559 1593 621 1637 τοὶς
639 1595 879 1646 ὀνομιιζομένιις
897 1595 1067 1644 μαντέλοις
1087 1590 1154 1632 iiras
1183 1598 1312 1637 καλεῖν.

257 1650 379 1687 Varro
399 1651 459 1688 lib.
478 1662 514 1687 v.
542 1650 587 1686 de
616 1650 661 1687 L.
687 1654 730 1685 1,.
760 1649 1000 1691 manutium,
1033 1647 1131 1698 quast
1147 1659 1310 1685 manute-

259 1701 378 1745 riusn,
408 1701 467 1737 ubi
499 1712 626 1737 manus
657 1709 850 1749 terguntur.
906 1697 1052 1736 Gloffae
1073 1711 1199 1747 parum
1225 1711 1307 1748 pro-

257 1752 361 1799 prie,
389 1759 517 1799 mappa
539 1778 549 1794 ,
585 1752 843 1797 χειρόμακτρον
863 1763 872 1787 :
915 1761 1001 1787 nam
1023 1759 1145 1799 mappa
1164 1759 1307 1788 tantum

258 1802 316 1839 ori
337 1802 532 1839 serviebat:
561 1801 672 1839 breve
694 1801 850 1838 linteum
868 1828 877 1844 ,
906 1800 1010 1848 quod
1021 1801 1202 1839 conviviis
1213 1802 1311 1850 quis-

259 1863 335 1902 que
355 1861 507 1889 vocatus
529 1849 548 1888 ὲ
569 1851 687 1890 domo
710 1850 770 1889 sua
790 1851 940 1889 ferebat.
977 1851 1230 1889 Confunditur
1255 1859 1310 1889 ta-

260 1914 350 1941 men
370 1902 468 1951 apud
496 1914 628 1940 omnes
656 1913 788 1951 mappa
818 1913 905 1939 cum
938 1902 1090 1940 manteli
1111 1930 1122 1947 ,
1151 1903 1310 1940 mantele

263 1965 349 1992 cum
376 1951 520 2002 mappa.
547 1952 637 1990 istud
658 1954 767 1991 etiam
790 1953 914 2000 paffim
939 1952 1143 1991 mensarum
1169 1954 1312 2002 integu-

268 2013 454 2042 mentum.
481 2004 656 2043 Martialis
677 2004 715 2042 in
746 2004 1023 2053 Epigrammate
1039 2031 1051 2049 ,
1071 2004 1130 2042 cui
1152 2004 1314 2050 lemma,

267 2059 427 2104 Gausapa
440 2083 450 2100 =
478 2054 536 2091 vel
556 2054 730 2092 mantele.-

880 1014 923 1053 In
944 1013 1016 1052 alio
1030 1041 1040 1058 ‚
1070 1017 1235 1050 Duxerat
1256 1010 1307 1048 ad

317 2137 480 2176 Nobilius
508 2136 631 2185 villosa
651 2147 770 2185 tegant
794 2135 858 2173 tibi
879 2135 987 2173 lintea
1009 2135 1133 2172 citrum
1148 2152 1160 2173 .-

370 2187 517 2225 Orbibus
535 2189 574 2225 in
593 2187 710 2236 nostris
732 2187 877 2225 circulus
896 2187 952 2235 esse
965 2187 1078 2236 potest.

263 2265 475 2316 Spartianus
495 2268 534 2305 in
564 2266 810 2315 Heliogabalo
832 2279 840 2302 z
878 2263 1051 2302 Exhibuit
1065 2263 1226 2312 parafitis
1247 2278 1315 2302 coe-

268 2331 331 2355 nas
353 2319 393 2355 de
413 2318 560 2363 vitreis,
585 2329 630 2358 (9'
651 2329 916 2365 nonnumquam
946 2325 995 2350 tot
1020 2316 1115 2365 pidia
1144 2315 1315 2353 mantelia

264 2369 303 2406 in
316 2370 470 2418 mensam
483 2369 647 2406 mittebat
663 2395 674 2412 ,
694 2367 747 2403 his
759 2366 916 2403 edulibus
931 2365 1024 2414 pic‘t'a
1039 2393 1050 2411 ,
1077 2378 1164 2412 quae
1175 2376 1315 2413 appone-

269 2430 403 2457 rentur.
430 2420 608 2457 NEApor..
652 2417 811 2456 Mantele
839 2416 980 2455 vetusti.
1008 2426 1047 2456 ut
1070 2416 1167 2466 apud
1188 2417 1316 2466 virgil.

271 2483 324 2508 zv.
348 2470 487 2520 Georg.
509 2482 592 2520 377.

500 2552 602 2603 tonfis
624 2551 795 2590 mantelia
818 2550 940 2596 villis,

272 2628 464 2670 Mediceus
489 2632 608 2670 codex
629 2633 740 2680 longe
761 2631 979 2668 veterrimus
1017 2630 1152 2679 aliique
1186 2641 1317 2668 omnes

272 2680 413 2719 vetusti.
440 2683 487 2720 fic
505 2682 677 2719 mantella
695 2682 791 2730 apud
810 2680 995 2718 Lucilium
1009 2708 1020 2725 ,
1047 2682 1087 2717 &
1108 2681 1318 2717 mantellum

276 2729 369 2776 apud
392 2732 572 2771 Plautum.
603 2734 748 2771 Hans.

328 2808 414 2847 933.
444 2801 539 2837 Villis
551 2800 715 2850 fidutia]
755 2799 826 2836 His
847 2798 1068 2835 contrarium
1086 2825 1095 2840 ,
1123 2793 1224 2843 tonfis
1248 2794 1320 2831 vil-

278 2847 342 2890 lis;
374 2849 409 2886 id
434 2850 480 2885 est
503 2851 628 2888 Servio
645 2880 654 2895 ,
684 2850 830 2887 minutis
855 2848 913 2885 vel
939 2846 1132 2896 compofitis.
1176 2846 1321 2884 Prorsus

277 2898 394 2935 male:
425 2900 470 2936 ibi
492 2902 588 2937 enim
611 2902 726 2938 Poeta
746 2901 847 2944 vult,
876 2899 1047 2936 mantelia
1068 2897 1185 2934 nullos
1204 2899 1238 2934 in
1258 2895 1322 2934 ora

278 2947 416 2986 extima
435 2950 544 2987 cirros
557 2950 728 2988 habuisse.
756 2951 839 2988 Nec
851 2949 974 2997 villosa
986 2949 1094 2985 lintea
1113 2947 1207 2996 apud
1222 2949 1322 2984 Mar-

278 2999 401 3036 tialem
426 3010 466 3036 ea
497 3000 597 3044 sunt,
625 3002 753 3048 quibus
775 3000 879 3037 villus
907 3012 969 3046 per
999 3000 1124 3036 omnia
1149 2999 1320 3047 insurgit;

278 3049 381 3087 tonsa
395 3078 403 3091 .
433 3050 562 3098 quibus
582 3050 744 3087 derasus:
773 3049 829 3086 sed
848 3051 978 3097 quibus
998 3049 1186 3087 subtemen
1209 3050 1321 3086 dein-

280 3099 410 3137 dustria
437 3100 603 3137 relifium
629 3115 638 3142 ;
678 3098 779 3136 tonsa
803 3127 811 3141 ,
850 3100 979 3147 quibus
1009 3101 1164 3136 nullum.
1218 3099 1321 3148 Quid

279 3151 376 3189 aliud
404 3151 452 3189 ibi
481 3151 584 3188 villus
606 3178 615 3194 ,
652 3161 760 3197 quam
795 3149 897 3195 quod
928 3161 995 3186 nos
1029 3149 1105 3186 ltali
1124 3177 1133 3192 ,
1165 3150 1322 3197 ifiocchi

282 3201 388 3238 d'una
412 3200 588 3250 touaglia?
618 3201 718 3236 Villos
739 3200 845 3248 igitur
863 3199 986 3244 solutos
1009 3200 1175 3248 explico,
1202 3201 1321 3238 subte-

280 3263 370 3289 men
394 3251 413 3289 ὲ
431 3252 547 3289 linteo
571 3251 839 3299 pendens.huic
854 3250 967 3287 simile
989 3249 1048 3289 dat
1070 3263 1184 3291 unum
1202 3252 1321 3303 Plioeg

279 3301 363 3342 drus
384 3302 529 3344 cuidam
547 3302 678 3342 liberto
704 3301 766 3342 lib.
785 3313 831 3342 ιι.
858 3299 943 3341 Fab.
965 3311 1000 3339 v.

614 632 783 690 Tosta
810 630 914 685 sitit
940 630 1120 693 telluS,
1156 627 1590 701 praecipiturque
1618 627 1779 699 seges,

2300 755 2413 812 Pro
2452 821 2456 824 .

1410 895 1467 929 Ex
1487 889 1675 929 alticinctis
1696 904 1786 929 unus
1805 889 2034 941 atrienfibus,

1411 942 1481 980 Cui
1505 942 1629 979 tunica
1647 941 1691 978 ab
1710 942 1864 980 humeris
1884 943 1988 979 linteo
2007 941 2134 992 Pelusio

1411 998 1501 1031 Erat
1520 993 1676 1042 destrieta
1691 1021 1702 1039 ‚
1730 994 1829 1033 cirris
1849 993 2124 1044 dependentibus.

1360 1047 1540 1086 ΝεΑΡοι.

1411 1121 1498 1158 939.
1525 1109 1582 1158 Est
1607 1110 1702 1147 canis
1720 1109 1734 1159 (
1749 1111 1899 1149 Icarium
1919 1111 2066 1161 dicunt)
2102 1124 2167 1161 quo
2188 1110 2297 1163 fidere
2317 1112 2414 1153 moti

1365 1160 1461 1205 Testa
1472 1159 1553 1209 fitit
1574 1160 1716 1211 tellus.]
1747 1163 1869 1201 Alibi:
2403 1163 2407 1166 ⁶

1415 1228 1462 1260 Et
1483 1227 1585 1264 micet
1610 1227 1712 1265 Icarii
1721 1228 1823 1274 stella
1841 1238 2008 1279 proterva
2028 1229 2135 1268 canis.

1365 1293 1513 1332 Dicitur
1545 1294 1584 1331 &
1604 1294 1713 1333 Sirius
1733 1295 1810 1333 ἀπὸ
1833 1297 1899 1334 ’τοῦ
1918 1298 2056 1344 capiaco
2070 1324 2080 1342 ,
2108 1296 2211 1346 quod
2231 1295 2281 1336 est
2300 1296 2416 1344 exfici

1367 1355 1425 1383 co.
1451 1345 1586 1385 Aratus
1603 1345 1641 1382 in
1661 1345 1956 1386 Phaenomenis:

1870 1410 1908 1454 ὃς
1927 1410 1970 1457 §a
1989 1413 2138 1457 μάλιςει

1408 1459 1529 1549 ’ἕξεσι
1549 1463 1704 1509 σειριιὶει.
1733 1463 1796 1501 καῖ
1813 1475 1872 1508 μιν
1890 1463 2060 1500 καλέσυσ’
2081 1464 2242 1510 ἄνθρωποι

1450 1525 1556 1559 ειρισν.

1366 1582 1631 1626 Germanicus:
1661 1582 1770 1620 Sirius
1786 1582 1888 1628 stella
1909 1582 1951 1631 est
1979 1582 2019 1620 in
2047 1582 2159 1620 medio
2182 1593 2294 1622 centro
2313 1584 2424 1631 cadi,

1365 1633 1414 1669 ad
1432 1646 1538 1682 quam
1560 1646 1638 1670 cum
1661 1633 1715 1670 Sol
1741 1634 1928 1683 accesserit,
1956 1634 2156 1683 duplicatur
2187 1635 2279 1672 calor
2296 1633 2422 1685 ipsius,
2469 1676 2474 1683 „

1371 1694 1415 1724 (9·
1437 1685 1597 1733 languore
1614 1683 1816 1732 afficiuntur
1835 1694 1969 1734 corpora
1991 1686 2162 1723 humana.
2200 1686 2330 1724 Sirium
2351 1699 2418 1723 au-

1365 1745 1434 1771 tem
1449 1735 1588 1782 stellam
1622 1745 1787 1772 vocatam
1827 1745 1957 1783 putant
1989 1745 2125 1785 propter
2144 1735 2316 1786 flammae
2334 1749 2420 1774 oan-

1364 1786 1490 1823 dorem.
1520 1785 1642 1823 Latini
1669 1797 1788 1823 autem
1815 1786 1919 1823 illam
1942 1785 2154 1824 Caniculam
2175 1798 2327 1832 vocant,
2355 1800 2422 1825 un-

1367 1836 1408 1873 de
1427 1848 1470 1877 ω’
1495 1837 1564 1874 dies
1587 1837 1799 1875 caniculares
1817 1837 1984 1874 dicuntur
2003 1853 2014 1874 .·
2044 1838 2128 1888 quia
2141 1866 2150 1881 ‚
2178 1838 2350 1890 quamdiu
2368 1837 2423 1875 Sol

1367 1887 1406 1924 in
1426 1887 1495 1937 ipfiz
1513 1888 1576 1935 est,
1599 1888 1755 1938 pestifera
1786 1887 1853 1935 est,
1875 1888 1937 1936 sed
1957 1899 2020 1938 pro
2050 1889 2224 1938 qualitate
2257 1889 2421 1939 adjacen-

1369 1938 1460 1975 tium
1479 1949 1727 1977 commutatur.
1764 1945 1862 1976 Nam
1882 1949 1948 1976 aut
1967 1940 2128 1977 vincitur
2143 1968 2153 1984 ,
2179 1950 2242 1978 aut
2263 1939 2423 1990 morbosis

1369 1991 1484 2027 utitur
1504 1989 1650 2027 viribus.
1694 1990 1786 2027 Hinc
1805 1989 1848 2035 esl
1868 1990 1959 2040 quod
1977 2004 2054 2028 cum
2080 2001 2167 2027 certo
2184 2001 2329 2041 tempore
2353 1991 2422 2028 ori-

1370 2050 1430 2079 tur
1444 2069 1454 2085 ‚
1483 2054 1552 2077 non
1564 2041 1695 2090 semper
1712 2041 1755 2089 est
1773 2041 1890 2079 noxia.
1926 2041 2086 2091 §Quidam
2117 2056 2198 2079 vero
2215 2043 2337 2080 dicunt
2364 2055 2423 2078 ca-

1371 2105 1449 2128 nem
1463 2091 1575 2141 fuiffe.
1619 2106 1707 2142 quae
1736 2097 1888 2142 Europae
1917 2106 1994 2130 cum
2026 2092 2173 2130 dracone
2199 2093 2302 2136 custos
2333 2092 2424 2128 data

1371 2143 1437 2189 est,
1465 2156 1552 2190 quae
1566 2144 1672 2193 postea
1694 2143 1810 2180 Minos
1830 2154 1981 2194 utraque
1990 2143 2124 2193 accepit.
2152 2142 2297 2179 eandem
2310 2143 2421 2191 postea

1373 2192 1411 2229 ob
1434 2193 1623 2230 medicinae
1651 2193 1800 2242 caufflzm
1835 2194 1991 2231 Procridi
2023 2195 2062 2230 in
2094 2206 2240 2231 munera
2272 2193 2418 2230 datam:

1372 2257 1459 2293 quae
1475 2243 1584 2292 postea
1604 2243 1775 2292 Cephalus
1791 2254 1940 2293 utraque
1951 2243 2089 2293 poſjedit
2104 2272 2114 2289 ,
2142 2243 2203 2280 vir
2222 2244 2418 2289 praeridit,

1374 2295 1435 2345 qui
1453 2307 1528 2331 eam
1550 2294 1598 2331 ad
1620 2293 1750 2331 Thebas
1779 2294 1884 2331 duxit
1912 2296 1960 2330 ad
1984 2295 2124 2344 vulpem
2140 2322 2150 2339 ‚
2180 2294 2422 2333 Thebanorum

1375 2358 1471 2394 agros
1491 2344 1707 2395 infestantem
1727 2361 1737 2381 :
1776 2345 1830 2382 cui
1862 2345 1941 2382 cani
1964 2346 2088 2392 fatum
2116 2345 2159 2393 est
2179 2373 2189 2389 ,
2226 2359 2267 2382 ne
2286 2345 2333 2382 ab
2351 2344 2423 2382 ullo

1366 2395 1465 2445 poffet
1487 2395 1654 2444 interfici,
1679 2396 1830 2446 itemque
1851 2396 1960 2444 vulpi.
1996 2396 2161 2445 Juppiter
2181 2410 2261 2433 vero
2280 2396 2421 2446 vulpem

1371 2448 1409 2483 in
1429 2446 1577 2496 lapidem
1590 2447 1781 2491 convertit,
1810 2458 1982 2486 &canem
2005 2447 2045 2482 in
2057 2447 2299 2493 astrisintulit.
2328 2452 2423 2484 Am-

1367 2496 1519 2546 phianus
1541 2497 1799 2545 tragoediarum
1819 2498 1963 2545 scriptor
1982 2508 2054 2536 wc.
2091 2497 2246 2534 CIOFAN
2316 2497 2422 2535 Sidus

1371 2548 1534 2596 frugibus
1573 2549 1737 2585 maxime
1767 2549 1941 2585 noxium,
1989 2548 2076 2584 hinc
2107 2547 2308 2594 ἀςροβολίοι
2331 2576 2342 2591 ,
2380 2548 2421 2585 δε

1373 2597 1622 2642 ἀςροβολῆσα,
1643 2599 1680 2635 &
1693 2598 1952 2643 ἀςροβολισμὸς
1967 2626 1977 2641 ,
1990 2596 2154 2646 sideratio
2166 2627 2177 2643 ,
2204 2608 2297 2645 quae
2308 2607 2422 2634 voca-

1373 2647 1455 2684 bula
1468 2648 1513 2685 ad
1536 2647 1673 2696 plantas
1694 2651 1731 2686 &
1756 2649 1875 2696 fruges
1894 2661 1913 2685 a
1937 2647 2097 2685 canicula
2120 2647 2277 2684 adfectas
2289 2647 2424 2685 Theo·

1373 2698 1532 2745 phrastus
1551 2697 1644 2735 libro
1664 2699 1709 2736 de
1724 2699 1860 2737 Cauffis
1878 2699 2077 2746 plantarum
2090 2697 2431 2746 frequentertransss

1373 2748 1453 2784 fert.
1465 2747 1562 2796 apud
1573 2749 1747 2787 eumdem
1764 2751 1873 2788 habes
1886 2761 1961 2787 non
1982 2759 2058 2785 uno
2078 2747 2165 2785 loco
2181 2776 2191 2792 ‚
2220 2748 2422 2793 ίιςροβόλη-

1377 2811 1425 2834 'ru
1445 2799 1598 2843 γίνεσθαι
1633 2802 1681 2834 τᾶ
1710 2799 1817 2845 <pua-Ee
1837 2829 1847 2845 ,
1885 2798 2119 2844 ὄις-ροβὸλητιι
2150 2798 2272 2843 δένδρα
2298 2828 2308 2844 ,
2347 2801 2422 2840 &c.

1375 2848 1469 2896 apud
1494 2849 1729 2888 Aristotelem
1765 2851 1932 2888 occurrit.
1988 2848 2193 2896 Hesychius
2225 2850 2422 2894 ίιςροβολῆ-

1379 2911 1460 2942 τους
1483 2903 1567 2942 τοῦς
1587 2901 1654 2936 ὑπὸ
1674 2904 1737 2936 τοῦ
1759 2902 1869 2940 Κυνὸς
1880 2901 2138 2944 βαλλομένους.
2172 2901 2363 2938 Videndus
2374 2901 2420 2940 de

1377 2949 1551 2987 Canicula
1581 2951 1714 2987 Aratus
1741 2951 1779 2986 ὅ(
1812 2950 1885 2998 eju³
1912 2951 2125 2997 interpretes
2149 2954 2306 2996 (icero,
2328 2953 2422 2990 Ger·

1376 3001 1540 3087 mganicus
1562 3027 1574 3045 ,
1610 3000 1788 3037 Avienus.
1836 3001 1981 3038 Hems.
2036 3000 2123 3039 Vid.
2148 3003 2230 3041 Val.
2262 3003 2358 3041 Flac.
2387 3013 2421 3042 1.

1425 3112 1509 3150 939.
1537 3098 1734 3150 Qofidere
1754 3101 1881 3150 metm]
1913 3103 2004 3150 Quo
2027 3112 2158 3142 exorto
2198 3104 2246 3143 sic
2269 3105 2426 3152 postulat

1375 3151 1438 3188 hic
1463 3151 1611 3188 sensus:
1659 3164 1745 3189 nam
1769 3153 1912 3189 moveri
1946 3152 2037 3190 lidus
2067 3158 2209 3202 propi-ic
2240 3158 2286 3193 eii
2316 3156 2416 3204 quod

1376 3202 1451 3238 ano
1474 3203 1538 3237 ’τοῦ
1557 3202 1714 3248 ἀφανοῦς
1731 3201 1781 3245 εἷς
1804 3204 1847 3239 τὸ
1867 3204 2014 3249 φανερὸν
2037 3207 2224 3251 prot-edim
2255 3208 2291 3243 ὃ(
2305 3203 2417 3244 ecdn-

1375 3259 1450 3299 tra,
1475 3251 1578 3302 quod
1599 3253 1674 3291 ἀπὸ
1695 3255 1759 3292 τοῦ
1777 3253 1929 3301 φανεροῦ
1947 3254 1996 3298 εἷς
2018 3257 2058 3292 τὸ
2082 3255 2232 3304 ἀφανές.
2261 3258 2385 3294 Nem.

2241 3336 2327 3407 940.
2356 3361 2418 3403 Toq
