2495 3675
479 167 1427 234 FASTORUM
1537 171 1838 231 L113.I.

2164 195 2233 253 35

382 295 556 355 Ante,
591 291 738 345 Deos
759 287 963 353 ‘homini
988 283 1132 355 quod
1162 283 1445 337 conciliare
1471 284 1695 349 valeret,

447 365 548 419 Far
572 377 708 425 erat,
748 359 802 412 &
831 357 946 427 puri
972 354 1145 409 lucida
1171 354 1307 408 mica
1332 356 1458 409 salis.

377 437 632 491 Nondum
659 431 944 504 pertulerat
969 430 1259 482 lacrimatas
1285 429 1487 482 cortice
1513 430 1750 498 myrrhas

242 527 342 580 340

449 508 581 563 Asta
606 523 698 575 per
726 518 1011 572 aequoreas
1039 499 1242 570 hospita
1268 501 1410 554 navis
1436 519 1608 573 aquas,

381 581 529 636 Tura
556 595 654 631 nee
681 577 1008 644 Euphrates,
1047 589 1148 625 nee
1173 572 1381 626 miserat
1407 573 1548 628 India
1573 573 1773 630 costum
1790 613 1807 639 ,

449 652 566 705 Nec
594 648 799 702 fuerant
827 646 970 700 rubri
999 645 1215 715 cognita
1255 645 1337 699 fila
1377 650 1540 700 croci.

374 725 483 779 Ara
505 721 660 776 dabat
688 719 892 783 fumOS,
928 718 1103 773 herbis
1132 730 1386 772 contenta
1413 720 1641 783 &abirim

448 795 519 849 Et
546 812 654 849 non
681 793 876 861 exiguo
903 793 1074 845 laurus
1097 790 1274 843 adusta
1299 791 1445 844 sono,

234 888 330 941 345
370 868 422 923 Si
448 868 564 940 quis
589 879 728 927 erat,
765 863 912 918 fastis
944 864 1076 935 prati
1105 863 1172 916 de
1200 862 1335 917 flore
1360 863 1600 928 coronis,

448 940 559 1012 Qui
585 937 753 1010 pofl'et
782 937 942 990 violas
967 935 1166 989 addere
1183 974 1197 997 ‚
1236 935 1383 989 dives
1410 950 1537 989 erat.

380 1013 522 1074 Hic,
560 1011 651 1083 qui
678 1027 818 1064 nunc
848 1010 1015 1079 aperit
1039 1007 1265 1079 percufli
1292 1009 1490 1062 viscera
1519 1009 1684 1072 tauri,

445 1087 503 1139 ln
532 1084 685 1139 sacris
712 1082 912 1137 nullum
940 1082 1109 1136 culter
1138 1080 1360 1135 habebat
1388 1099 1536 1152 opus,

90 1285 134 1325 ab
155 1285 270 1334 hostia.
298 1283 473 1323 Pacuvius
495 1287 629 1320 Teucro.
656 1278 720 1330 nisi
738 1282 905 1316 co'e‘rcuero
924 1278 1130 1325 protervita-

90 1348 160 1375 tem
179 1348 283 1388 atque
309 1335 428 1383 hostiro
451 1334 631 1381 ferociam.
660 1333 708 1368 ita
737 1332 830 1379 lege.
857 1331 942 1366 hinc
962 1330 998 1365 &
1032 1328 1131 1374 hosti-

93 1387 133 1425 lii
153 1387 240 1425 lares
265 1416 275 1431 ‚
304 1386 426 1436 quibus
454 1383 685 1421 immolabant
709 1409 718 1424 ‚
754 1380 843 1430 quod
872 1379 916 1416 ab
946 1378 1000 1415 his
1030 1379 1131 1425 hostes

90 1438 200 1476 arceri
216 1447 380 1488 putarent
394 1465 404 1480 ,
431 1435 518 1472 teste
540 1432 657 1471 Festo.
686 1432 829 1468 Hiems.

146 1489 227 1536 338.
261 1495 326 1525 Far
345 1484 458 1535 παι]
508 1484 620 1532 idque
655 1481 676 1519 {1
706 1482 785 1528 Jani
814 1491 932 1525 aem,
970 1478 1056 1516 teste
1079 1480 1130 1527 Q.

92 1539 208 1579 Fabio
225 1539 285 1577 lib.
310 1539 428 1586 primo
450 1536 494 1572 de
515 1534 642 1571 Aureo
660 1531 815 1570 saeculo.
844 1531 1024 1568 NEApot.

146 1589 229 1638 338.
250 1589 343 1625 Puri
363 1586 477 1623 lucida
493 1584 583 1621 mica
594 1581 719 1633 salis.]
751 1582 894 1632 Liquidi
906 1581 992 1629 salis
1009 1579 1128 1618 codex

93 1640 242 1687 Regius.
288 1647 328 1675 ut
356 1638 508 1675 alterum
539 1646 584 1672 ex
612 1632 826 1684 glossemate
852 1632 1040 1681 irrepserit.
1081 1630 1129 1669 fic

94 1689 221 1728 auctor
240 1689 378 1725 Moreti
391 1715 401 1732 ‚

93 1784 95 1786 q
145 1738 331 1777 contrahit
351 1736 505 1784 admistis
524 1748 615 1773 nunc
626 1734 779 1783 sortibus
793 1762 803 1779 ,
832 1743 937 1784 atque
948 1732 1093 1781 farinas

145 1790 356 1837 Transversa
373 1789 544 1836 duratque
564 1799 673 1823 manu
685 1802 694 1829 ;
724 1785 922 1835 liquidoque
943 1786 1069 1821 coaetos

145 1840 324 1876 Interdum
342 1852 479 1887 grumos
494 1838 624 1887 spargit
640 1837 726 1886 sale.

94 1889 149 1929 Ita
173 1890 291 1928 versus
312 1890 363 1927 iili
385 1890 552 1927 videntur
570 1886 639 1925 effe
662 1885 846 1925 scribendi.
874 1886 1018 1924 Herus.

148 1952 233 1990 339.
263 1940 427 1977 Nondum
455 1937 681 1989 pertulerat.]
723 1937 888 1985 Suspicor
921 1938 1131 1985 myrrham,

95 1992 235 2029 costum
256 2019 266 2035 ‚
306 2003 454 2028 crocum
477 2018 488 2034 ,
535 1988 668 2027 eodem
699 1997 868 2036 tempore
891 2016 901 2031 ‚
934 2000 1010 2036 quo
1052 1989 1133 2026 thus

95 2042 221 2079 nostris
240 2043 314 2078 avis
338 2039 439 2078 fuisse
459 2041 624 2088 cognita;
656 2038 740 2076 cum
763 2050 807 2075 ex
829 2038 956 2076 iisdem
981 2037 1056 2075 fere
1078 2050 1133 2076 re-

93 2093 264 2139 gionibus
283 2091 469 2139 asportata.
497 2091 634 2128 Thuris
652 2088 743 2126 vero
765 2090 895 2126 notitia
917 2089 1066 2138 quando
1087 2089 1133 2127 ad

98 2154 162 2180 eos
194 2143 397 2190 pervenerit
435 2141 616 2179 dubium:
657 2139 771 2177 multa
799 2148 924 2177 tamen
951 2139 1083 2177 edisces
1112 2138 1142 2177 ὲ.

95 2193 182 2231 loco
202 2192 365 2241 quodam
387 2193 474 2230 trito
494 2190 650 2229 Arnobii
668 2190 728 2228 lib.
753 2201 822 2227 vu.
840 2190 1006 2228 adversus
1028 2191 1134 2228 Gen-

98 2251 161 2281 tes.
192 2246 364 2280 NsApor..
1133 2246 1135 2248 “

151 2305 234 2342 339.
266 2291 529 2342 Lacrymatas]
561 2292 657 2330 Nam
680 2291 809 2330 stillant
838 2291 882 2329 ab
913 2290 988 2339 ipso
1010 2290 1132 2339 ligno:

99 2344 184 2382 inde
203 2343 277 2382 fere
303 2356 434 2382 omnes
462 2355 556 2381 voce
583 2342 739 2391 lacryma
765 2344 832 2380 hac
862 2343 899 2379 in
926 2353 963 2378 re
986 2341 1063 2385 us13
1094 2350 1134 2379 ut

98 2394 234 2432 Plinius
258 2422 267 2435 .
308 2394 452 2432 Solinus
480 2395 518 2431 &
540 2394 612 2431 alii.
645 2394 817 2442 Myrrhae
836 2390 925 2429 vero
946 2391 1038 2429 duae
1057 2392 1133 2441 spe-

104 2444 198 2484 cies,
223 2443 360 2492 liquida
379 2445 417 2480 ὃ(
445 2443 531 2481 dura
556 2471 565 2486 ‚
595 2447 718 2484 ςακτῆ
742 2446 806 2479 xx}
827 2444 967 2484 πλειςή.
1003 2443 1137 2480 Theo-

102 2491 287 2539 phrastus:
327 2493 451 2535 Α’ργὸς
476 2492 516 2528 δεῖ
545 2493 736 2538 κομίζεται
766 2496 838 2534 πῖις
866 2495 880 2528 ὁ
919 2492 1137 2535 λιβκνωτὸς,

103 2542 211 2587 ὅμοιος
228 2541 268 2577 δὲ
291 2543 334 2585 τῇ
354 2540 514 2584 προσόψει
546 2542 669 2584 Φλοιῷ.
693 2545 755 2579 τῆς
775 2544 922 2581 σμύρνης
943 2541 1004 2581 δὲ,
1032 2541 1051 2580 ἡ
1073 2546 1138 2582 μὲν

103 2597 247 2635 qam-91,
275 2592 353 2632 ἡδὲ
374 2591 510 2629 πλκςή.
541 2589 653 2626 lnam.
681 2589 884 2625 contulerat
915 2589 1064 2625 Moreti.
1084 2589 1137 2624 la·

101 2652 296 2691 crymatam
319 2656 345 2678 c.
367 2640 548 2688 myrrham
570 2640 702 2687 Regius
717 2666 727 2681 ,
748 2638 897 2676 Thuan.
911 2639 948 2675 ὅ(
969 2638 1044 2675 duo
1068 2639 1138 2675 alii.

69 2735 75 2745 ,
103 2693 220 2730 arbore
239 2691 400 2740 myrrhas
425 2691 602 2737 Excerpta
624 2688 753 2725 Voffii.

154 2754 237 2792 339.
268 2749 493 2790 Lacrymatas
523 2752 639 2776 corttce
667 2737 866 2788 myrrham]
923 2738 1022 2776 Citat
1045 2738 1137 2776 haec

103 2794 212 2832 verba
232 2792 434 2830 Diomedes
461 2791 520 2828 lib.
541 2803 566 2827 1.
592 2801 628 2837 ρ’.
654 2801 736 2837 377.
763 2789 931 2826 CiorAN.
1124 2816 1126 2819 .

155 2856 219 2893 341
251 2841 474 2892 Euphrates.]
508 2840 620 2878 Refte
643 2850 779 2878 veteres
807 2841 1019 2889 interpretes
1039 2840 1136 2877 Poe'-

105 2902 181 2934 tam
213 2894 365 2932 crimine
400 2894 510 2934 κακῆς
539 2892 772 2938 γεωγραφίας
804 2891 1005 2928 absolvunt.
1050 2902 1136 2927 nam

104 2947 190 2985 licet
220 2945 416 2992 Euphrates
442 2955 516 2980 non
539 2951 662 2990 tangat
690 2942 863 2979 Arabiam
884 2941 1044 2979 Felicem
1059 2969 1068 2985 ‚
1092 2953 1138 2977 ex

105 2997 207 3045 cujus
228 2995 376 3042 regione
398 2994 530 3031 Sabaea
550 3003 604 3030 tus
624 2994 777 3030 mittitur
791 3020 802 3035 ‚
829 2992 1024 3030 ostendunt
1045 2992 1139 3028 mul-

106 3048 172 3090 tis,
201 3058 262 3094 per
290 3044 404 3083 sinum
429 3043 608 3081 Persicum
624 3072 634 3087 ‚
664 3046 701 3080 ὅς
724 3043 808 3080 inde
827 3055 888 3090 per
912 3044 1136 3091 Euphratem

105 3097 192 3136 illud
217 3094 315 3134 fuiffe
337 3094 561 3133 subvestum.
576 3094 770 3142 Stuporem
793 3103 917 3131 tamen
940 3093 1142 3139 interpretis

108 3147 215 3197 Regii
237 3147 354 3184 mirari
370 3147 454 3184 licet
477 3174 486 3188 ‚
514 3146 574 3193 qui
593 3146 814 3191 Euphratem
838 3144 926 3181 dicit
945 3145 988 3180 ab
1007 3144 1143 3180 Orien-

110 3203 147 3234 te
165 3197 327 3235 claudere
351 3197 517 3233 Arabiam
534 3195 692 3233 Felicem
710 3224 720 3238 ,
742 3194 842 3244 quod
867 3195 911 3232 de
932 3194 1009 3231 sinu
1034 3192 1143 3229 l’ersi-

114 3256 181 3289 co,
206 3249 242 3284 in
261 3259 372 3296 quem
389 3246 504 3284 influit
527 3247 724 3294 Euphrates
741 3273 750 3288 ,
779 3245 916 3282 Marsus
938 3252 1143 3282 notaverat.

113 3296 152 3334 ὃ(
171 3295 270 3335 idem
287 3297 333 3336 ad
347 3297 406 3337 lib.
425 3309 472 3336 11.
491 3299 573 3347 463.
599 3296 775 3344 judaeam
797 3295 960 3345 perluere
980 3295 1145 3343 Euphra-

2108 1159 2223 1215 Priae

1189 1284 1265 1314 tem
1285 1276 1446 1332 dietavit.
1486 1279 1561 1317 Ubi
1594 1279 1638 1317 ab
1658 1279 1734 1328 ipso
1765 1278 1889 1317 Marso
1918 1278 2071 1317 meliora
2095 1278 2228 1317 discere

1188 1327 1370 1374 potuiliet.
1397 1329 1454 1366 sed
1475 1331 1522 1368 ita
1543 1330 1658 1367 solent
1677 1331 1815 1368 indoffn
1837 1331 2008 1380 plagiarii.
2036 1330 2168 1367 Boiam.

1242 1389 1324 1433 343.
1354 1379 1474 1434 Herbis
1493 1381 1666 1430 Sabina]
1706 1383 1788 1418 Hae
1810 1392 1893 1418 ante
1922 1383 2033 1418 thuris
2056 1383 2230 1418 notitiam

1187 1429 1368 1465 veteribus
1388 1441 1424 1466 in
1447 1431 1519 1468 usu.
1548 1433 1632 1468 hinc
1653 1444 1805 1480 magnus
1834 1432 1946 1469 Vates
1966 1432 2002 1469 in
2029 1431 2179 1469 Culice:

1283 1479 1463 1529 Herbaque
1485 1482 1599 1518 thuris
1618 1493 1687 1531 opes
1706 1482 1824 1532 priscis
1844 1483 1987 1519 imitata
2009 1482 2151 1518 Sabina.

1182 1541 1305 1579 neque
1322 1532 1522 1579 postthuris
1544 1534 1800 1571 inventionem
1823 1533 1934 1580 spreta
1952 1561 1962 1576 ‚
1982 1533 2040 1570 sed
2061 1533 2234 1580 frequens

1182 1581 1252 1618 fuit
1275 1581 1319 1618 ad
1339 1579 1484 1620 suffitus.
1504 1583 1559 1627 de⁴¹
1569 1585 1636 1621 hac
1658 1583 1914 1621 Dioscorides:
1943 1585 2100 1626 chii‘uwt
2117 1582 2161 1618 δέ
2177 1596 2233 1619 τι-

1185 1643 1238 1673 νες
1261 1633 1332 1674 τοῖς
1357 1633 1513 1678 φύλλοις
1537 1633 1621 1670 ἀντὶ
1649 1634 1881 1678 eumdum-oe.
1916 1635 1953 1671 &
1984 1634 2141 1670 Plinius:
2169 1634 2234 1673 lib.

1184 1694 1290 1719 xxxv.
1311 1694 1391 1731 cap.
1413 1696 1459 1721 11.
1488 1691 1523 1721 A
1547 1685 1668 1721 multis
1689 1686 1727 1721 in
1741 1683 1877 1733 ficffitus
1893 1694 1952 1731 pro
1966 1684 2068 1719 thure
2087 1684 2231 1731 affami-

1184 1743 1253 1769 tur.
1281 1734 1436 1771 eandem
1459 1735 1612 1783 ipsemet
1634 1734 1680 1772 fic
1700 1735 1886 1772 describit:
1914 1734 1972 1770 lib.
1994 1745 2063 1770 xix.
2082 1744 2233 1780 cap.-17.

1187 1790 1316 1820 Petunt
1337 1785 1441 1833 igitur
1463 1798 1499 1822 m
1518 1786 1694 1834 Elymaeos
1713 1784 1867 1822 arborem
1891 1783 2041 1833 brathyn
2056 1812 2065 1828 ,
2096 1781 2232 1832 cupresso

1178 1835 1281 1882 fusae
1295 1833 1446 1884 similem
1461 1864 1470 1880 ‚
1489 1851 1529 1873 ex
1547 1836 1672 1872 albidis
1693 1837 1800 1873 ramis
1815 1835 1963 1883 jucundi
1983 1834 2091 1870 odoris
2113 1846 2234 1870 accen-

1181 1886 1273 1934 sam.
1302 1887 1398 1924 Alibi
1419 1886 1620 1935 cupressum
1645 1887 1827 1924 Creticam
1850 1885 1871 1923 a
1896 1886 2019 1923 multis
2036 1884 2106 1921 dici
2130 1884 2238 1922 testa-

1187 1947 1266 1973 tur:
1294 1937 1395 1985 quod
1418 1939 1456 1975 δε
1479 1951 1522 1975 ex
1537 1938 1668 1975 Gloffis
1683 1937 1900 1975 Nicomedis
1920 1936 2018 1973 Iatro
2044 1935 2234 1982 Sophistae

1190 1998 1334 2035 apparet
1349 1987 1391 2025 “in
1415 1991 1492 2026 his:
1523 1990 1631 2032 Βράόυ
1651 1991 1862 2031 κυπάρισσος
1876 1987 2061 2032 Κρητικός·
2084 1986 2235 2030 Βάρκα-ος

1193 2037 1307 2081 κέὲρθς
1326 2042 1477 2082 μεγάλη
1492 2069 1501 2084 ,
1532 2035 1550 2079 ἢ
1571 2040 1900 2085 ἀγριοκυπεὶρισσος.
1930 2039 1985 2076 Ex
2007 2037 2135 2085 quibus
2157 2035 2237 2073 col-

1188 2087 1260 2134 lige
1282 2116 1291 2132 ,
1321 2089 1469 2128 Graecis
1500 2090 1623 2133 βράθυν
1644 2119 1654 2133 ,
1692 2102 1786 2139 quae
1816 2090 1921 2127 nobis
1951 2088 2057 2124 herba
2087 2085 2233 2125 sabina.

1190 2138 1424 2186 Hesychius:
1462 2142 1570 2184 chZt'iu
1601 2140 1673 2178 7ro'z
1707 2142 1779 2183 τοῖς
1812 2142 1891 2180 θεοῖς
1923 2140 2075 2180 θυομέυη.
2104 2136 2236 2174 eadem

1190 2189 1399 2227 Dioscoridi
1430 2192 1616 2237 βάρέιθρος,
1644 2203 1737 2240 quae
1770 2191 1901 2228 Glosfis
1924 2189 1945 2227 a
1967 2187 2094 2235 brathy
2115 2186 2238 2224 diver-

1189 2238 1234 2276 sa.
1262 2239 1306 2277 de
1326 2252 1402 2290 quo
1423 2242 1611 2280 differendi
1635 2255 1711 2279 non
1731 2241 1793 2279 hic
1814 2242 1928 2279 locus.
1959 2240 2135 2277 NEAPOL.
2158 2236 2239 2284 Infif

1191 2301 1244 2327 ιν.
1268 2301 1350 2336 741.
1368 2292 1439 2329 vid.
1461 2293 1603 2330 Salmas.
1619 2294 1776 2331 Exercit.
1800 2292 1889 2330 Prin.
1906 2303 1940 2340 p.
1968 2291 2054 2333 660.

1244 2351 1326 2390 343.
1353 2347 1526 2379 Contenta
1548 2343 1723 2393 sabinis.]
1763 2343 1820 2381 Sic
1839 2353 1970 2380 omnes
1993 2339 2072 2377 libri
2102 2337 2238 2386 scriptis

1193 2391 1360 2429 Ciofm.
1390 2397 1553 2431 Cancer-za
1574 2395 1745 2442 Excerpt.
1764 2394 1881 2431 Voffii
1905 2394 1941 2429 &
1965 2389 2116 2428 Sarravii
2138 2387 2236 2424 Cod.

1191 2453 1257 2489 pro
1281 2454 1353 2480 var.
1373 2443 1544 2482 leffiiione.
1565 2454 1735 2482 contemta
1758 2444 1909 2481 Sarravii
1933 2440 2142 2488 &quinque
2161 2438 2234 2473 alii.

1246 2503 1326 2539 344.
1357 2499 1437 2529 Non
1457 2495 1573 2542 exiguo
1584 2495 1706 2539 sono]
1743 2495 1838 2530 Nini
1863 2501 1977 2528 omen
2004 2490 2120 2526 inerat
2140 2486 2239 2533 mul-¹

1193 2548 1251 2575 tae
1269 2542 1509 2586 crepitationi.
1537 2552 1670 2579 notum
1695 2545 1766 2578 hoc
1787 2543 1899 2588 lippis.
1929 2540 2104 2576 Naum.

1247 2599 1328 2636 345.
1356 2590 1389 2624 si
1407 2591 1482 2637 quis
1502 2603 1575 2627 erat
1589 2619 1599 2635 ‚
1614 2591 1761 2638 factm]
1794 2589 1922 2637 inepte
1939 2598 2064 2625 vetus.
2091 2585 2226 2629 sraffiis.

1192 2637 1377 2692 eleganter
1388 2642 1624 2689 alius,ple.·<is.
1656 2643 1768 2678 IDEM.
1800 2641 1909 2677 Fastis
1921 2638 2013 2688 prati
2030 2638 2071 2674 de
2083 2635 2169 2686 flore
2182 2649 2236 2673 co-

1192 2700 1284 2723 roms
1306 2689 1567 2729 nostriomnes.
1597 2692 1769 2739 Neapolis
1791 2704 1833 2727 ex
1850 2702 1924 2727 uno
1938 2690 2002 2727 suo
2018 2716 2027 2731 ,
2044 2688 2162 2737 plexis.
2188 2687 2235 2725 de

1192 2748 1268 2786 quo
1282 2739 1326 2775 ad
1349 2740 1503 2778 Metam.
1524 2754 1611 2778 xiii.
1637 2742 1720 2790 89⁴·
1743 2742 1889 2778 Hiatus.
1914 2738 2030 2777 Posset
2051 2742 2087 2776 ὃς
2105 2738 2238 2784 panis,

1190 2797 1232 2826 ut
1251 2789 1388 2837 partilis
1414 2804 1532 2828 corona
1555 2793 1642 2830 l‘lin.
1664 2804 1740 2829 xxi.
1762 2806 1786 2828 1.
1817 2790 1881 2829 nisi
1903 2791 1940 2828 ὃς
1958 2791 2004 2827 ibi
2023 2788 2166 2837 plectilis
2184 2788 2239 2825 le-

1190 2839 1366 2886 gendum.
1395 2850 1434 2878 ut
1454 2843 1548 2890 apud
1568 2843 1677 2880 Plaut.
1692 2843 1820 2880 Bacch.
1845 2841 1925 2878 Aet.
1943 2853 1974 2877 r.
1993 2840 2049 2877 Sc.
2073 2851 2101 2876 1.
2122 2850 2156 2875 v.
2179 2850 2237 2886 37.

1189 2889 1298 2936 plexis
1331 2893 1439 2929 etiam
1471 2893 1623 2930 Modius
1644 2921 1653 2936 ,
1696 2895 1860 2929 Novant.
1888 2890 1993 2927 Leti.
2022 2891 2083 2936 63.
2120 2889 2169 2925 ita
2198 2889 2236 2925 in

1193 2939 1296 2977 versu
1310 2941 1462 2985 Laevii,
1484 2954 1523 2980 ut
1545 2944 1663 2980 censet
1678 2943 1832 2991 Scaliger
1847 2941 1951 2979 Lea.
1966 2940 2238 2985 Auson.11.27.

1347 2994 1464 3041 Capiti
1493 3008 1563 3030 meo
1592 2994 1765 3043 trepidans

1343 3044 1473 3080 Lubens
1502 3045 1640 3091 insolita
1666 3045 1774 3093 plexit
1803 3056 1962 3080 munera.

1197 3095 1289 3133 horti
1311 3095 1351 3132 de
1368 3095 1450 3143 flore
1473 3107 1565 3132 unus
1589 3095 1719 3132 codex.
1758 3094 1888 3132 Buizm.

1252 3147 1334 3195 346.
1362 3145 1436 3194 Qi
1461 3145 1558 3194 poffet
1587 3146 1698 3182 violas
1722 3145 1886 3194 addere]
1928 3142 1998 3181 Sed
2029 3144 2097 3181 hac
2129 3143 2236 3180 Ct2'2m

1198 3197 1323 3246 postea
1342 3199 1436 3234 inter
1459 3196 1563 3234 flores
1578 3198 1788 3233 coronarios
1807 3195 1995 3233 habitaein
2009 3194 2136 3240 pretio.
2166 3193 2240 3227 Le-

1197 3248 1337 3297 gendus
1362 3247 1568 3284 Athenaeus
1589 3248 1649 3284 lib.
1669 3260 1730 3284 xv.
1760 3247 1939 3283 Nmpor.

1253 3298 1335 3348 348.
1364 3295 1514 3383 Nussum
1537 3298 1643 3336 culter
1661 3297 1808 3335 habebat
1820 3294 1937 3346 opu5.]
1954 3289 2244 3377 condum'tttinn-

1441 3360 1445 3367 ·
1482 3359 1500 3384 z
2135 3352 2154 3377 c
2233 3365 2245 3384 ,
