2495 3675
511 182 565 240 Ρ
635 182 693 238 Α
766 182 802 238 s
874 181 1057 238 To
1129 158 1452 237 RUM
1561 185 1909 251 Lus-111.

379 295 522 369 ‘Quo
546 298 719 354 minus
743 298 978 354 emeritis
1001 296 1174 349 exiret
1197 292 1431 350 curfibus
1455 313 1648 365 annm,

469 370 757 427 Restabant
783 370 957 426 nitido
979 367 1085 437 jam
1112 365 1224 420 duo
1249 365 1390 437 figna
1416 368 1556 427 Deo,

245 462 315 512 45
390 443 563 516 Sylvia
584 445 645 499 fit
674 452 865 498 mater:
908 439 1101 496 Vestae
1137 438 1407 495 simulacra
1431 442 1677 518 feruntur

471 514 747 586 virgineas
774 512 940 567 oculis
973 511 1268 584 opposuisse
1293 530 1495 570 manus

397 590 507 643 Ara
535 588 683 641 Deae
706 598 854 640 certe
881 585 1127 648 tremuit,
1165 585 1403 655 pariente
1430 589 1694 655 ministra3

468 659 540 713 Et
563 658 717 712 subiit
742 659 948 713 cineres
972 657 1154 712 territa
1179 657 1393 712 flamma
1418 661 1550 717 suos.

396 731 552 787 Haec
581 731 670 785 ubi
697 731 954 802 cognovit
980 744 1290 785 contemtor
1316 732 1561 789 Amulius
1587 741 1767 809 aequi:

253 824 349 874 50⁴

463 803 636 872 (Nam
663 819 836 876 raptas
861 804 1006 858 fratri
1035 803 1204 857 vietor
1229 803 1452 860 habebat
1479 813 1648 880 opes)

395 875 575 929 Amne
596 876 746 946 jubet
771 876 941 947 mergi
968 877 1225 946 geminos,
1265 876 1429 932 scelus
1456 883 1597 936 unda
1623 885 1835 957 refugia

463 948 521 1001 In
546 948 680 1003 sicca
704 950 853 1020 pueri
879 949 1237 1004 destituuntur
1261 949 1444 1006 humo,

395 1019 563 1077 LaRe
587 1022 705 1093 quis
733 1022 961 1076 infantes
989 1021 1154 1076 nescit
1180 1021 1400 1076 crevisse
1427 1023 1628 1092 ferin0,

465 1094 539 1148 Et
560 1096 743 1166 picum
769 1094 1016 1167 expositis
1042 1095 1193 1166 saepe
1217 1094 1385 1149 tuliffe
1413 1098 1596 1153 cibos?

244 1184 309 1241 «55

388 1167 516 1223 Non
545 1185 647 1238 ego
673 1181 756 1231 te,
795 1181 971 1222 tantae
995 1168 1177 1222 nutrix
1201 1167 1456 1222 Larentia
1485 1174 1685 1242 gentis,

469 1240 588 1294 Nee
615 1252 819 1295 taceam
843 1239 1065 1303 vestras,
1101 1238 1342 1294 Faustule
1369 1257 1565 1312 pauper
1583 1285 1596 1306 ‚
1639 1266 1782 1320 opes,

395 1313 587 1370 Vester
613 1312 785 1366 honos
809 1313 987 1365 veniet
1006 1348 1019 1372 ,
1059 1329 1182 1365 cum
1211 1312 1510 1369 Larentalia
1537 1317 1740 1375 dicam:

469 1388 746 1456 Acceptus
768 1384 937 1457 *geniis
961 1385 1044 1438 illa
1069 1383 1373 1438 December
1403 1386 1576 1443 habet.

108 1600 263 1639 λάπτην
292 1599 354 1635 καὶ
381 1594 615 1643 διαφερόντως
641 1595 787 1633 Λατῖνοι
813 1595 978 1643 σέβονται
1014 1595 1077 1633 καὶ
1100 1608 1153 1632 τι-

110 1654 228 1698 μῶσιν.
256 1650 431 1687 NEAPOL.

161 1713 220 1749 40.
245 1705 342 1737 Dum
357 1702 426 1749 sua
447 1698 526 1745 visa
547 1696 688 1748 refert]
737 1703 824 1735 Sata
844 1698 952 1737 verba
974 1711 1026 1748 pr.
1045 1699 1153 1756 Me‘lt

110 1764 156 1791 an
181 1779 192 1797 ,
229 1760 309 1789 rata
336 1752 426 1800 visa.
465 1749 609 1787 Hzms.
654 1754 752 1786 Dum
778 1750 846 1798 sua
873 1749 981 1787 verba
1007 1751 1150 1788 Petavn

166 1814 218 1841 us.
995 1840 1000 1846 ,

113 1815 221 1898 un44.
245 1852 336 1899 Jam
348 1851 447 1902 dum]
475 1850 569 1898 Jam
584 1850 652 1900 sua
664 1849 1152 1890 Putean.Farnes.&Vosfii

193 1915 229 1940 er
256 1912 302 1941 ta.

111 1904 373 2003 Exciffipsylvia
384 1952 431 2002 fit
451 1951 602 2000 maim]
654 1951 720 1988 ilia
747 1951 792 2002 fit
817 1963 930 1991 mater
948 1954 1090 1993 Moreti
1111 1955 1149 1993 δε

113 2004 284 2042 Francof.
303 2004 374 2042 vid.
393 2003 484 2052 supr.
505 2003 550 2040 ad
572 2003 626 2041 Jc‘ss.
649 2015 695 2040 11.

161 2067 221 2103 45.
248 2054 358 2099 Veliae
369 2053 559 2104 simulacra
570 2053 778 2104 feruntur.]
817 2054 916 2092 Fista
938 2055 1043 2093 haec.
1068 2057 1151 2095 Nec

113 2104 344 2143 simulacrum
376 2105 490 2142 ullum
518 2104 586 2142 fuit
615 2115 794 2154 umquam
822 2105 860 2144 in
884 2105 973 2144 aede
997 2106 1150 2146 Vestae:

111 2155 209 2194 unde
228 2164 268 2193 tu
287 2155 360 2204 ipse
381 2156 417 2192 in
439 2167 491 2192 v1.

164 2220 235 2271 Effe
259 2221 321 2257 diu
332 2219 462 2265 stultus
482 2219 592 2265 Vestae
604 2218 797 2267 simulacra
813 2222 945 2271 putavi
953 2237 966 2264 ;

213 2277 302 2308 Mox
323 2270 430 2307 didici
450 2284 556 2308 curvo
573 2271 673 2308 nulla
693 2271 817 2321 subeffe
835 2272 938 2311 tholo.

112 2339 152 2376 in
174 2337 335 2375 nummis
355 2344 481 2375 tamen
505 2337 580 2376 vidi
611 2337 697 2376 illud
724 2338 850 2377 sedens
869 2340 906 2377 in
930 2340 1085 2389 bipede,
1114 2342 1152 2380 &

114 2389 276 2436 patinam
305 2387 508 2425 libatoriam
539 2400 653 2427 manu
674 2397 826 2433 tenens;
856 2390 938 2437 sed,
966 2401 1005 2430 ut
1027 2393 1153 2438 vides,

117 2446 216 2475 extra
236 2437 428 2484 templum.
456 2439 578 2475 NEAP.

168 2499 226 2543 46.
255 2499 371 2535 Oculis
395 2499 563 2547 opposuiffe
589 2501 753 2549 manua]
793 2502 918 2539 Simile
940 2506 1063 2542 evenit
1083 2505 1155 2542 sce-

116 2549 222 2587 lestae
241 2549 293 2587 illi
314 2549 461 2586 Tulliae
475 2575 487 2592 ,
513 2549 589 2587 viso
607 2552 762 2598 parentis
782 2550 884 2600 signo
911 2552 947 2589 in
967 2554 1054 2590 fano
1067 2554 1155 2607 For-

116 2608 241 2638 tunae.
271 2599 402 2636 Noster
419 2600 453 2636 in
477 2611 529 2636 vx.

167 2666 244 2714 Post
272 2676 392 2703 tamen
419 2666 501 2704 haec
529 2668 613 2716 ausa
635 2669 678 2718 est
708 2670 872 2720 templum
897 2698 908 2714 ‚
943 2671 1158 2710 monimenta

291 2727 472 2766 parentis,

221 2773 399 2816 Tangere.-
429 2768 520 2805 mira
548 2770 687 2820 quidem
708 2798 718 2815 ‚
746 2771 809 2819 fid
835 2782 952 2810 tamen
980 2776 1081 2819 abla,
1111 2773 1158 2810 Io-

318 2833 388 2855 MOV-

173 2833 315 2917 δὶἕηαηῖ
333 2879 407 2905 erat
426 2869 464 2905 in
486 2869 571 2918 fiilio
599 2869 741 2916 residens
762 2872 828 2920 sub
848 2873 997 2923 imagine
1017 2875 1134 2921 Tulli,

225 2919 367 2956 Dicitur
389 2919 448 2956 hoc
465 2921 568 2957 oculis
588 2921 754 2971 opposuiffl’
772 2937 932 2962 manum.

121 2969 296 3007 ΝεΑΡοι..
325 2972 543 3019 praeposuisse
561 2973 712 3010 Moreti.

170 3047 228 3080 47.
256 3040 338 3071 Ara
366 3041 459 3073 Deae
487 3047 572 3073 certe
591 3038 778 3090 tremuit.]
817 3041 926 3080 Hanc
946 3043 984 3080 in
1003 3043 1156 3082 denariis

120 3084 244 3123 videre
262 3086 348 3124 licet
367 3099 451 3124 cum
476 3089 690 3127 carbonibus
711 3090 748 3127 in
768 3093 894 3130 medio
917 3095 1072 3132 accensis
1086 3123 1096 3140 ‚
1118 3097 1155 3133 &

120 3134 174 3171 his
191 3135 315 3174 litteris
335 3138 372 3174 in
395 3149 481 3183 ora,
511 3151 647 3176 vesu.
677 3151 733 3178 sc.
759 3143 883 3180 NEAP.

171 3197 229 3242 48.
255 3203 300 3235 Et
315 3199 417 3244 subiit
443 3202 604 3251 cineres.]
642 3204 732 3241 Fere
763 3206 942 3247 extineia:
977 3209 1077 3259 quod
1100 3209 1155 3246 su-

123 3257 186 3334 ffr
211 3250 335 3287 omnia
358 3253 479 3300 gravia
512 3255 548 3292 ὃς
579 3255 744 3294 timenda
775 3258 938 3298 Romani
965 3261 1154 3300 habebant.

167 3307 298 3335 sapor..
569 3324 579 3328 -

2100 1469 2249 1526 Mar=

1256 1609 1318 1645 50.
1348 1599 1517 1649 Raptas.]
1548 1607 1675 1651 Raptor
1694 1605 1819 1643 Petav.
1833 1607 1964 1653 fratris
1987 1608 2105 1647 multi.

1257 1660 1315 1696 51.
1343 1650 1542 1701 Geminos.]
1573 1660 1696 1692 Pueros
1719 1657 1889 1695 Vatican.
1912 1660 1949 1696 δέ
1973 1659 2047 1697 duo
2065 1661 2138 1699 alii.

1255 1712 1313 1747 55.
1342 1701 1477 1737 Nutrix
1506 1706 1734 1755 Laurentia]
1768 1709 1870 1745 Alter
1900 1710 2039 1748 Mazar.
2064 1711 2245 1755 Larentia,

1207 1760 1273 1797 pro
1296 1749 1433 1787 diversa
1454 1752 1627 1792 lec‘tione.
1654 1758 1853 1805 quomodo
1877 1760 1914 1796 ὃς
1935 1772 2027 1797 unus
2046 1761 2250 1800 Mediceus.

1207 1804 1307 1836 Acca
1334 1812 1487 1849 quoque
1516 1807 1681 1843 Larentia
1715 1808 1847 1846 dicitur
1873 1810 1910 1847 in
1942 1811 2153 1850 melioribus
2185 1824 2249 1848 ex-

1208 1851 1425 1899 emplaribus
1446 1852 1627 1903 Fulgentii
1653 1857 1699 1895 de
1726 1859 1841 1907 prisco
1864 1859 2054 1905 sermone,
2085 1863 2122 1900 ὃ(
2144 1863 2252 1900 Cice-

1206 1903 1290 1938 roni
1308 1901 1400 1939 libro
1420 1904 1651 1951 epistolarum
1671 1907 1716 1946 ad
1738 1910 1891 1948 Brutum
1915 1912 1952 1948 &
1983 1914 2029 1949 A.
2049 1913 2172 1950 Gellio
2195 1923 2247 1951 tet

1206 1960 1382 1999 quaterve
1403 1954 1516 1992 Νοέὶ.
1538 1959 1650 1997 Attic.
1672 1971 1724 1997 VI.
1747 1972 1777 2006 7.
1807 1961 1972 1999 editione
1989 1975 2100 2012 quam
2119 1964 2252 2002 Ludo-

1208 2004 1308 2040 vicus
1330 2003 1483 2042 Carrion
1508 2017 1552 2044 ex
1570 2010 1823 2059 antiquiflimis
1850 2013 2072 2051 membranis
2101 2014 2249 2064 castiga-

1207 2054 1273 2091 vit.
1298 2065 1368 2092 nec
1387 2055 1489 2093 aliter
1506 2058 1749 2107 castigandum
1771 2064 1806 2100 in
1831 2063 1973 2101 Eusebii
1994 2064 2184 2103 Chronico
2204 2066 2251 2104 ad

1208 2115 1343 2141 annum
1368 2118 1513 2145 Mccxv.
1539 2121 1660 2159 neque
1681 2113 1783 2150 aliter
1803 2113 2251 2163 Pliniolibroxv111.cap.

1206 2167 1242 2192 2.
1272 2156 1356 2193 Nat.
1387 2157 1480 2195 Hist.
1513 2160 1549 2197 in
1579 2161 1725 2209 optimo
1758 2164 1886 2202 codice
1924 2165 2176 2204 chiffletiano.
2202 2167 2257 2205 se-

1207 2205 1336 2253 quenti
1357 2207 1458 2245 versu
1480 2212 1682 2249 Larentalia
1699 2226 1743 2251 ex
1764 2227 1840 2251 uno
1859 2215 1924 2252 suo
1938 2217 2248 2264 Neapolisreece.

1207 2257 1257 2293 ita
1277 2257 1375 2294 enim
1405 2258 1443 2296 in
1465 2258 1688 2301 Kalendariis
1711 2267 1929 2304 marmoreis
1957 2266 1993 2305 id
2020 2268 2148 2305 festum
2164 2295 2173 2311 ‚
2201 2269 2252 2305 ita

1210 2305 1231 2343 a
1253 2307 1422 2346 Varrone
1447 2337 1456 2352 ‚
1483 2310 1588 2349 Festo
1616 2341 1626 2357 ,
1653 2315 1767 2353 Livio
1791 2344 1801 2360 ,
1831 2317 2147 2361 Halicarnaffioeo,
2176 2318 2251 2355 aliis

1209 2357 1417 2405 appellatur.
1445 2359 1493 2398 fic
1523 2371 1622 2400 certe
1652 2365 1688 2401 in
1730 2366 1831 2404 Livii
1867 2368 1903 2404 ἃ
1936 2367 2252 2406 Halicarnaffenfis

1209 2408 1356 2445 vetustis
1382 2409 1483 2448 scribi
1511 2414 1775 2461 exemplaribus
1803 2425 1933 2454 monet
1963 2419 2142 2465 Sigonius.
2171 2419 2249 2455 Co-

1210 2457 1280 2494 dex
1326 2461 1542 2498 veterrimus
1569 2463 1835 2510 Egmondanus
1871 2467 2054 2504 Prudentii
2087 2469 2179 2506 libro
2204 2481 2253 2508 11.

1211 2515 1336 2544 contra
1366 2509 1630 2557 Symmachum
1674 2514 1728 2555 ybs.
1757 2517 1838 2563 562.
1882 2518 2073 2553 Larentina
2101 2529 2255 2567 quoque

1211 2557 1383 2603 agnoscit.
1411 2559 1450 2596 &
1480 2562 1725 2609 ant-iquiffima
1756 2567 1975 2613 exemplaria
2006 2567 2189 2607 Lad‘tantii
2209 2571 2253 2608 li-

1213 2606 1278 2643 bro
1304 2608 1425 2655 primo
1447 2609 1492 2647 de
1511 2611 1605 2649 Falsa
1629 2614 1822 2663 Religione
1851 2628 2001 2665 cap.20.
2050 2621 2185 2656 Auclor
2210 2621 2254 2668 est

1214 2656 1338 2694 Livius
1361 2661 1570 2698 Larentinae
1589 2663 1644 2711 effe
1655 2663 1931 2712 fimulaclerum,
1960 2679 2004 2707 (9·
2021 2668 2160 2719 quidem
2183 2684 2252 2708 non

1213 2708 1354 2756 corporis
1366 2709 1442 2758 ‚fid
1458 2713 1582 2748 mentis
1604 2726 1646 2752 ω’
1665 2729 1810 2752 morum.
1839 2720 2077 2768 Quamquam
2101 2721 2135 2757 in
2158 2733 2255 2759 non-

1213 2758 1319 2796 nullis
1339 2763 1603 2809 exemplaribus
1617 2793 1626 2808 ,
1642 2769 1833 2805 Larentiae.
1860 2770 2057 2816 quomodo
2069 2771 2106 2807 ὃς
2118 2771 2255 2810 Plutar-

1215 2809 1286 2845 cho
1323 2812 1520 2859 appellatur
1551 2815 1587 2851 in
1624 2817 1788 2854 Romulo
1812 2846 1821 2862 ‚
1862 2821 2032 2858 Minucio
2065 2821 2181 2860 Felici
2215 2824 2253 2860 in

1215 2859 1401 2906 Οέὶανίο,
1423 2863 1656 2903 Tertulliano
1670 2867 1720 2904 bis
1741 2870 1774 2905 in
1791 2870 2149 2920 Ap01‹»gctico‚cap,
2164 2886 2255 2911 xm.

1214 2911 1254 2946 ὃ(
1275 2923 1361 2950 xxv.
1381 2914 1418 2950 ὃ(
1439 2915 1689 2963 terlquaterve
1710 2919 1802 2955 libro
1824 2933 1868 2957 υ.
1888 2922 2055 2958 adversus
2070 2923 2251 2961 Nationes

1213 2972 1290 3008 cap.
1310 2974 1344 2998 x.
1386 2964 1423 3000 ὃς
1446 2976 1543 3002 xvxi.
1590 2967 1709 3006 Plinio
1738 2970 1900 3009 Naturali
1926 2972 2094 3010 Historia.
2131 2974 2253 3012 eidem

1211 3010 1406 3051 Plutarcho
1430 3016 1579 3061 Quaest.
1602 3019 1712 3056 Rom.
1727 3033 1836 3058 xxxv.
1869 3022 2013 3060 vic-”tori
2035 3023 2079 3060 de
2091 3024 2188 3062 Viris
2208 3025 2255 3062 ll-

1210 3061 1373 3101 lustribus
1387 3091 1398 3108 ,
1426 3065 1585 3115 denique
1598 3069 1633 3105 in
1654 3071 1726 3106 vita
1744 3071 1881 3109 Procae
1901 3075 1991 3122 regis
2005 3074 2144 3112 Albani.
2167 3076 2255 3113 Gez-

1211 3112 1262 3149 lio
1282 3113 1375 3152 libro
1397 3127 1448 3153 vx.
1469 3128 1544 3165 cap.
1565 3120 1600 3156 6.
1628 3120 1822 3159 Macrobio
1843 3124 1901 3160 lib.
1925 3137 1952 3161 1.
1981 3136 2056 3173 cap.
2084 3139 2138 3162 io.
2181 3126 2254 3162 Ce-

1211 3171 1331 3202 terum
1355 3177 1439 3203 cum
1470 3166 1657 3215 scriptores
1688 3172 1876 3212 Christiani
1911 3177 2139 3212 Larentinam
2161 3177 2253 3212 hane

1212 3214 1410 3253 faeminam
1436 3219 1614 3265 appellare
1640 3223 1767 3260 malint
1784 3223 1895 3273 quam
1924 3227 2146 3267 Larentiam,
2176 3237 2251 3261 non

1210 3263 1338 3303 dubito
1356 3268 1393 3304 ὃ(
1409 3268 1643 3308 Lair-antium
1667 3272 1712 3309 sic
1735 3275 1950 3312 enuncialle.
1978 3276 2071 3322 apud
2094 3273 2252 3311 eundem

1210 3315 1345 3355 eodem
1382 3318 1468 3404 Iolco
1501 3322 1743 3361 Larentinalia
1776 3326 1901 3363 felium
1930 3324 2136 3361 Larentinae
2167 3324 2258 3362 dici-

1391 3412 1395 3415 .
1459 3380 1479 3406 2
2175 3383 2256 3423 tur,
