2495 3675
250 199 347 261 156

670 223 672 225 “
732 197 793 253 Ρ.
868 192 1898 255 0·VtD1·1NASON1-=S

549 309 746 368 Martia
772 325 854 368 ter
881 313 1031 368 senos
1055 313 1234 385 proles
1259 309 1565 365 adoleverat
1588 325 1751 365 annos
1766 339 1783 374 3
1815 301 1822 305 .

409 385 477 437 60

628 384 699 439 Et
725 386 930 441 suberat
957 384 1124 440 flavae
1145 384 1252 455 jam
1279 401 1416 438 nova
1440 382 1600 437 barba
1624 399 1828 438 comae.

549 455 814 513 Omnibus
839 457 1083 530 agricolis
1106 467 1581 528 armentorumque
1609 455 1864 527 magistris

622 531 809 585 Iliadae
839 532 1025 585 fratres
1046 530 1159 598 jura
1187 528 1354 600 petita
1377 527 1587 582 dabant.

548 601 714 673 Saepe
740 603 965 656 domum
990 601 1208 657 veniunt
1231 600 1564 672 praedonum
1592 601 1838 671 sanguine
1863 602 2029 666 laeti,-

626 676 697 727 Et
728 675 978 745 redigunt
1006 674 1147 728 aditos
1172 675 1226 728 in
1251 673 1338 726 sua
1362 691 1482 727 rura
1509 673 1688 726 boveS.

549 747 623 801 Ut
651 764 816 816 genus
841 747 1156 808 audierunt;
1198 746 1401 799 animos
1426 757 1574 816 pater
1598 744 1774 800 editus
1800 760 1988 819 auget:

626 819 696 873 Et
721 819 888 890 pudet
911 821 964 874 in
992 819 1169 891 paucis
1196 835 1395 872 nomeu
1423 816 1619 872 habere
1646 817 1796 872 casis:

548 890 931 963 Romuleoque
956 892 1098 946 cadit
1127 889 1369 961 trajeeius
1396 891 1639 945 Amulius
1664 890 1809 945 ense:

622 964 922 1038 Regnaque
949 966 1211 1035 longaevo
1237 963 1582 1018 restituuntur
1611 981 1726 1017 avo,

536 1035 764 1091 Moenia
788 1037 1121 1092 conduntur:
1164 1054 1329 1108 quae,

622 1111 750 1165 Non
778 1124 955 1166 tamen
981 1109 1219 1182 expediit
1244 1108 1545 1164 transiluiss'e
1571 1108 1769 1164 RemO.

405 1129 471 1178 70

255 1330 336 1366 tur,
365 1322 469 1361 nullis
490 1332 656 1361 veterum
679 1323 858 1363 librorum
881 1322 1178 1363 dissentientibus.
1216 1323 1302 1361 Ma-

257 1374 401 1411 crobius
419 1386 570 1423 quoque
592 1374 654 1412 etsi
669 1380 803 1412 Accam
815 1376 969 1424 appellet
983 1375 1186 1412 Larentiam
1201 1403 1210 1419 ,
1223 1387 1301 1412 non

256 1425 487 1461 Larentinam
504 1453 512 1468 ‚
542 1425 670 1464 festum
699 1435 823 1464 tamen
848 1427 923 1475 ejus
948 1425 1187 1463 Larentinalia
1206 1437 1302 1463 nun-

257 1484 366 1522 cupat
388 1503 399 1520 ,
443 1487 519 1513 non
551 1477 754 1514 Larentalia
778 1489 863 1515 cum
887 1476 1058 1523 Nasone,
1082 1475 1301 1513 Laurentilia

254 1525 531 1564 Ambrosianus.
561 1528 704 1564 Heius.

310 1589 367 1623 57.
396 1582 487 1613 Cum
511 1578 739 1614 Laurentalia
757 1577 913 1627 dicam]
959 1578 1001 1615 In
1030 1589 1143 1621 meo,
1172 1582 1299 1613 Laren-

253 1626 354 1663 talia.
379 1626 498 1665 firmat
519 1628 638 1666 Festus
669 1629 871 1667 editionem
897 1630 931 1666 in
953 1628 1036 1666 his:
1077 1627 1302 1672 Larentalia,

253 1678 404 1725 conjugis
427 1678 542 1725 Fausti
563 1706 573 1722 ‚
612 1680 758 1715 nutricis
787 1679 884 1717 Remi
916 1691 958 1718 (ς’
980 1679 1140 1722 Romuli;
1172 1684 1303 1715 Laren-

255 1728 326 1764 tiae
345 1729 445 1775 festa.
494 1730 585 1766 Sunt
616 1731 652 1767 in
684 1732 798 1767 veteri
831 1729 1049 1767 Kalendario
1078 1730 1201 1767 mense
1224 1730 1301 1766 De-

255 1780 392 1816 cembri
413 1791 447 1816 x.
476 1779 554 1816 Kal.
577 1779 678 1828 quod
702 1781 738 1817 &
770 1779 790 1816 e
808 1779 1004 1817 Macrobio
1025 1780 1187 1818 observa.
1226 1780 1301 1816 Pri-

255 1842 311 1866 mo
331 1834 445 1864 Satur.
463 1842 497 1866 x.
521 1831 602 1866 Kal.
627 1830 739 1875 seriae
759 1830 848 1877 sunt
869 1830 976 1876 Jovis
991 1858 1001 1874 ‚
1025 1844 1112 1881 quae
1128 1829 1301 1879 appellan-

253 1890 314 1916 tur
342 1879 558 1916 Larentalia.
621 1880 724 1917 Sacra
755 1881 910 1918 faciebat
936 1880 1069 1919 flamen
1100 1881 1301 1925 Martialis,

254 1929 342 1967 teste
355 1929 547 1967 Plutarcho
572 1932 606 1968 in
631 1931 820 1976 Rcmulo3
850 1931 908 1968 sed
927 1931 1045 1969 scribit
1066 1931 1145 1969 ille:
1174 1934 1302 1976 Ταύτῃ

254 1980 296 2016 δὲ
319 1982 536 2018 Laurentiae
556 2008 567 2026 ,
598 1985 656 2017 uzi
679 1983 785 2018 θύουσι
805 1980 963 2027 Ῥωμαῖοι
986 2011 996 2026 ,
1025 1984 1091 2019 seui
1109 1983 1203 2028 χεΞις
1223 1982 1300 2018 ἐπι·

254 2032 353 2076 φέρει
378 2033 442 2067 ’τοῦ
464 2033 677 2076 Ἀπριλλῖευ
695 2035 797 2076 μηνὸς
817 2033 907 2078 αἰτῇ
929 2033 1159 2077 &arowasiae
1179 2035 1297 2078 ἱερεύς.

251 2082 375 2129 Hujus
402 2082 579 2130 scriptoris
608 2082 762 2121 caussam
801 2093 944 2122 tueatur
973 2085 1036 2134 qui
1071 2085 1189 2127 velit,
1228 2097 1297 2123 nos

251 2133 511 2170 hallucinatum
535 2134 726 2172 credimus.
756 2135 879 2172 Nem).

283 2234 288 2238 ι
310 2182 369 2230 58.
406 2189 570 2232 acceptus
605 2185 751 2236 geniis.]
818 2186 882 2223 Ob
918 2184 1133 2224 Saturnalia.
1173 2186 1295 2225 Auso-

252 2245 355 2271 nius:

302 2290 426 2322 Aurea
446 2297 538 2321 nunc
555 2295 688 2323 revocet
704 2286 849 2323 Saturni
860 2285 948 2332 festa
969 2286 1170 2324 December.-

359 2341 465 2372 Nunc
481 2335 546 2372 tibi
565 2350 642 2373 cum
664 2337 801 2375 domino
823 2337 937 2374 ludere
958 2351 1068 2374 verna
1088 2336 1178 2377 licet.

251 2403 289 2439 &
311 2391 434 2440 iberus
456 2404 795 2452 epigrammatarius
816 2402 860 2440 ad
881 2401 1059 2440 Fuscum:

303 2471 385 2506 Otia
408 2471 492 2506 dum
514 2471 646 2506 medius
659 2470 796 2519 praebet
819 2468 884 2506 tibi
899 2480 1003 2518 grata
1022 2468 1215 2508 December.

251 2521 311 2559 Aa
334 2522 490 2570 geniales
510 2522 577 2559 lios
605 2521 679 2558 dies
707 2520 853 2563 alludit,
883 2532 966 2558 cum
990 2520 1068 2557 fora
1088 2519 1229 2565 clausa,
1253 2522 1291 2558 &

250 2573 368 2608 otium
393 2571 575 2609 causidicis
599 2599 609 2614 ,
645 2571 763 2608 studiis
795 2572 904 2607 etiam
935 2570 1163 2608 intermistio.
1205 2572 1292 2609 Huc

254 2622 340 2659 facit
362 2623 406 2658 C.
427 2623 558 2660 Plinius
586 2623 717 2668 junior
738 2623 774 2659 in
803 2620 990 2668 Epistolis:
1021 2627 1142 2670 Atque
1162 2621 1233 2658 ideo
1253 2634 1293 2659 tu

251 2671 288 2707 in
308 2670 458 2717 scholam
480 2686 615 2709 revocas
639 2700 649 2716 ,
687 2685 740 2719 ego
758 2671 962 2708 Saturnalia
984 2671 1138 2707 extendo.
1166 2672 1290 2710 ΝΕΑΡ.

251 2721 369 2769 Quod
396 2734 441 2759 eo
471 2724 592 2760 mense
622 2724 659 2759 δε
691 2721 889 2759 Saturnalia
920 2720 1190 2757 celebrabantur
1211 2748 1221 2764 ‚
1250 2724 1289 2758 ὃς

249 2771 500 2820 indulgebatur
520 2786 581 2820 per
602 2774 682 2810 illos
699 2772 773 2810 dies
792 2772 917 2821 genio.
940 2769 1011 2807 Sed
1029 2772 1066 2806 ὅ(
1087 2769 1289 2808 undecimo

251 2821 435 2859 Kalendas·
466 2824 648 2868 ‚lanuarias
688 2824 798 2860 feriae
841 2821 993 2858 Laribus
1040 2820 1290 2865 consecratae,

248 2872 378 2921 quibus
406 2874 533 2909 aedem
573 2873 670 2910 bello
711 2873 889 2910 Antiochi
927 2871 1099 2908 AEmilius
1131 2871 1290 2919 Regillus

249 2931 393 2971 praetor
415 2924 449 2960 in
470 2924 613 2970 Campo
633 2925 770 2961 Martio
789 2922 986 2960 curandam
1011 2919 1167 2959 vovisset
1181 2922 1291 2966 ‚teste

250 2973 457 3010 Macrobio.
486 2975 531 3010 A.
554 2975 690 3011 Gellius
713 2973 826 3011 Nost.
855 2974 1006 3010 Atticar.
1029 2972 1120 3010 libro
1143 2984 1193 3010 vi.
1211 2985 1289 3021 cap.

250 3035 281 3069 7.
312 3023 423 3060 docet
445 3022 466 3059 a
491 3025 637 3060 nimine
662 3024 845 3069 Quirinali
869 3022 1081 3060 sacrificium
1114 3022 1191 3060 fieri
1214 3024 1291 3061 Ac·

249 3086 313 3111 cae
343 3074 548 3110 Larentiae.
585 3073 685 3120 quod
714 3073 893 3120 populum
933 3073 1145 3110 Romanum
1185 3073 1290 3112 bonis

246 3125 313 3165 suis
331 3123 528 3162 haeredem
557 3121 768 3160 instituisset.
805 3122 902 3160 idem
932 3134 977 3159 ex
1001 3122 1132 3160 Sabino
1152 3122 1290 3162 Massu—

247 3177 302 3213 rio
322 3184 461 3217 narrat,
493 3181 629 3211 Fratres
654 3173 794 3209 arvales
824 3185 964 3208 numero
992 3172 1169 3208 duodecim
1191 3174 1289 3219 insti-

246 3237 359 3269 tutos,
387 3226 478 3272 quod
498 3224 661 3262 Romulus
682 3229 792 3259 Accae
807 3223 925 3270 filium
943 3222 1011 3271 sese
1030 3223 1183 3267 dederit,
1208 3238 1286 3261 cum

244 3276 304 3312 illa
326 3289 368 3313 ex
395 3276 509 3312 liei-eris
531 3275 691 3311 duodenis
718 3287 828 3310 unum
860 3284 970 3310 morte
993 3273 1173 3320 sublatum
1192 3277 1285 3311 arni·

237 3327 334 3377 fiffit.
384 3332 440 3366 Ex
466 3326 524 3366 illo
557 3338 606 3368 (9¹.
627 3325 811 3365 Romulum
839 3337 881 3366 ω’
912 3326 1293 3376 ceterossratresfuiffe

1366 1035 1604 1108 quamvis
1630 1052 1784 1107 parva
1811 1037 2060 1104 fuerunt,

2250 1189 2368 1261 Jatn
2383 1233 2416 1259 ,-

1356 1323 1540 1373 appellatos
1561 1321 1702 1360 arvales
1715 1350 1726 1368 ,
1753 1324 1994 1374 collegiumque
2009 1325 2222 1377 permanfiſj‘e
2234 1331 2401 1376 fratrum

1355 1375 1538 1412 arvalium
1561 1386 1703 1410 numero
1723 1374 1876 1412 duodeno
1899 1404 1910 1419 ,
1949 1377 2044 1425 cujus
2066 1380 2252 1426 sacerdotii
2279 1381 2409 1431 insigna

1347 1423 1398 1473 fit
1420 1438 1540 1462 corona
1569 1424 1675 1471 spicea
1697 1438 1774 1462 cum
1797 1425 1887 1462 albis
1911 1425 2044 1471 infulis.
2089 1429 2280 1468 simillima
2300 1444 2403 1480 pror-

1355 1476 1409 1513 sus
1428 1488 1472 1513 ex
1496 1476 1622 1513 Rutilii
1647 1476 1798 1513 Gemini
1829 1476 1924 1513 libris
1953 1477 2219 1518 Pontificalibus
2248 1481 2342 1519 hanc
2363 1483 2401 1521 in

1356 1538 1432 1563 rem
1460 1527 1695 1574 proferuntur
1728 1525 1748 1563 a
1779 1527 1973 1575 Fulgentio
2003 1527 2194 1567 Planciade
2214 1531 2249 1567 in
2277 1532 2402 1571 libello

1358 1577 1610 1625 explicationis
1632 1576 1856 1615 Sermonum
1873 1578 2124 1627 Antiquorum
2141 1607 2152 1624 ,
2179 1592 2298 1627 voce,
2326 1589 2404 1621 Ar,

1358 1628 1608 1675 valesfratres.
1637 1627 1782 1665 HEiNs.

1412 1691 1470 1726 59.
1499 1685 1561 1716 Ter
1574 1678 1711 1727 senos.]
1740 1684 1804 1715 Ter
1817 1678 1909 1726 senis
1930 1678 2034 1717 annis
2052 1680 2235 1720 nonnulli.
2261 1683 2401 1724 Naue.

1358 1729 1443 1767 vid.
1463 1729 1506 1767 ad
1527 1742 1542 1767 1
1561 1730 1642 1767 Art.
1657 1729 1783 1767 Amat.
1804 1731 1888 1774 648·

1406 1779 1467 1818 60.
1495 1781 1588 1826 Jam
1621 1793 1714 1816 nova
1746 1780 1853 1816 barba
1881 1780 2030 1831 comae.]
2083 1781 2254 1833 Antiquo
2283 1785 2401 1825 verbo

1357 1838 1435 1869 utar
1449 1859 1459 1876 ‚
1480 1831 1654 1879 pilabant.
1683 1830 1774 1869 Festi
1796 1831 2059 1870 Abbreviator:
2086 1833 2183 1870 Pilat
2197 1863 2208 1878 ‚
2230 1835 2315 1882 pilos
2334 1837 2402 1874 ha-

1357 1881 1429 1918 bere
1457 1881 1586 1931 incipit.
1634 1882 1785 1919 Novam
1819 1882 1962 1920 barbam
1996 1893 2188 1931 exponunt
2226 1886 2401 1933 Gloffae,

1356 1933 1556 1978 πρωθήβην,
1583 1944 1678 1983 quae
1699 1932 1846 1970 Lucilio
1868 1932 1963 1971 dieta
1978 1961 1986 1975 ,
2016 1934 2163 1971 barbula
2176 1936 2307 1984 prima.
2331 1938 2398 1977 Esss·

1353 1982 1404 2020 set
1433 1984 1470 2021 δε
1490 1997 1583 2020 nova
1609 1982 1716 2020 barba
1744 1991 1909 2021 recenter
1938 1985 2128 2034 laevigata.
2181 1987 2251 2025 Pro
2270 1987 2397 2027 radere

1355 2033 1524 2072 dixerunt
1543 2044 1705 2079 veteres,
1735 2048 1865 2071 novare
1884 2034 2041 2073 barbam.
2077 2037 2398 2088 ArnobiuszQid

1352 2085 1495 2123 novatio
1522 2098 1566 2126 ω’
1583 2085 1749 2122 revelatio
1763 2085 2016 2134 pudendorum.
2044 2087 2168 2125 ΝΕΑΡ.

1403 2137 1463 2174 61.
1495 2136 1704 2185 Magistris.]
1719 2137 1900 2184 ,Quidam
1920 2136 2061 2184 scripti,
2096 2138 2274 2185 ministris.
2294 2147 2334 2177 ut
2354 2140 2395 2179 &

1351 2186 1447 2224 Edit.
1467 2187 1654 2235 Neapolis.
1672 2198 1858 2234 perperam
1875 2201 1885 2229 ;
1901 2195 1939 2224 ut
1957 2187 2001 2225 ad
2015 2187 2097 2224 Val.
2118 2188 2213 2226 Flac.
2234 2200 2287 2227 vx.
2310 2192 2394 2239 536.

1345 2237 1485 2285 plenius
1507 2237 1751 2275 ostendemus.
1781 2236 1912 2274 Bunn.

1402 2292 1461 2336 63.
1488 2294 1586 2337 Saepe
1606 2288 1747 2324 domum
1762 2286 1958 2337 mmmm]
2001 2287 2043 2326 In
2063 2288 2269 2336 veteribus,
2291 2292 2393 2342 saepe

1348 2339 1488 2376 domum
1507 2338 1661 2375 redeunt.
1691 2339 1824 2375 NAUG.

1397 2391 1455 2436 64.
1483 2393 1529 2425 Et
1551 2389 1710 2436 redigunt
1728 2391 1820 2425 actos
1847 2388 1886 2425 in
1917 2389 1981 2434 sua
1997 2389 2080 2437 jura
2098 2388 2234 2440 boma]
2285 2393 2387 2432 Statii

1345 2441 1434 2478 liber
1448 2469 1458 2485 ,
1478 2444 1521 2476 Et
1543 2440 1701 2488 redigunt
1722 2450 1843 2486 raptos.
1873 2440 2043 2478 Cioran.
2072 2447 2112 2477 In
2128 2442 2190 2487 [ua
2204 2456 2288 2479 rura
2302 2455 2392 2482 rme-

1347 2492 1465 2528 liores.
1495 2491 1638 2527 Hsms.
1696 2492 1799 2526 Aelos
1826 2502 1902 2527 non
1933 2500 2076 2528 mutem
2095 2491 2202 2538 (iicet
2221 2495 2257 2530 in
2277 2495 2389 2533 tribus

1348 2543 1457 2579 etiarn
1485 2541 1617 2588 scriptis
1639 2548 1806 2588 appareat
1827 2541 1980 2590 raptos.)
2006 2543 2064 2579 cui
2085 2542 2277 2590 respondet
2295 2546 2394 2581 redi·

1344 2604 1445 2640 gunt.
1462 2591 1580 2628 Auos
1600 2590 1674 2628 sive
1696 2590 1841 2628 abactos
1855 2590 1874 2628 a
1892 2591 2134 2641 praedonibus
2150 2594 2263 2632 rursus
2275 2601 2393 2643 agunt

1347 2644 1386 2680 in
1405 2642 1464 2680 sua
1483 2653 1575 2680 rura.
1598 2642 1660 2679 lib.
1690 2654 1733 2678 11.
1767 2652 1850 2690 370.

2114 2720 2261 2745 uvencos

1400 2755 1540 2793 Romule
1565 2756 1748 2805 praedones
1770 2785 1780 2802 ,
1817 2758 1920 2807 eripe,
1946 2756 2058 2801 dixit,
2087 2721 2207 2806 aigum.

1352 2830 1365 2855 1
1390 2819 1484 2856 Mer.
1505 2821 1588 2862 676.

1402 2876 1475 2905 Hac
1494 2871 1564 2917 agit
1579 2899 1588 2915 ,
1616 2882 1656 2907 ut
1673 2871 1802 2918 pastor,
1827 2881 1883 2919 per
1903 2869 2007 2907 devia
2031 2885 2114 2908 rura
2135 2872 2275 2922 capellas
2289 2901 2299 2917 ς,

1347 2920 1385 2956 &
1415 2921 1550 2967 passim.
1585 2922 1623 2958 in
1655 2926 1721 2970 sua
1752 2923 1840 2957 recia
1880 2923 1988 2959 etiam
2022 2922 2109 2961 cluo.
2138 2925 2245 2972 castra
2268 2926 2408 2964 unus}-

1346 2970 1476 3008 Euan.

1397 3024 1456 3068 65.
1484 3027 1526 3056 Ut
1547 3034 1652 3068 genus
1671 3021 1856 3058 audierant
1871 3050 1879 3066 ‚
1910 3021 2042 3058 animos
2059 3032 2161 3072 pater
2190 3025 2300 3062 editus
2320 3040 2386 3062 au-

1343 3071 1437 3121 get.·]
1476 3073 1677 3108 Audieram
1709 3074 1798 3109 bene
1822 3074 1943 3110 Patav.
1965 3073 2011 3110 de
2039 3085 2114 3122 quo
2151 3075 2218 3123 Ep.
2241 3087 2310 3112 VH.
2330 3076 2386 3117 J'ls.

1350 3122 1426 3159 166.
1464 3134 1584 3169 neque
1606 3123 1705 3158 aliter
1727 3123 1886 3171 Nauger.
1923 3123 2079 3166 deinde,
2116 3134 2215 3171 pater
2246 3126 2391 3173 agnitus.

1347 3172 1466 3210 Urlin.
1487 3171 1561 3209 duo
1587 3173 1706 3209 l'atav.
1727 3173 1801 3210 duo
1826 3173 2000 3211 Medicei.
2021 3182 2059 3210 ut
2082 3174 2148 3223 lip.
2169 3188 2249 3214 xvi.
2273 3188 2336 3224 90.

1399 3223 1515 3270 Regius
1536 3225 1690 3270 agnoscor
1705 3233 1763 3272 per
1784 3235 1864 3260 rata
1879 3223 1979 3273 signa
1996 3233 2090 3272 puer.

1347 3274 1384 3312 δί
1409 3273 1516 3320 Epist.
1541 3285 1593 3310 vt.
1619 3285 1700 3320 123.

1397 3324 1432 3361 si
1454 3324 1586 3374 quaeris
1600 3324 1652 3361 cui
1661 3322 1735 3372 fin!
1752 3321 1879 3372 fimiles
1892 3352 1902 3371 ,
1931 3325 2114 3375 agnosceris
2131 3325 2216 3366 illis.
2241 3327 2389 3366 Hirr-ssi

2293 3379 2387 3416 Non
2409 3407 2411 3411 f
