2495 3675
403 167 1111 231 .TRIST1UM

1181 169 1368 227 L113.
1442 171 1480 226 Ι.
1558 170 1765 226 ELEG.
1804 173 1876 231 V.

2113 187 2212 242 471

348 270 500 328 Dum
524 270 720 343 loquor
737 308 752 334 ,
792 269 847 324 δι
874 268 1035 341 cupio
1058 267 1255 339 pariter
1282 265 1560 338 timeoque
1583 266 1796 328 revelli,

416 343 690 415 Increpuit
715 342 924 415 quantis
951 340 1150 395 viribus
1176 340 1319 395 unda
1342 340 1497 394 latus!

202 435 270 487 25
342 417 587 480 Parcite,
624 414 887 478 caerulei,
922 430 1017 468 vos
1041 413 1276 484 parcite,
1315 413 1532 468 numina
1559 412 1745 485 ponti;

422 489 783 561 Infestumque
814 486 946 542 mihi
971 484 1030 539 s1t
1056 486 1170 539 satis
1197 485 1301 540 esse
1326 485 1535 555 Jovem.

346 563 463 620 Vos
491 563 718 617 animam
744 560 923 614 saevae
949 556 1130 611 fess'am
1154 558 1433 614 subducite
1460 559 1638 613 morti.

422 636 478 691 Si
504 632 701 696 mod0,
736 636 829 705 qui
856 630 1014 704 periit
1031 668 1047 694 ‚
1089 647 1199 686 non
1223 631 1430 703 periisse
1457 631 1648 704 potest.

157 775 280 826 Exfilii
290 775 385 823 facio
404 782 460 824 per
480 784 556 810 mea
577 781 663 809 vota
686 770 799 809 viam.

108 829 296 879 Qamque
315 826 408 863 dedit
429 824 547 861 vitam
568 822 747 870 mitiffima
768 821 928 869 Caesaris
947 821 1001 858 ira
1015 851 1028 868 ,

159 884 259 915 Hanc
273 875 378 926 finite
408 875 530 922 infelix
557 875 594 911 in
615 874 686 911 loca
699 875 790 923 juſja
802 874 935 919 feram.

72 954 80 963 ·
105 929 230 970 Noluit
246 928 306 964 hoc
324 928 454 976 Caesar
468 954 478 971 ,
507 925 591 977 quid
611 938 712 975 quem
724 926 831 973 fugat
853 923 911 960 ille
930 921 1078 962 tenetis?

157 978 339 1029 Adspiciat
361 977 485 1016 vultus
506 976 650 1014 pontica
672 986 767 1013 terra
789 988 889 1013 meos.

57 1033 226 1073 Cxorm.

104 1096 166 1123 22.
192 1088 321 1120 Pareat
343 1079 407 1118 illa
433 1078 533 1126 dem]
571 1080 681 1127 Quae
711 1077 803 1116 illa?
831 1076 979 1126 plurimi
1004 1084 1107 1115 vete-

57 1147 164 1180 rum,
192 1132 302 1171 unda.
347 1130 418 1169 Sed
446 1130 563 1179 probo
595 1132 632 1168 &
658 1129 788 1178 sequor
812 1131 856 1166 τὸ
882 1141 984 1166 aura.
1004 1128 1108 1177 quod

59 1189 98 1227 in
119 1186 248 1225 decem
283 1181 562 1231 castigatioribus
595 1180 747 1219 offendi.
774 1180 922 1219 Hrms.
972 1185 1111 1228 Magna

57 1246 173 1291 pereat
190 1233 288 1274 unda
311 1233 418 1273 maris
436 1231 606 1272 ssernens.

1211 781 1272 818 23.
1301 770 1481 820 Timeoque
1498 770 1647 821 repella]
1700 769 1883 808 Barberin.
1906 768 1944 807 &
1974 780 2066 807 unus
2089 769 2214 808 Patarrss

1161 821 1306 865 revelli,
1335 822 1379 860 ab
1411 820 1512 859 ltalifi
1539 821 1684 859 scilicet.
1712 821 1858 858 Hems.
1912 820 1981 857 Sed
2006 821 2127 869 Repelli
2149 833 2216 857 eo-

1162 873 1247 909 dem
1268 872 1368 911 sensu
1392 873 1470 920 capi
1493 871 1612 910 debet.
1651 881 1760 910 nauta
1792 872 1890 909 enim
1918 871 2090 908 tendebat
2109 873 2145 908 in
2168 871 2216 914 ll-,

1160 924 1318 972 lyricum
1339 924 1445 967 litus,
1471 923 1569 961 Naso
1597 923 1745 973 optabat
1769 923 1812 960 ad
1836 922 2002 960 Italicum
2024 921 2170 971 appelli.

1213 1008 1274 1045 25.
1303 995 1440 1033 Parcite
1473 995 1619 1032 caerulei
1649 1009 1709 1032 vos
1743 993 1869 1044 saltem
1901 994 2050 1030 numina
2078 993 2216 1043 ponti]

1161 1048 1275 1086 Prim.
1294 1047 1401 1085 Polit.
1421 1048 1528 1095 prim.
1548 1047 1670 1085 Varie.
1693 1046 1730 1084 δε
1751 1057 1845 1084 unus
1867 1045 2108 1087 Bononiensis
2130 1056 2217 1093 cum

1164 1098 1518 1147 Rottendorphiano
1531 1126 1541 1141 ,

1165 1177 1316 1256 H—
1346 1169 1407 1202 Vos
1422 1164 1554 1214 parcite
1576 1162 1725 1201 numina
1741 1160 1851 1213 ponti·

1210 1229 1312 1255 ΞῐΝε.

764 1373 1330 1444 ELEGIA
1427 1372 1509 1439 V.

541 1533 684 1590 Mihi
711 1530 827 1604 post
852 1531 987 1585 ullos
1015 1547 1309 1602 numquam
1335 1524 1686 1582 memorande
1711 1523 1938 1590 sodales3

363 1538 500 1678 O
615 1606 670 1662 O
708 1604 795 1659 cui
820 1603 1107 1676 praecipue
1132 1604 1239 1657 sors
1267 1619 1385 1656 mea
1411 1600 1516 1654 visa
1539 1599 1625 1655 sua
1656 1596 1763 1660 est3

354 1680 672 1738 Attonitum
696 1677 789 1750 qui
819 1694 932 1740 me,
973 1676 1258 1747 (memini)
1299 1672 1594 1736 carissime,
1634 1671 1836 1745 primus

429 1754 604 1810 Ausus
630 1770 685 1808 es
712 1749 970 1822 adloquio
996 1746 1284 1803 sustinuisse
1315 1760 1443 1808 tuo;

213 1847 247 1902 5

357 1828 470 1901 Qui
493 1825 626 1883 mihi
652 1823 932 1880 consilium
964 1821 1180 1877 vivendi
1210 1820 1340 1874 mite
1365 1816 1553 1873 dedisti
1575 1857 1591 1882 ‚

428 1902 576 1957 Cum
602 1898 745 1953 foret
771 1897 826 1952 in
852 1895 1045 1951 misero
1070 1893 1290 1968 pectore
1313 1892 1502 1948 mortis
1533 1908 1719 1952 amor3
1769 1946 1773 1949 ,

364 1974 476 2032 Scis
500 1975 667 2036 bene,
697 1971 785 2026 cui
812 1969 989 2025 dicam
1006 2011 1018 2027 ‚
1056 1966 1236 2040 positis
1261 1983 1359 2037 pro
1385 1965 1606 2020 nomine
1635 1963 1837 2036 signin,

437 2045 703 2104 Officium
729 2061 830 2099 nec
857 2057 910 2097 te
940 2040 1102 2106 fallit,
1140 2040 1342 2102 amice,
1381 2051 1550 2094 tuum.

128 2327 163 2356 1.
190 2321 220 2354 Ο
243 2313 332 2353 mihi
357 2311 426 2363 post
453 2311 541 2349 ullos
561 2322 759 2360 numquam
781 2306 1003 2346 memorande
1020 2305 1126 2355 soda-

75 2369 121 2409 les
134 2397 145 2414 ‚
173 2373 202 2405 O
222 2367 276 2405 cui
291 2364 467 2416 praecipue
486 2364 556 2409 sors
581 2374 657 2398 mea
673 2361 752 2409 visa
766 2361 835 2407 sua
851 2358 894 2405 est
906 2357 950 2407 J]
981 2357 1126 2394 Laudat

21 2478 22 2481 Ἴ
74 2420 241 2511 ἓῐὲἑςῐιὲῐξι
260 2417 281 2455 ὲ
303 2416 400 2462 fide,
428 2416 468 2453 8(
489 2413 510 2452 ὲ
528 2413 672 2452 dolore.
698 2410 747 2450 sic
768 2421 884 2459 prope
901 2409 960 2447 lib.
985 2419 1037 2447 w.
1064 2408 1126 2447 De

128 2539 158 2570 O
179 2531 268 2570 mihi
287 2542 356 2567 non
374 2529 492 2566 dubios
512 2528 603 2566 inter
621 2526 841 2565 memorande
852 2523 1012 2575 firdalesl
1032 2531 1033 2534 ’

75 2595 125 2636 Et
152 2606 207 2632 ιν.
232 2593 340 2642 hujus
357 2593 498 2641 operis:
997 2574 1008 2582 .

131 2661 162 2692 Ο
183 2655 271 2693 mihi
288 2655 424 2693 dilefftos
447 2655 539 2692 inter
549 2653 624 2703 sors
638 2653 755 2704 prima
766 2651 928 2699 sodales,

180 2706 289 2744 Unica
304 2705 465 2754 fortunis
483 2719 548 2743 ara
566 2715 697 2755 reperta
718 2704 813 2743 meis.

81 2784 197 2825 Hunc
215 2797 334 2835 paene
355 2785 496 2824 versum
522 2784 705 2832 usurpavit
724 2781 994 2821 Martial.lib.1.
1021 2781 1132 2819 Omi-

63 2835 121 2873 1ht'
138 2835 206 2886 post
222 2837 335 2874 nullos
353 2836 438 2883 Juli
455 2834 676 2874 memorande
687 2834 828 2882 sodales.
856 2834 1025 2871 CroFAN.
1056 2840 1133 2870 Me-

84 2887 250 2925 morande
274 2897 415 2926 veteres
446 2888 622 2936 plerique.
658 2885 781 2923 Scribe
801 2894 942 2933 praeter
959 2895 1000 2921 ea
1017 2911 1028 2926 ‚
1053 2896 1136 2919 nus·

67 2942 194 2987 'quam
216 2939 446 2976 memorande.
475 2939 647 2976 Ponmv.
695 2943 724 2973 O
748 2936 838 2972 mihi
856 2949 924 2973 non
947 2933 1064 2971 dubios
1083 2935 1138 2970 in·

87 2997 140 3026 ter
161 2990 380 3026 memorande
396 2989 541 3038 sodales.
579 2988 775 3030 Martialis,
808 2993 837 3023 O
866 2985 955 3023 mihi
972 2986 1038 3032 post
1058 2985 1140 3021 nul-

91 3037 160 3084 los,
186 3040 270 3085 Juti
294 3070 304 3084 ,
331 3040 552 3078 memorande
565 3039 712 3087 sodales.
743 3039 890 3075 Hzms.
927 3037 1006 3074 1³0st
1030 3036 1142 3072 nullos

93 3101 250 3140 unquam
272 3091 359 3129 editi
386 3091 551 3140 quidam.
570 3102 661 3127 mox
677 3117 687 3132 ‚
718 3094 762 3126 Et
780 3087 1142 3138 cuiGryph.&Vin-

93 3149 190 3178 cent.
211 3141 343 3180 deinde
357 3144 434 3189 fors
453 3155 530 3178 mea
549 3153 640 3179 unus
663 3140 783 3177 Vatic.

148 3202 184 3251 ςζ
209 3204 399 3253 Consilium
427 3204 575 3242 vivendi
599 3204 683 3242 mite
714 3201 872 3251 dedisti.]
926 3201 1032 3252 Fulsti
1050 3213 1144 3242 unus

96 3251 301 3293 Mediceus.
326 3256 521 3306 eleganter.
548 3255 659 3294 Trist.
683 3266 735 3292 xv.
756 3254 812 3293 El.
831 3266 880 3294 11.

75 3372 80 3375 ν
146 3327 313 3369 liortator
327 3332 458 3375 pugnae
479 3320 719 3374 consiliumque
726 3320 818 3370 fuit.

2069 2159 2231 2217 Haec

1181 2304 1250 2354 Ep.
1271 2302 1409 2342 Helen.

1183 2417 1220 2455 H
1234 2368 1336 2414 §Quae
1356 2363 1446 2404 mihi
1457 2365 1548 2415 sunt
1569 2363 1704 2403 comites
1725 2360 1968 2413 consiliumque
1989 2361 2094 2402 duae,

1226 2429 1330 2454 ems.

1235 2481 1270 2517 6.
1297 2486 1391 2517 Cum
1404 2483 1498 2526 soret
1518 2479 1558 2516 in
1578 2478 1695 2526 misero
1710 2479 1837 2526 pefflore
1849 2475 1968 2514 mortis
1986 2474 2114 2525 amon]
2130 2474 2232 2515 Cum·

1183 2543 1246 2568 me
1270 2531 1386 2579 ipsum
1418 2529 1621 2568 interficere
1648 2537 1863 2576 exoptarem
1890 2553 1900 2570 ,
1937 2525 1998 2563 lib.
2026 2539 2089 2563 111.
2128 2526 2234 2575 Elcg.

1185 2594 1258 2620 nx.
1286 2582 1331 2620 de
1351 2582 1493 2625 Patria,
1521 2591 1564 2617 ac
1597 2581 1744 2617 suorum
1778 2576 1955 2615 desiderio
1979 2604 1989 2620 ‚
2027 2576 2086 2614 ubi
2109 2577 2235 2625 gladio

1185 2633 1282 2670 mori
1306 2641 1482 2681 expetens
1509 2631 1555 2669 de
1591 2629 1756 2679 Augusto
1788 2628 1951 2678 queritur
1975 2655 1986 2671 ,
2024 2629 2129 2677 quod
2158 2627 2238 2673 suas

1185 2683 1362 2728 offensas,
1391 2691 1430 2721 ut
1451 2682 1524 2732 ipse
1546 2682 1623 2725 ait,
1649 2693 1726 2719 non
1750 2679 1995 2717 ulcisceretur.

1236 2752 1270 2785 T
1267 2757 1372 2785 antus
1390 2759 1490 2784 amor
1509 2747 1598 2783 necis
1613 2745 1657 2792 est
1670 2772 1680 2788 ,
1708 2755 1834 2794 querar
1852 2752 1891 2778 ut
1913 2741 1953 2778 (Ie
1972 2741 2129 2793 Caesaris
2139 2740 2213 2786 ira,

1289 2798 1395 2848 Qod
1415 2811 1484 2834 non
1503 2798 1641 2846 offinsas
1663 2795 1817 2831 vindicet
1838 2797 1911 2841 ense
1923 2794 2019 2841 suas.

1190 2861 1315 2900 Celsus
1334 2883 1346 2906 -‚
1381 2873 1493 2911 quem
1521 2863 1615 2898 inter
1645 2859 1876 2908 pauciffimos
1912 2856 1992 2895 illos
2022 2861 2241 2901 enutrieram

1190 2914 1255 2961 qui
1276 2913 1321 2950 ab
1342 2913 1419 2960 ejus
1445 2912 1605 2949 amicitia
1637 2922 1714 2947 non
1742 2908 1992 2951 discesserant.
2024 2908 2171 2953 effecit,
2200 2916 2240 2945 ut

1193 2975 1323 3001 manus
1353 2962 1374 3000 ὲ
1401 2962 1514 3010 seipso
1545 2961 1763 2999 abstinuerit.
1797 2959 1858 2997 lib.
1879 2971 1907 2997 1.
1950 2959 2011 2997 De
2038 2959 2163 2998 Pomo
2191 2959 2243 3002 Ea·

1192 3015 1266 3063 leg.
1291 3026 1327 3050 x.

1247 3083 1276 3113 Ο
1295 3076 1426 3125 quoties
1444 3078 1540 3113 vitae
1559 3073 1661 3122 custos
1678 3071 1813 3120 invisus
1834 3082 1978 3108 amarae

1302 3128 1486 3164 Continuis
1502 3135 1678 3177 promptas
1696 3125 1735 3161 in
1756 3136 1833 3160 mea
1847 3123 1934 3170 fata
1958 3133 2129 3160 manus.-

1197 3180 1367 3219 CIOFAN.

1253 3256 1288 3291 7.
1317 3241 1473 3292 Pofitis.]
1503 3239 1632 3278 Poteris
1651 3237 1821 3277 Bernens.

1255 3304 1425 3354 &ranis
1457 3310 1567 3351 amice
1604 3308 1749 3360 tuum]
1801 3312 1923 3345 Meum
1961 3303 2066 3344 magu
2094 3301 2250 3341 codices:

2181 3364 2253 3398 ‘mn
