2495 3675
697 174 759 231 P.
835 170 1249 232 OVIDII
1320 167 1862 234 NASONIS

539 277 761 352 Optime
785 279 995 341 natam,
1032 274 1270 349 quamvis
1298 270 1487 345 procui
1512 269 1782 336 absumm,
1808 288 1960 350 opto.

617 352 894 408 Candidus
924 352 1028 405 huc
1056 351 1264 407 venias,
1306 344 1670 416 diflimiiisque
1696 361 1837 401 meo,

406 445 468 496 ις
545 425 708 499 Sique
731 426 875 499 quod
906 421 1121 476 instabat
1148 418 1397 473 dominae
1424 416 1717 471 miserabile
1747 419 1964 486 vulnu3‚

620 501 695 554 Sit
724 495 993 571 perfuneia
1023 493 1152 546 meis
1176 506 1384 562 tempus
1409 490 1462 544 in
1488 507 1650 544 omne
1676 492 1836 546 malis.

548 573 809 646 Quaeque
837 567 980 639 gravi
1009 582 1178 634 nuper
1207 566 1319 636 pius
1347 580 1505 635 quam
1531 562 1758 637 quaffata
1783 567 2013 636 procella
2038 569 2112 625 est
2126 610 2152 635 „

617 644 782 715 Quod
812 638 1069 709 superest,
1108 652 1282 692 tutum
1311 653 1403 707 per
1433 654 1578 690 mare
1616 637 1760 691 navis
1785 653 1885 694 eat.

547 718 632 772 Illa
659 716 855 778 d0m0,
896 716 1126 785 natuque
1161 711 1277 773 sua,
1317 709 1590 791 patrieque
1615 709 1849 766 fruatur:

403 813 472 848 20

617 788 814 859 Erepta
852 786 983 840 haec
1011 786 1102 839 uni
1131 784 1187 839 {it
1213 783 1327 838 satis
1355 782 1460 837 esse
1487 782 1632 837 mihi.

550 860 832 933 Quatenus
864 861 912 912 δε
947 876 1053 913 non
1082 857 1157 911 est
1181 859 1233 911 in
1260 873 1388 910 caro
1413 855 1642 928 conjuge
1668 854 1824 921 felix,

622 933 746 988 Pars
772 933 907 986 vitae
938 931 1066 986 tristi
1094 941 1281 984 cetera·
1297 931 1438 984 nube
1465 942 1637 985 vacet.

549 1007 741 1070 Vivat,
781 1019 1032 1076 ametque
1060 1003 1263 1066 virum,
1303 1002 1556 1075 quoniam
1581 1001 1650 1055 fic
1677 1003 1919 1075 cogitur,
1958 1006 2172 1063 absens-:v

627 1079 1092 1151 Consummetque
1130 1093 1320 1136 annos,
1359 1075 1449 1130 sed
1476 1076 1757 1139 diuturna,
1795 1077 1929 1135 suos.

550 1153 861 1225 Adjieerem
889 1151 942 1204 δε
970 1150 1202 1205 nostros:
1243 1148 1334 1204 sed
1359 1166 1427 1202 ne
1454 1149 1700 1219 contagia
1724 1147 1821 1204 fati

631 1228 990 1297 Coi-rumpant
1023 1225 1219 1286 time0,
1257 1240 1392 1295 quos
1430 1222 1536 1292 agit
1562 1221 1698 1293 ipsa,
1740 1221 1865 1277 mei.

552 1301 642 1357 Nil
667 1300 869 1355 homini
898 1311 1108 1353 certum
1131 1296 1231 1359 est,
1270 1295 1384 1350 fieri
1409 1296 1524 1366 quis
1549 1293 1693 1365 poffe
1718 1309 1968 1367 putaret,¹

627 1373 702 1429 Ut
727 1373 959 1429 facerem
985 1373 1039 1428 in
1067 1368 1256 1425 mediis
1282 1367 1414 1424 haec
1438 1385 1543 1441 ego
1568 1366 1709 1423 sacra
1737 1368 1924 1426 Getis?

322 1656 380 1685 11.
409 1641 629 1692 Flammas.]
661 1646 782 1679 fumos
808 1638 884 1679 duo
905 1637 1007 1683 libri;
1031 1637 1069 1677 δε
1090 1649 1205 1682 mox,
1226 1634 1312 1684 stri-

268 1696 347 1735 deat
369 1696 444 1745 igne
463 1708 566 1736 unus.

321 1778 377 1813 14.
405 1764 655 1814 Diffimilesque
676 1759 788 1809 mem]
821 1760 894 1797 Mei
918 1758 1060 1796 Moreti
1082 1759 1119 1796 δί
1141 1758 1288 1805 Junian.

321 1828 395 1864 15..
413 1817 446 1853 si
474 1815 562 1866 quod
590 1825 633 1854 (φ’
663 1810 852 1860 instabat.]
901 1811 1016 1860 Sitque
1036 1808 1126 1857 quod
1153 1806 1314 1864 instabat.

269 1868 390 1917 major
419 1867 633 1914 scriptorum
663 1874 751 1911 pars.
782 1863 862 1910 lege
889 1889 898 1905 ‚
936 1862 1035 1911 Sique
1055 1859 1144 1909 quod
1163 1856 1315 1905 instabat

270 1918 361 1969 quod
383 1929 448 1966 pro
477 1915 640 1965 aliquod.
671 1925 760 1950 mox
784 1941 791 1955 ,
827 1913 942 1961 puppis
969 1921 1026 1948 eat
1055 1911 1131 1948 duo
1161 1917 1314 1946 veteres.

270 1969 413 2007 Heius.
470 1964 666 2016 Miserabilc
695 1973 824 2013 tempus
854 1963 1006 2000 Putean.
1037 1960 1178 2009 instabit
1199 1960 1313 1997 etiam

271 2020 453 2058 nonnulli.

330 2083 385 2120 16.
414 2081 465 2118 Sit
481 2077 693 2128 persanata]
723 2077 810 2114 Imo
829 2076 991 2121 defumfla
1012 2086 1096 2112 cum
1118 2075 1195 2112 aliis
1207 2072 1317 2112 codd.

272 2136 325 2174 Sit
345 2132 506 2178 desunc‘ia
526 2131 607 2168 meis
628 2141 760 2177 tempus
780 2128 817 2164 in
837 2140 934 2162 omne
955 2126 1069 2180 malis.
1099 2126 1147 2162 D.
1169 2126 1316 2162 HEINS.

271 2185 451 2231 ,Defunfla
466 2181 738 2219 multicodices.
765 2186 962 2225 utrumque
981 2175 1195 2213 satislocum
1209 2176 1314 2213 suum

342 2237 369 2274 ri
418 2233 518 2271 otest.

274 2246 610 2334 tuem-PPlusquam
624 2277 811 2331 quassatas]
827 2277 1009 2325 Postquam
1018 2276 1156 2324 pulsata
1169 2278 1316 2314 Lovan.

326 2349 390 2377 20.
419 2340 541 2383 Erepta
563 2332 682 2380 haee]
712 2336 873 2379 Ereptam
895 2327 985 2364 hanc
1008 2327 1176 2365 Beruens.
1196 2329 1318 2366 &tres

276 2391 350 2430 alii.
385 2394 602 2435 ereptamque
618 2383 681 2419 uni
700 2381 788 2419 duo.

329 2460 391 2498 24.
419 2448 679 2496 consumatque
699 2443 841 2492 annos.]
871 2443 1121 2492 Conficmetque
1133 2440 1227 2479 Petri
1240 2440 1320 2477 Ser-

278 2500 331 2538 vii
361 2499 492 2538 codex.
523 2499 625 2545 Lege
649 2524 659 2540 ,
704 2495 1001 2542 consummetque.
1037 2502 1250 2540 quanquam
1280 2491 1320 2527 δε

278 2551 424 2600 vulgata
442 2549 554 2587 lediio
575 2549 669 2585 bene
690 2545 725 2583 se
744 2545 864 2582 haber.
893 2544 993 2581 Vide
1014 2543 1132 2581 Notas
1152 2541 1242 2580 Fast.
1261 2553 1326 2580 ιιι.

277 2600 334 2643 ybs.
355 2602 435 2639 166.
465 2601 611 2638 Heius.
641 2597 693 2634 Sic
714 2596 885 2633 diuturna
902 2593 1073 2632 Bernens.

335 2667 398 2707 28.
428 2674 467 2704 In
488 2664 644 2714 maiiix]
677 2669 715 2700 In
737 2675 814 2701 non
836 2660 945 2699 habet
963 2672 1056 2698 unus
1079 2660 1252 2699 Gallicus.

336 2728 398 2767 29.
426 2717 570 2766 Adspice
590 2745 600 2761 ‚
639 2725 678 2752 ut
704 2726 794 2750 aura
823 2723 960 2749 tumens
988 2710 1086 2760 va]
1129 2712 1256 2759 Lege,
1285 2721 1326 2747 ut

285 2780 375 2806 aura
397 2778 512 2804 tamen
529 2796 538 2812 ,
567 2778 610 2804 ex
634 2765 769 2803 eodem
797 2763 891 2801 libro
906 2763 943 2800 &
963 2764 1118 2799 ratione.
1157 2762 1326 2799 CIOFAN.

287 2818 412 2867 Inspice
434 2818 520 2855 duo.
548 2827 586 2854 ut
613 2829 676 2853 ara
698 2815 805 2853 Polit.
828 2815 866 2851 &
892 2813 1030 2850 Strozz.
1050 2827 1066 2849 e
1088 2822 1164 2849 ture
1182 2814 1329 2860 coruscos

289 2876 456 2918 quatuor.
476 2878 601 2904 creatos
620 2878 725 2904 unus.
742 2867 866 2901 coaetos
893 2873 975 2902 tres.
992 2863 1139 2901 cohortes
1159 2863 1245 2901 duo.
1263 2876 1328 2901 au-

290 2932 330 2957 ra
352 2918 437 2955 levis
449 2918 481 2964 f.
494 2932 520 2954 e.
533 2927 559 2955 t.
582 2928 706 2954 creatos
719 2915 891 2953 Beruens.

343 2988 403 3026 30.
431 2976 607 3025 Dextra.]
636 2976 740 3024 Juffa
762 2975 881 3014 multi.
904 2975 1005 3021 sacra
1026 2975 1116 3014 duo.

343 3052 401 3090 31.
430 3044 547 3090 Sensus
573 3040 694 3089 inest]
750 3040 871 3096 Adest·
890 3039 1057 3079 ssemens.
1080 3039 1163 3087 inest
1191 3039 1329 3090 aliquid

292 3092 493 3140 Gottorph.
523 3104 587 3137 pro
621 3091 759 3141 aliquis.
790 3090 887 3139 erigit
907 3090 994 3138 ignis
1022 3091 1191 3130 Bernens.
1220 3091 1329 3129 exerit

291 3155 384 3183 unus
409 3141 564 3181 Heinsii.

345 3218 404 3257 32.
431 3204 619 3253 Confilium
631 3207 774 3254 fugiunt
798 3214 905 3242 cetera
924 3213 1004 3253 pene
1023 3207 1177 3258 meum]
1230 3206 1333 3246 Οᾶο

294 3267 460 3303 veteres,
489 3268 602 3294 tuum.
621 3257 739 3301 Puto,
768 3254 941 3303 confilium
957 3258 1077 3307 suum.
1105 3259 1250 3296 Hzms.

348 3332 408 3374 33.
435 3318 626 3374 confilium
653 3331 832 3359 commune
846 3318 988 3368 sacrum
1020 3332 1098 3359 cum
1116 3316 1188 3370 fiat
1209 3320 1247 3361 in
1268 3332 1336 3361 ara

2297 1499 2419 1556 Aci--

1369 1630 1592 1681 Fratribus]
1621 1631 1766 1682 confilio
1788 1632 1915 1684 legunt
1938 1635 1997 1675 alii
2012 1664 2023 1682 ‚
2050 1644 2090 1676 ut
2110 1635 2151 1675 fit
2168 1636 2423 1678 sensustCum>v

1369 1693 1470 1721 certo
1493 1683 1647 1722 confilio
1670 1684 1731 1723 fiat
1751 1697 1957 1725 commune
1977 1687 2117 1726 sacrum
2143 1689 2330 1732 fratribus,
2351 1690 2415 1738 qui

1369 1735 1506 1773 mutuis
1525 1734 1734 1773 vulneribus
1756 1738 1963 1784 perierunt,
1993 1739 2065 1777 &c.
2095 1739 2229 1788 Neque
2248 1739 2414 1788 procedit

1370 1785 1552 1834 expofitio
1581 1786 1770 1831 Merulae,
1799 1787 1898 1838 quafi
1923 1791 2117 1828 communi
2148 1791 2212 1828 suo
2237 1793 2273 1828 ὅ(
2296 1790 2416 1829 uxoris

1371 1835 1523 1874 confilio
1545 1835 1682 1874 sacrum
1713 1838 1787 1876 hoc
1819 1840 1928 1877 faciat
1950 1844 2089 1888 poeta,
2118 1840 2256 1879 etiamsi
2287 1841 2413 1879 nomi-

1369 1888 1498 1925 nativo
1522 1886 1601 1925 casu
1620 1886 1795 1935 ‚confilium
1818 1889 1926 1939 legas.
1963 1891 2064 1929 Nam
2086 1891 2285 1941 quomodo
2309 1903 2414 1930 com-

1370 1939 1479 1976 muni·
1493 1937 1647 1976 consilio
1668 1940 1827 1984 faceret,
1859 1953 1944 1978 cum
1969 1942 2079 1980 altera
2101 1943 2160 1980 illa
2176 1944 2253 1993 jam
2265 1943 2427 1981 tertium»

1370 2000 1487 2038 prope
1505 2000 1643 2026 annum
1657 2017 1668 2033 ‚
1697 1990 1736 2027 ὃ(
1765 1999 1840 2029 tam
1860 1991 1972 2041 longe
1992 1992 2149 2032 abesset?
2187 1996 2412 2043 Quanquam

1370 2040 1507 2078 rursum
1531 2051 1653 2088 neque
1672 2039 1833 2089 superior
1850 2041 1962 2081 leffio
1976 2044 2069 2083 adeo
2084 2045 2175 2082 mihi
2193 2045 2321 2093 placet.
2344 2043 2414 2082 Sed

1375 2092 1459 2141 quia
1479 2091 1583 2129 locus
1604 2090 1844 2139 Callimachi,
1871 2105 1985 2142 quern
2006 2095 2070 2133 hic
2091 2096 2177 2133 citat
2196 2099 2305 2144 poeta
2322 2105 2431 2138 ,nori

1377 2150 1475 2180 extat
1498 2170 1507 2185 ‚
1547 2153 1624 2179 rem
1648 2142 1759 2190 ipsam
1791 2144 1827 2181 in
1849 2145 2000 2187 medio,
2029 2154 2070 2184 ut
2099 2145 2148 2183 est
2166 2172 2176 2188 ,
2202 2146 2419 2193 relinquam.

1372 2195 1536 2230 M1cut.
1577 2192 2130 2244 confiliumidemliber‚idque
2150 2195 2277 2242 probo.
2306 2197 2420 2233 eme.

1372 2241 1562 2290 confilium
1591 2242 1864 2289 Rottendorph.
1887 2246 1924 2280 &
1943 2245 2078 2292 priscae
2103 2245 2295 2282 editiones.
2315 2245 2419 2293 quod

1373 2293 1538 2330 Ciofano
1569 2292 1757 2330 arridebat.
1795 2293 1931 2332 frustra.
1986 2294 2147 2345 consilio,
2185 2294 2267 2334 datfi.
2297 2294 2434 2344 operit..

1374 2344 1548 2393 Virgilius
1564 2342 1655 2380 libro
1676 2355 1747 2380 vix.

1426 2403 1572 2449 Confilio
1590 2402 1680 2440 hanc
1698 2417 1810 2442 omnes
1829 2404 2029 2457 animisque
2041 2404 2236 2444 volentibus
2249 2407 2368 2446 urbem

1428 2455 1635 2504 Afferimur.

1381 2518 1512 2555 Livius
1530 2516 1613 2555 belii
1630 2517 1778 2555 Maced.
1796 2516 1924 2557 lib.1v.
1954 2525 2221 2557 Secutustamen
2234 2522 2304 2569 sua
2322 2522 2422 2571 spon·

1381 2578 1414 2605 te
1433 2569 1476 2616 est
1500 2597 1509 2612 ,
1536 2568 1635 2605 velut
1665 2567 1796 2616 confilio
1822 2570 1952 2615 petitus
1975 2571 2048 2618 eſjet
2070 2599 2080 2616 ,
2117 2581 2156 2607 ut
2187 2572 2291 2609 vilior
2318 2574 2356 2609 ab
2385 2584 2438 2609 eae

1382 2622 1462 2668 Regi
1483 2618 1659 2657 Hannibal
1685 2618 1769 2667 effi’t.
1796 2619 1856 2657 ubi
1871 2622 1939 2668 sua
1953 2622 2071 2669 sponte
2093 2622 2131 2659 δί
2151 2620 2282 2671 consilio
2307 2634 2423 2672 oppo-

1380 2680 1532 2759 ιὲιιιῃωτ.
1561 2669 1610 2707 fic
1630 2670 1778 2718 consulto
1799 2669 1937 2720 aliquid
1956 2673 2086 2710 facere.
2114 2673 2277 2722 Propert.
2300 2674 2361 2713 lib.
2379 2685 2426 2713 ιι,

1431 2749 1439 2759 .
1458 2733 1587 2759 xxxxv.

1435 2790 1505 2821 Nec
1521 2783 1554 2834 fi
1575 2785 1724 2834 consulto
1737 2785 1900 2832 fulmina
1920 2787 2017 2837 miffa
2038 2798 2170 2828 tonent.

1383 2849 1644 2889 Existimabam
1675 2851 1874 2900 aliquando
1906 2851 1950 2888 τὸ
1983 2851 2130 2901 Confilio
2160 2852 2330 2902 irrepfiffe
2357 2854 2442 2892 huc·

1384 2913 1429 2939 ex
1447 2901 1619 2950 superiori
1640 2901 1764 2946 versu,
1780 2903 1817 2939 ὃς
1840 2902 2070 2940 scribendum
2095 2901 2164 2940 esse
2180 2931 2190 2948 ,
2204 2905 2333 2953 Ogygia
2352 2902 2443 2941 ard..

1385 2953 1459 2989 hoc
1482 2952 1530 2989 est
1547 2951 1742 2989 Thebanfi.
1782 2951 1938 3001 Consiliis
1961 2965 2054 2992 unus
2084 2954 2289 2993 Mediceus.
2323 2955 2429 2993 Forte

1385 3014 1477 3051 pro,
1505 3000 1646 3047 confilii.
1676 3003 1821 3041 Heius.

1438 3079 1497 3116 33.
1526 3074 1669 3105 Sacrum
1697 3082 1774 3105 cum
1799 3068 1870 3115 fiat
1897 3069 1934 3106 in
1966 3081 2032 3104 ara
2065 3067 2269 3114 Fratribus,
2295 3069 2447 3107 alterna:

1387 3119 1448 3167 qui
1465 3119 1589 3167 periere
1608 3119 1759 3169 marm]
1789 3120 2007 3167 Polynicem
2026 3147 2035 3162 ‚
2064 3120 2101 3156 ὅ(
2126 3120 2316 3158 Eteoclem
2330 3119 2434 3168 figni-

1388 3168 1483 3258 fliget.
1511 3170 1721 3257 {leniorem
1743 3170 2014 3218 expositionem
2030 3170 2177 3208 consule
2194 3171 2382 3209 Observat.
2395 3169 2448 3207 in-

1435 3233 1482 3258 In.
1552 3233 1685 3258 [OFAN.
2218 3235 2224 3238 ·

1444 3282 1505 3323 35.
1530 3272 1606 3322 Ipsa
1621 3269 1686 3322 ssbi
1704 3267 1867 3319 discam]
1910 3270 2064 3321 Discolor
2081 3271 2152 3322 ipsa
2163 3270 2231 3322 fibi
2252 3281 2343 3310 unus
2360 3268 2449 3307 Va»

1441 3348 1452 3362 ⁶
2220 3406 2222 3410 ,
2262 3369 2325 3422 38.
2351 3373 2436 3414 Bai-3

1388 3329 1439 3362 ΠΕ
