2495 3675
439 191 1687 258 FASTORUMLm.

1776 205 1870 262 VI·
2125 224 2225 282 435

365 297 642 354 Convenit
670 298 724 354 ἃ
752 299 940 354 servis:
980 298 1125 355 serva
1147 298 1270 371 quia
1293 297 1506 356 Tullius
1529 316 1678 358 ortus

440 371 734 428 Constituit
761 372 954 427 dubiae
979 372 1178 442 templa
1205 373 1504 447 propinqua
1531 375 1695 432 Deae.
1730 376 1734 378 ’

222 447 323 516 785
477 446 622 509 Cee,
661 446 952 500 suburbana
976 444 1187 498 rediens
1213 449 1350 501 male
1377 448 1581 504 sobrius
1604 451 1766 515 aede,

551 519 643 573 Ad
678 519 842 572 stellas
866 517 1049 588 aliquis
1078 517 1198 572 talia
1225 520 1383 573 verba
1403 520 1545 592 jacit.

365 591 520 646 Zona
542 593 668 646 latet
698 605 786 644 tua
821 607 993 653 nune,
1033 590 1086 643 δέ
1113 608 1225 645 cras
1252 592 1463 648 fortasse
1488 596 1696 652 latebit:

431 665 648 720 Dehinc
676 663 806 726 erit,
843 662 1015 716 Orion
1034 702 1047 724 ‚
1086 663 1422 735 adspicienda
1446 669 1592 725 mihi.

358 737 436 791 At
464 736 500 790 fi
527 754 636 791 non
667 734 795 789 eflet
823 749 1012 806 potus;
1056 736 1264 792 dixifl'et
1291 740 1483 796 eadem

215 825 320 882 790

436 807 742 864 Venturum
770 822 978 880 ternpus
1007 808 1267 865 solstitiale
1290 814 1395 868 die.

462 881 687 936 Ucifero
713 880 971 935 subeunte
998 881 1162 935 Lares
1189 884 1407 940 delubra
1433 888 1704 955 tulerunt,

536 955 652 1010 Hic
679 953 769 1007 ubi
793 954 851 1008 fit
877 952 1036 1008 doti-21
1062 955 1224 1009 multa
1251 975 1451 1013 corona
1475 979 1650 1016 manu.

275 1050 277 1052 ·
356 1028 607 1101 Tempus
632 1026 776 1081 idem
803 1026 981 1080 Stator
1012 1028 1156 1080 aedis
1180 1028 1368 1095 habet,
1406 1049 1567 1105 quam
1591 1034 1856 1090 Romulus
1882 1035 2007 1090 olim

437 1102 585 1156 Ante
611 1099 837 1155 Palatini
867 1098 1114 1154 condidit
1144 1102 1383 1174 orajugi.

213 1194 314 1248 795
362 1174 542 1282 ·TOt
576 1173 768 1229 restant
794 1172 863 1227 de
889 1172 1066 1227 mense
1085 1173 1231 1254 'diez
1273 1190 1407 1247 quot
1431 1179 1646 1233 nomina
1672 1180 1878 1244 Parci5‚

538 1247 684 1304 Cum
712 1245 834 1301 data
859 1246 977 1301 sunt
1004 1257 1213 1301 trabeae
1242 1251 1467 1322 templa,
1507 1252 1737 1324 Quirine
1755 1293 1769 1317 ‚
1808 1268 1946 1308 tuae.

64 1514 149 1561 περὶ
179 1515 282 1561 Τυχ.
334 1514 412 1564 ejus
449 1513 654 1558 meminit,
710 1510 894 1559 vertitque
931 1507 1118 1555 Φὸρτικαυ.

65 1566 250 1604 ΝεΑνοῐ..

122 1629 207 1678 783.
235 1635 344 1666 Serva
371 1629 456 1679 quia
479 1626 614 1664 Tullius
633 1621 766 1672 ortus]

67 1678 169 1717 crisi-a
201 1679 442 1718 Ocriculani:
473 1677 570 1716 unde
594 1674 769 1714 Manilius
796 1674 833 1711 in
861 1672 1119 1721 Apotelesrna-

64 1730 144 1769 rico
172 1740 283 1769 vocat
308 1731 407 1769 hunc
429 1731 571 1778 Regem
594 1727 635 1764 de
654 1735 748 1775 capto
758 1724 939 1774 sanguino.
966 1724 1095 1762 NEAP.

121 1796 209 1843 785.
236 1790 418 1842 Rediens.]
457 1787 613 1839 Refidens
642 1788 795 1826 Putean.
817 1785 856 1823 &
875 1792 946 1822 tres
964 1782 1037 1821 alii.
1059 1796 1120 1820 ve-

66 1847 165 1885 niens
186 1843 354 1882 Bernens.

120 1911 205 1960 786.
233 1909 334 1947 Talia
355 1908 463 1947 verba
473 1905 604 1958 jacit]
645 1903 753 1943 Ebria
771 1903 880 1943 verba
902 1913 1008 1942 unus.
1024 1899 1117 1949 facit

67 1971 241 2014 quatuor.

122 2026 207 2072 787.
237 2031 334 2060 Zona
354 2022 440 2060 latet
459 2031 522 2059 tua
541 2017 674 2068 nutus]
704 2015 854 2055 Eodem
873 2027 965 2053 vin.
983 2013 1121 2052 Kalen-

68 2075 155 2121 das,
184 2074 301 2114 subdit
321 2075 359 2110 ὅς
378 2086 452 2111 v11.
481 2073 594 2109 etiam
624 2069 759 2106 latere:
788 2079 843 2104 vr.
871 2078 958 2114 ergo
981 2066 1120 2103 lieliace

70 2130 197 2166 oritur.
237 2125 370 2162 Aetius
390 2123 471 2162 vult
489 2133 561 2159 vn.
582 2119 619 2157 id
642 2119 690 2156 est
712 2118 771 2155 die
791 2128 878 2154 xxV.
900 2116 1008 2152 verba
1028 2116 1119 2152 sunt:

69 2176 164 2217 Mbal
184 2180 233 2227 τᾷἵ
252 2176 346 2225 αὐτῷ
370 2173 416 2214 κε’
445 2175 555 2225 Ὠρίων
583 2172 672 2214 {il-&⁴
701 2166 816 2222 ἅςχεῗ)
846 2168 1037 2224 altaribus-tv·
1062 2169 1120 2205 sio-2

64 2236 116 2281 ,σ’[ὲ
144 2234 264 2286 τροπαὶ
286 2227 420 2281 &spand-
445 2230 502 2277 »μὶ
524 2225 664 2278 manif)
686 2223 818 2276 σφόὲρφ
838 2223 853 2261 ὅ
879 2221 940 2275 σι’ἦς
959 2220 1020 2274 neo*
1031 2226 1121 2275 τζιῶν

67 2290 198 2342 ἡμερῶν.
229 2287 407 2325 Nasson.

126 2359 212 2406 789.
239 2363 296 2396 At
327 2355 360 2410 fi
395 2368 464 2394 non
493 2354 566 2404 effet
588 2352 726 2405 potus.]
792 2351 876 2389 Lib.
912 2350 1038 2406 Ursini
1084 2350 1123 2387 δί

71 2409 226 2454 Maffei,
249 2408 390 2457 stultus.
427 2407 598 2446 Cxofrm.
642 2405 698 2443 Ita
719 2405 757 2442 ὅτ
778 2410 936 2453 quatuor
954 2402 1029 2440 alii.
1045 2400 1122 2450 pul-

66 2461 152 2511 sus,
179 2461 238 2498 vel
252 2459 374 2505 stultus
389 2484 400 2502 ,
421 2458 573 2494 Putean.

127 2535 214 2572 790.
241 2527 384 2569 Tempus
398 2519 574 2569 solstitiale
600 2518 694 2564 die]
747 2518 840 2555 Non
874 2529 966 2556 vm.
987 2517 1124 2556 Kalen-

823 1622 878 1661 Ex
900 1620 1045 1671 captiva
1063 1622 1119 1660 O-

2050 1377 2220 1435 Tem-

1171 1510 1312 1570 olim]
1345 1512 1401 1551 Ex
1431 1514 1506 1553 hoc
1542 1514 1630 1553 loco
1662 1516 1866 1564 persuasum
1904 1515 2108 1555 habuerunt
2150 1517 2221 1556 viri

1172 1571 1342 1620 etlam-ln
1370 1565 1424 1603 his
1453 1566 1579 1604 litteris
1607 1569 1791 1616 praecipui
1811 1569 1997 1610 nominis,
2033 1577 2074 1606 ut
2095 1568 2221 1606 crede-

1171 1622 1252 1651 rent
1280 1627 1318 1652 ιη
1341 1621 1475 1653 Statore
1507 1617 1688 1666 Syllabarn
1720 1620 1876 1667 primam
1915 1617 2016 1668 poffe
2054 1618 2223 1667 produci.
2274 1638 2276 1641 v

1172 1665 1273 1720 atqui
1295 1671 1411 1703 Stator
1433 1666 1452 1704 a
1467 1666 1612 1716 sistendo
1635 1668 1750 1707 dietus
1770 1671 1947 1718 Juppiter.
1985 1668 2110 1706 Florus
2128 1669 2221 1706 libro

1172 1725 1295 1762 primo
1319 1718 1436 1765 capite
1455 1721 1599 1767 primo:
1632 1720 1730 1756 Adeo
1741 1731 1780 1756 ut
1804 1721 1967 1757 Romulus
1993 1720 2126 1764 Jovem
2148 1733 2226 1757 ora·

1172 1775 1246 1810 7³²2
1270 1767 1408 1809 foedam
1423 1771 1569 1818 suorum
1588 1772 1713 1818 fugam
1729 1769 1867 1819 sisteret.
1915 1770 2006 1807 Hinc
2027 1770 2194 1819 templum
2209 1797 2221 1814 ‚

1172 1827 1216 1855 v·
1236 1823 1352 1854 Stator
1372 1819 1548 1869 Juppiter.
1593 1821 1751 1860 Codices
1782 1821 1911 1860 vetusti
1941 1821 2109 1869 vulgatae
2143 1820 2226 1858 scri—

1175 1875 1300 1916 pturae
1321 1872 1609 1910 controversiam
1638 1882 1807 1910 movent.
1863 1877 2007 1920 Tempus
2034 1871 2125 1908 idem
2145 1876 2226 1906 sta-

1171 1919 1254 1956 toris
1265 1919 1690 1961 habetZulichemianus.
1716 1933 1875 1973 quatuor
1892 1923 1975 1967 alii,
2005 1927 2120 1958 Stator
2132 1921 2226 1958 aedis

1173 1968 1291 2026 habet.
1329 1972 1452 2011 Scribe
1481 1987 1527 2012 ex
1558 1974 1757 2013 Urfiniano
1788 1975 1935 2025 optimo
1967 1975 2004 2012 &
2026 1984 2103 2010 uno
2122 1972 2227 2010 Pata-

1174 2032 1295 2060 vino‘:

1226 2089 1369 2134 Tempus
1388 2086 1479 2124 idem
1508 2094 1624 2125 Stator
1648 2089 1744 2125 aedis
1774 2087 1900 2132 habet,
1929 2099 2037 2137 quam
2059 2083 2225 2124 Romulus

1367 2137 1450 2174 olim

1280 2192 1381 2224 Ante
1403 2189 1561 2227 Palatini
1577 2189 1730 2227 condidit
1754 2202 1814 2226 ora
1837 2188 1924 2238 jugi.

1177 2257 1248 2284 nec
1272 2248 1375 2286 aliter
1411 2249 1448 2287 in
1483 2262 1548 2287 ora
1575 2249 1791 2288 Sarraviani.
1830 2253 1882 2289 uti
1906 2250 1984 2299 jam
2014 2250 2163 2288 monuit
2188 2249 2224 2286 in

1179 2297 1506 2338 Observationibus
1533 2301 1626 2339 libro
1662 2313 1716 2339 1v.
1754 2313 1832 2349 cap.
1869 2314 1922 2349 15.
1959 2302 2014 2338 vir
2063 2301 2225 2338 summus

1178 2349 1364 2395 Johannes
1391 2351 1603 2390 Fredericus
1637 2353 1865 2390 Gronovius.
1903 2353 1966 2400 qui
1994 2352 2065 2389 illic
2089 2351 2226 2387 adeun-

1180 2399 1255 2438 dus.
1286 2402 1406 2440 Varro
1434 2403 1526 2440 libro
1555 2403 1691 2440 06³(avo
1716 2404 1855 2440 Rerum
1882 2403 2098 2440 Divinarum
2128 2399 2226 2447 apud

1181 2451 1418 2490 Macrobium
1450 2454 1625 2491 Saturnal.
1648 2453 1740 2490 libro
1772 2465 1826 2491 iv.
1854 2465 1930 2500 cap.
1951 2464 1977 2488 1.
2031 2450 2226 2486 Delubrum

1181 2502 1266 2538 alios
1291 2503 1468 2549 aestimare
1493 2531 1503 2547 ‚
1539 2504 1577 2539 in
1605 2516 1670 2552 quo
1696 2512 1831 2552 praeter
1853 2505 1969 2538 aedem
1983 2499 2031 2548 fit
2052 2513 2131 2536 area
2159 2501 2227 2535 ad-

11 2593 15 2596 ,
74 2573 162 2618 das,
191 2575 228 2610 &
251 2572 386 2609 eodem
411 2570 470 2607 die
490 2569 580 2608 festo
600 2564 718 2607 Fortis
749 2568 958 2611 Fortunae,
986 2577 1026 2605 m
1045 2581 1124 2606 ma-
1171 2552 1296 2599 sumta
1327 2554 1430 2590 desem
1459 2553 1569 2603 caufflae
1591 2569 1602 2589 .·
1642 2563 1681 2589 ut
1702 2553 1744 2599 est
1771 2554 1808 2589 in
1835 2553 1934 2589 Circo
1957 2551 2128 2587 flaminio
2156 2551 2225 2596 Jo-

70 2625 108 2663 le
136 2623 276 2662 sensum
305 2623 343 2660 δε
372 2621 482 2658 verba
512 2621 613 2658 flexit
642 2621 786 2658 caecior
817 2617 960 2657 Tirefifi
981 2618 1125 2657 Fanen-

72 2675 138 2715 fis:
167 2686 253 2713 nam
276 2671 469 2710 manifesto
492 2670 680 2709 solstitium
709 2669 844 2709 eodem
868 2670 928 2708 die
947 2669 1046 2708 Naso
1069 2671 1120 2708 fa-

74 2728 149 2772 cit,
175 2738 253 2775 quo
286 2732 457 2761 exortum
491 2722 645 2760 Orionis
668 2749 678 2767 ,
727 2730 767 2759 ut
798 2722 930 2759 Aetius
966 2721 1004 2757 &
1035 2721 1118 2766 alii;

73 2777 208 2816 Plinius
235 2786 361 2814 tamen
397 2782 569 2811 exortum
599 2773 705 2822 hujus
734 2770 856 2809 fideris
889 2770 1047 2819 scripsit,
1080 2782 1121 2810 ut

74 2829 233 2873 Noster,
258 2839 313 2864 vx.
338 2824 531 2863 Kalendas.
564 2823 667 2861 locus
692 2822 804 2861 exstat
824 2821 885 2860 lib.
905 2833 1022 2859 xvur.
1044 2834 1122 2871 cap.

73 2879 137 2918 28.
162 2879 222 2917 sed
242 2876 429 2915 solstitium
452 2876 570 2923 capite
598 2873 829 2922 praecedenti
857 2872 1022 2921 ejusdem
1042 2873 1123 2910 libri

76 2941 165 2968 vm.
193 2928 385 2967 Kalendas.
437 2926 647 2964 Columella
675 2925 736 2962 lib.
767 2936 819 2961 xi.
853 2934 930 2971 cap.
951 2934 985 2960 2.
1021 2922 1125 2960 oeta-

76 2991 154 3025 νο,
183 2981 221 3018 &
250 2979 406 3027 septimo
429 3005 439 3022 ,
478 2979 516 3014 ὃς
539 2977 640 3014 sexto
662 2974 843 3013 Kalendas
874 2973 985 3020 Julias
1014 2973 1126 3012 solsti-

76 3032 171 3069 tium
192 3030 270 3068 fieri
291 3030 446 3079 reliquit.
475 3027 611 3065 Nescio
634 3038 677 3064 an
699 3026 771 3075 ipse
801 3026 850 3063 ita
868 3036 954 3062 vere
972 3023 1123 3069 sentiat,

78 3093 125 3120 an
145 3081 209 3119 hic
229 3081 343 3118 varias
371 3080 608 3128 antiquorum
640 3084 942 3126 parapegmatum
976 3076 1125 3123 opinio-

79 3141 144 3170 nes
163 3133 304 3171 referat.
333 3132 510 3172 Nzavor,

131 3209 215 3246 79¹-
244 3198 396 3246 Lucifero
411 3193 617 3246 subeunte]
654 3206 690 3231 v.
713 3195 893 3233 Kalendas
913 3195 1030 3233 dicata
1052 3179 1125 3232 La-

81 3259 164 3286 rum
186 3249 224 3284 &
244 3249 344 3293 ‚lovis
364 3254 622 3297 cognomento
647 3245 795 3284 Statoris
814 3246 934 3284 aedes.
961 3257 1016 3284 res
1042 3258 1125 3295 pro-

80 3299 199 3345 tritae.
226 3297 403 3338 Nsstmot..

135 3359 221 3398 793.
256 3352 397 3400 {empus
425 3348 517 3388 idem
537 3348 685 3401 Statoris
711 3348 776 3388 erit
799 3375 810 3396 ,
848 3347 938 3399 quod
963 3346 1128 3399 Romulus

1181 2603 1237 2639 vis
1257 2605 1415 2641 Statoris.
1445 2605 1636 2652 corripitur
1668 2605 1778 2640 etiam
1813 2605 1849 2640 in
1875 2603 2011 2648 statum
2034 2603 2133 2650 prior
2155 2601 2224 2650 syl·

1179 2653 1282 2698 laba,
1303 2662 1344 2692 ut
1371 2656 1408 2692 in
1433 2657 1522 2705 stato
1542 2663 1685 2703 tempore
1709 2682 1718 2698 ‚
1738 2654 1839 2700 statis
1861 2653 1988 2690 diebus.
2013 2660 2052 2689 ut
2072 2652 2226 2700 turpiter

1178 2703 1220 2742 fit
1237 2705 1352 2753 lapsus
1372 2704 1906 2744 SolinianisExercitationibus
1927 2702 2119 2741 Salmasius
2147 2714 2228 2752 pag.

1177 2756 1262 2805 643.
1287 2756 1376 2794 dum
1400 2758 1437 2795 in
1458 2756 1604 2794 Manilii
1625 2756 1780 2794 versibus
1798 2756 1926 2804 reponi
1945 2755 2073 2804 jubet:

1232 2825 1356 2872 Qum
1366 2823 1523 2872 spatium
1541 2821 1668 2872 nonsit
1680 2823 1815 2872 statum
1828 2820 2062 2873 pugnantibus
2082 2820 2186 2860 horis,

1179 2899 1247 2935 pro
1276 2899 1352 2936 quo
1381 2887 1537 2937 spatium
1569 2897 1713 2923 tantum
1746 2898 1844 2924 nunc
1879 2886 2145 2925 circumfertur.
2184 2886 2226 2925 il-

1180 2937 1242 2975 lud
1263 2948 1406 2975 tantum
1427 2950 1472 2974 ex
1486 2937 1721 2986 pugnantibus
1739 2947 1954 2986 generatum
1974 2936 2128 2975 videtur.
2155 2937 2227 2975 Pu·

1181 2988 1303 3025 tabam
1331 2989 1529 3036 antiquitus
1561 2997 1751 3026 exaratum
1782 2986 1907 3032 fuisse,
1936 2991 2057 3036 {Qum
2069 2989 2226 3036 spatium

1181 3050 1249 3075 non
1273 3037 1319 3086 fit
1340 3048 1415 3087 par.
1442 3036 1578 3076 omisso
1608 3037 1675 3088 fibi
1712 3039 1761 3076 ob
1799 3042 2063 3088 cognationem
2092 3040 2228 3076 littera-

1181 3101 1262 3127 rum
1289 3089 1538 3137 praecedentis
1574 3090 1742 3138 proxime
1770 3092 1873 3129 vocis
1900 3090 1959 3139 sit,
1988 3090 2097 3133 hinc,
2124 3088 2227 3139 quod

1181 3139 1349 3177 viderent
1378 3140 1580 3178 claudicare
1610 3141 1774 3186 versum,
1794 3139 2029 3183 substituisse,
2059 3151 2227 3183 tantum,

1183 3202 1267 3228 cum
1292 3191 1423 3239 reponi
1443 3191 1612 3235 deberet,

1235 3244 1359 3289 §Quum
1380 3240 1530 3291 spatium
1552 3256 1620 3279 non
1633 3241 1680 3292 fit
1694 3242 1760 3292 sthi
1775 3240 2080 3293 parpugnantibus
2100 3239 2201 3274 horis.

1183 3292 1230 3330 de
1251 3305 1328 3342 quo
1349 3293 1528 3341 loquendi
1557 3295 1676 3331 modo
1710 3295 1770 3344 egi
1788 3293 1937 3342 copiose
1965 3292 2009 3330 ad
2029 3288 2229 3338 Epillolam

1185 3343 1339 3383 Acontii
1359 3343 1414 3385 sss.
1436 3342 1497 3381 62.
1525 3343 1671 3385 Herus.

1363 3392 1423 3440 ,lii
1451 3405 1474 3442 τ,
2029 3388 2114 3440 796,
2141 3394 2241 3441 Tem·
