2495 3675
181 184 282 255 896
689 185 748 241 P.
823 182 1236 243 0V1D11

1309 181 1842 241 NASONIS

476 281 744 355 Famaque
770 281 885 355 post
907 282 1109 337 cineres
1137 278 1303 346 major
1328 278 1503 332 venit:
1547 280 1601 333 &
1632 279 1760 334 mihi
1788 297 1987 337 nomen
2022 297 2025 300 ·

556 355 719 410 Tunc
747 371 963 428 quoque
981 391 996 414 ,
1036 370 1161 406 cum
1186 352 1314 406 vivis
1339 351 1747 415 adnumerarer,
1786 367 1913 407 erat.

344 445 373 493 5
483 427 628 482 Cum
657 430 796 483 foret
825 429 876 478 δε
907 425 1139 488 Μετὶιιε,
1175 424 1462 495 magnique
1489 425 1736 479 Rabirius
1764 427 1897 489 oriS,

567 501 855 568 Iliacusque
883 495 1101 559 Macer,
1138 496 1474 567 sidereusque
1503 497 1682 567 Pedo:

486 573 587 636 Et,
630 569 1007 642 quijunonem
1031 568 1246 623 laesisset
1269 568 1322 622 in
1353 571 1621 633 Hercule,
1658 569 1857 633 Carus;

556 644 777 714 junonis
802 642 835 695 si
860 659 968 695 non
988 642 1094 712 jam
1123 658 1286 713 gener
1309 641 1394 695 ille
1416 641 1573 697 foret.

492 718 711 788 Quique
737 713 887 768 dedit
916 713 1078 768 Latio
1102 732 1314 768 carmen
1341 716 1516 785 regale
1543 714 1798 782 Severus;

353 811 417 846 10

563 787 634 842 Et
663 805 787 842 cum
811 786 984 840 subtili
1014 788 1219 842 Priscus
1246 800 1473 868 uterque
1501 788 1693 842 Numa.

491 861 710 934 Quique
737 860 819 914 vel
844 859 1129 930 imparibus
1153 877 1417 922 numeris,
1459 860 1755 924 Montana
1795 864 1879 918 vel
1914 868 2093 939 aequis

561 930 803 995 Suffici33
848 932 901 986 &
928 935 1145 1004 gemino
1170 933 1402 987 carmine
1425 950 1623 989 nomen
1647 933 1819 990 habeS.

209 1149 293 1187 dum
309 1147 528 1198 explicatum
552 1148 692 1186 inveni.
719 1148 884 1187 Faaaic.
911 1148 1188 1200 Argumentum
1202 1160 1245 1188 ac

208 1202 349 1238 sumnia
369 1201 538 1237 carminis
561 1199 609 1236 est
633 1199 744 1237 haec:
775 1201 912 1238 Monet
927 1206 1039 1249 poeta
1059 1212 1143 1239 eum
1161 1227 1171 1244 ,
1198 1201 1242 1238 ad

207 1262 321 1298 quem
343 1249 483 1293 scribit,
511 1261 558 1288 ne
578 1250 613 1288 se
642 1262 742 1288 nunc
769 1250 920 1288 demum
944 1251 1108 1295 lacessat,
1135 1259 1245 1300 atque

207 1310 327 1350 petat,
355 1300 505 1351 quando
530 1302 633 1339 velut
660 1309 827 1339 mortuus
851 1302 982 1350 jaceat.
1036 1304 1132 1341 Nam
1157 1314 1243 1340 cum

212 1352 393 1396 mortuis,
417 1350 515 1396 five,
544 1359 582 1389 ut
609 1352 806 1400 proverbio
835 1352 968 1390 dicitur
988 1381 998 1398 ,
1037 1367 1114 1391 cum
1134 1353 1247 1390 larvis

212 1415 282 1440 non
303 1402 360 1450 elle
389 1402 608 1439 laetandum.
657 1401 807 1441 Deinde
829 1402 863 1440 se
890 1415 966 1441 non
991 1405 1101 1441 talem
1123 1403 1248 1441 haete-

210 1464 280 1490 nus
301 1450 403 1490 fuisse
426 1481 437 1499 ‚
469 1454 531 1503 qui
563 1452 693 1491 nullius
721 1455 842 1496 famae
870 1463 931 1492 aut
959 1456 1122 1493 nominis
1150 1453 1248 1493 esset.

211 1504 339 1552 Quare
359 1515 441 1542 cum
463 1505 546 1542 alias
562 1504 657 1542 livor
677 1506 715 1541 &
744 1504 965 1543 obtrediatio
983 1506 1059 1555 post
1085 1514 1246 1543 mortem

211 1553 398 1598 desinant,
427 1555 560 1593 debere
581 1554 831 1604 sibiquoque,
855 1564 1031 1605 tanquam
1050 1557 1244 1606 Jamhmor-

211 1612 280 1643 tuo
307 1606 433 1653 parci:
472 1605 675 1654 praesertim
709 1606 860 1654 quando
891 1615 948 1644 tot
977 1608 1114 1657 alioqui
1143 1608 1246 1645 malis

212 1655 397 1704 oppreflus
415 1656 478 1701 sit,
507 1665 546 1695 ut
568 1668 688 1695 novae
708 1657 856 1706 plagae,
882 1669 1061 1707 novoque
1074 1659 1173 1696 malo
1193 1659 1245 1696 lo⁶

216 1717 281 1744 cus
302 1706 392 1744 ultra
419 1719 496 1745 non
529 1716 661 1756 pateat.
716 1708 874 1746 Videtur
894 1719 1016 1747 autem
1039 1711 1154 1747 Poe'ta
1175 1721 1251 1747 non

214 1765 358 1795 tantum
384 1758 601 1806 respondere
620 1758 773 1797 voluisse
792 1759 921 1798 invido
946 1769 1055 1810 atque
1073 1760 1255 1798 obtrecta-

217 1809 290 1846 tori
315 1835 325 1852 ‚
365 1809 527 1858 quisquis
550 1810 576 1847 is
607 1810 698 1854 fuit,
725 1810 819 1847 suo:
859 1810 918 1848 sed
947 1812 985 1848 ὃ(
1016 1811 1250 1849 occasionem

217 1858 430 1907 quaesivisse
453 1887 465 1905 ,
517 1869 556 1897 ut
584 1858 635 1896 sui
677 1860 852 1907 temporis
879 1864 1006 1908 poetas
1045 1861 1254 1899 celebraret.

219 1911 460 1959 Quamquam
492 1910 624 1947 horum
654 1921 784 1958 magna
810 1922 854 1947 ex
887 1920 986 1958 parte
1017 1923 1094 1948 non
1126 1911 1255 1959 scripta

218 1960 336 1998 solum
359 1988 369 2004 ,
405 1959 463 1997 sed
497 1961 535 1997 ὅ(
572 1962 726 1998 nomina
757 1960 929 2008 pleraque
968 1961 1253 1998 interciderunt:

218 2011 338 2052 adeo,
361 2021 401 2047 ut
427 2010 493 2048 nisi
520 2011 565 2046 de
586 2011 706 2057 paucis
726 2011 939 2058 quibusdam
958 2037 968 2055 ‚
996 2020 1098 2049 certo
1120 2011 1256 2060 aliquid

218 2061 308 2098 tradi
331 2061 611 2109 haudquaquam
626 2062 741 2109 possit.
771 2062 887 2108 Quod
908 2063 944 2098 in
967 2062 1172 2099 universum
1196 2063 1256 2098 hic

221 2111 455 2149 admonitum
485 2112 598 2155 volo,
627 2123 675 2148 ne
705 2112 802 2149 idem
825 2113 916 2148 inira
946 2112 1102 2149 crebrius
1123 2124 1164 2151 ac
1184 2112 1256 2150 sae-

221 2165 302 2210 pius
323 2172 487 2210 repetere
507 2163 611 2199 nobis
630 2161 670 2198 sit
691 2161 841 2199 necesse.
873 2164 1051 2200 Miciiti..

278 2225 306 2249 1.
336 2214 484 2257 invide,
513 2213 598 2260 quid
627 2213 756 2249 laceras
789 2215 935 2260 Nasonis
958 2215 1116 2250 carmina
1141 2213 1257 2261 rapti?

224 2270 306 2301 Non
326 2263 412 2310 solet
434 2264 577 2312 ingeniis
593 2264 735 2310 summa
756 2277 868 2300 nocere
891 2264 997 2313 dies.]
1029 2264 1176 2302 Aristot.
1195 2265 1257 2302 lib.

224 2327 272 2352 11.
311 2313 370 2351 De
399 2313 489 2351 Arte
511 2314 655 2351 dicendi
680 2342 689 2357 ‚
724 2314 783 2351 ubi
814 2314 862 2351 de
886 2315 1023 2352 invidia
1044 2343 1054 2360 ,
1094 2325 1180 2359 aut,
1219 2325 1258 2353 ut

226 2366 284 2401 M.
303 2364 449 2402 Tullius
472 2365 573 2409 vult,
610 2364 811 2401 invidentia
833 2366 906 2412 agit
926 2393 936 2409 ,
973 2365 1084 2403 docet
1103 2366 1260 2403 invideri

226 2415 340 2452 solere
362 2415 405 2452 ab
431 2416 470 2452 iis
495 2413 706 2453 hominibus
731 2417 806 2452 aliis
827 2444 837 2459 ‚
866 2416 930 2462 qui
960 2429 1030 2454 una
1054 2417 1260 2464 eademque

226 2474 344 2503 aetate
363 2465 514 2502 florent:
543 2466 592 2502 ita
611 2474 652 2502 ut
680 2467 795 2503 solum
817 2476 911 2504 inter
931 2470 1037 2504 vivos
1052 2496 1062 2512 ,
1091 2479 1132 2504 ac
1155 2479 1256 2514 prae-

227 2516 342 2553 sentes
374 2516 577 2554 invidentia
607 2515 659 2553 sit.
713 2518 821 2554 Unde
844 2518 1023 2566 praeclare
1044 2519 1103 2556 liic
1126 2519 1258 2556 Noster

228 2567 352 2615 Elegia
377 2568 440 2604 ult.
456 2567 515 2604 lib.
538 2580 566 2604 1.
584 2567 717 2604 Amor.

277 2617 436 2666 Pascitur
454 2617 492 2653 in
514 2619 611 2654 vivis
630 2617 721 2655 livor
733 2646 743 2663 ‚
768 2618 834 2667 post
845 2620 929 2665 fata
943 2619 1079 2670 quiescit
1093 2636 1105 2656 .-

331 2674 423 2704 ‘Iunc
441 2669 525 2714 suus
542 2681 583 2704 ex
605 2670 724 2705 merito
743 2684 908 2718 quemque
928 2682 1044 2706 tuetur
1066 2671 1182 2708 honor.

230 2719 277 2756 Et
296 2718 502 2765 Propertius
526 2719 585 2756 lib.
608 2731 673 2757 iix.
700 2720 800 2767 hleg.
821 2733 846 2756 i.

280 2775 337 2807 At
359 2769 466 2812 mihi,
495 2769 583 2817 quod
605 2770 691 2806 vivo
708 2771 909 2807 detraxerat
932 2769 1059 2808 invida
1081 2770 1209 2817 turba,

333 2820 406 2866 Post
423 2820 553 2856 obitum
574 2820 698 2869 duplici
710 2823 847 2868 foenore
874 2823 992 2859 reddet
1011 2822 1126 2860 honos.

233 2871 401 2908 Ciorari.

280 2932 317 2967 4.
344 2921 651 2972 Anniam-ratem]
698 2926 965 2960 Annumeraret
986 2923 1058 2961 Ms.
1081 2931 1120 2961 ut
1140 2923 1184 2962 ad
1207 2924 1260 2962 fa-

230 2981 329 3007 mam
352 2974 538 3018 pertineat.
567 2973 716 3010 Btitsm.

288 3029 320 3067 ς.
347 3027 435 3057 Cum
452 3025 541 3068 foret
561 3023 641 3074 cyfi]
671 3030 829 3074 Cumque
839 3027 931 3070 foret
941 3025 978 3062 P.
994 3025 1090 3061 Dan.
1109 3025 1267 3062 Putean..

233 3071 318 3117 Jun.
350 3072 385 3107 ὅῑ
428 3072 623 3111 duodecim
657 3075 727 3112 alii.
766 3082 909 3112 Marcus
950 3077 1021 3113 Ms.
1051 3075 1184 3113 Bersm.
1215 3076 1260 3113 de

232 3120 356 3159 Marso
381 3120 463 3157 vide
478 3122 635 3161 Broulth,.
656 3126 699 3163 ad
723 3125 809 3163 Tib.
831 3137 888 3164 iv.
906 3126 942 3162 in
964 3126 1048 3164 fine.

286 3186 318 3220 5.
348 3173 537 3220 Magnique
559 3174 714 3212 Rabirius
732 3176 832 3225 orm]
879 3177 990 3225 Apud
1021 3175 1195 3214 Catilium
1219 3176 1260 3214 li-

218 3223 296 3260 'bro
319 3223 439 3270 primo
462 3222 731 3262 Institutionum
762 3227 1093 3264 Grammaticarum
1124 3238 1166 3263 ex
1190 3227 1259 3264 Ra-

233 3274 324 3309 birio
357 3275 486 3311 citatur
509 3301 519 3317 ,
559 3273 672 3310 Idaeos
699 3277 838 3319 summa
860 3291 937 3313 cum
966 3278 1121 3326 margine
1149 3277 1256 3316 colles.

233 3324 378 3364 Hfiltris.
425 3323 616 3373 Magnique
649 3325 812 3363 sabellius
851 3328 918 3377 oris
972 3328 1091 3367 Barth.
1113 3328 1253 3368 Adver.

2262 1015 2336 1071 Et

1300 1158 1447 1199 xxxiiii.
1469 1155 1527 1186 10.
1556 1145 1796 1189 FabiriusMs.
1814 1148 2062 1194 Bersm.'‚aiiud
2074 1153 2336 1204 Fragmentum

1301 1211 1347 1237 ex
1378 1200 1526 1237 Rabirio
1551 1199 1661 1237 habet
1688 1201 1786 1239 idem
1819 1201 1975 1240 Carisius
2004 1215 2083 1251 pag.
2117 1204 2201 1245 188.
2261 1207 2337 1255 (Qei

1296 1250 1561 1300 perduellionem
1575 1251 1685 1300 feciffe
1706 1252 1897 1291 dicebatur.
1924 1254 1963 1291 in
1986 1254 2100 1292 altero
2121 1255 2164 1293 ab
2177 1256 2334 1295 Heinsio

1302 1301 1463 1339 addueto
1486 1301 1628 1339 versum
1648 1304 1830 1352 integrum
1846 1331 1856 1348 ,

1353 1351 1495 1389 Extulit
1521 1352 1636 1389 Idaeos
1658 1352 1797 1399 summa
1817 1367 1895 1391 cum
1919 1354 2074 1404 margine
2094 1355 2202 1396 colles.

1302 1403 1452 1440 restituit
1474 1402 1595 1440 Barth.
1614 1403 1659 1441 ad
1689 1404 1774 1443 Stat.
1797 1417 1832 1444 κ.
1853 1405 1976 1444 Theb.
1997 1418 2084 1455 454.
2112 1408 2186 1446 vid.
2209 1408 2339 1450 Crinit.

1303 1464 1366 1490 111.
1385 1453 1430 1491 de
1453 1453 1561 1491 Poe't.
1581 1466 1639 1500 52.
1668 1455 1798 1493 Boiam.

1353 1503 1390 1543 6.
1414 1502 1609 1553 ,Iliacusque
1631 1506 1796 1556 Macen]
1835 1507 1948 1545 Hunc
1976 1508 2147 1548 Macrum
2173 1510 2218 1549 ad
2241 1510 2344 1550 Lici-

1299 1555 1399 1593 niam
1421 1563 1571 1604 gentem
1594 1553 1664 1593 effe
1685 1558 1916 1596 referendum
1939 1560 2092 1604 censeo,
2122 1572 2206 1599 cum
2229 1562 2342 1608 alter,

1304 1606 1405 1655 cujus
1427 1605 1703 1654 Ornithogonia
1724 1609 1761 1645 ὅ(
1774 1607 1958 1647 Theriaca
1970 1609 2161 1649 laudantur
2175 1610 2194 1649 a
2210 1613 2344 1650 Gram-

1305 1658 1447 1694 maticis
1463 1684 1472 1700 ,
1497 1657 1614 1704 gentis
1635 1657 1743 1696 fuerit
1763 1658 1953 1697 AEmiliae.
1981 1672 2092 1707 quem
2121 1663 2344 1710 grandiorem

1305 1721 1391 1744 aevo
1414 1716 1525 1745 vocat
1546 1707 1679 1745 Noster
1699 1710 1735 1746 in
1758 1709 1947 1748 Tristibus.
1976 1711 2093 1749 Reete
2112 1722 2235 1750 autem
2260 1713 2345 1750 Ilia-

1307 1771 1364 1795 cus
1385 1764 1506 1795 Macer
1520 1785 1531 1802 ,
1559 1759 1711 1808 quinon
1733 1768 1876 1798 tantum
1893 1774 2033 1798 carmen
2052 1763 2099 1799 ad
2118 1764 2252 1801 iratum
2266 1774 2344 1812 per-

1308 1809 1449 1846 duxerit
1473 1809 1647 1846 Achillem
1661 1839 1671 1855 ,
1687 1812 1760 1848 hoc
1774 1812 1821 1848 est
1841 1813 1876 1850 in
1890 1812 2118 1851 Homericae
2138 1814 2269 1853 lliados
2289 1826 2347 1852 us·

1307 1871 1383 1908 que
1405 1861 1652 1897 narrationem
1677 1888 1687 1906 ,
1727 1870 1765 1898 ut
1790 1862 1826 1898 in
1860 1863 2060 1901 Amoribus
2091 1864 2246 1909 Noster,
2285 1865 2346 1903 sed

1310 1918 1420 1946 etiam
1444 1911 1618 1947 cecinerit
1645 1937 1655 1953 ,
1683 1910 1848 1961 quicquid
1877 1925 2014 1950 aeterno
2043 1914 2191 1961 restabat
2222 1923 2347 1953 Home-

1311 1972 1346 1995 ro
1360 1986 1370 2002 ,
1398 1967 1437 1996 ut
1455 1958 1565 1996 fidem
1589 1961 1677 1998 facit
1698 1962 1794 1998 idem
1817 1964 1853 1999 i'n
1875 1963 1928 2000 his
1947 1963 2027 2009 ipsis
2048 1964 2220 2004 Ponticis.
2264 1966 2346 2005 Du-

1309 2009 1392 2057 plex
1422 2010 1530 2057 igitur
1554 2014 1690 2057 poema
1720 2012 1916 2050 obsidionis
1949 2013 2137 2062 Trojanae
2169 2028 2188 2053 a
2216 2017 2348 2054 Macro

1312 2059 1491 2098 relietum.
1537 2061 1682 2099 Heius.
1734 2063 1822 2101 Vid.
1852 2064 2014 2103 Broulth.
2055 2065 2100 2103 ad
2130 2066 2268 2106 Tibull.
2300 2080 2350 2106 Π.

1312 2122 1371 2148 vi.
1398 2123 1431 2150 1.

1365 2160 1397 2198 8.
1428 2161 1631 2211 Junom'sfi
1648 2164 1758 2214 nom]
1789 2166 1930 2211 Junoni
1957 2166 2055 2214 Junii
2085 2170 2123 2206 &
2144 2169 2261 2207 Voffii
2285 2181 2351 2208 co·

1313 2211 1396 2250 dex.
1413 2213 1486 2249 vid.
1511 2225 1544 2249 v.
1566 2215 1658 2251 Met.
1676 2225 1761 2263 415.
1789 2218 1863 2262 jam
1882 2231 1986 2264 genus
2009 2219 2080 2256 MS.
2103 2219 2236 2258 Bersm.

1366 2273 1403 2312 9.
1432 2262 1572 2311 Quique
1584 2265 1679 2301 dedit
1694 2266 1794 2302 Latio
1807 2280 1945 2303 carmen
1957 2270 2065 2315 regale
2078 2275 2219 2306 Severus
2232 2298 2241 2313 ,
2260 2269 2351 2319 m]

1314 2313 1421 2352 Duos
1444 2313 1546 2350 fuisse
1574 2314 1727 2353 Severos
1759 2317 1889 2354 Po'e'tas
1913 2345 1923 2360 ,
1960 2317 2060 2364 supra
2082 2322 2356 2358 annotavimus.

1316 2365 1431 2412 Quod
1452 2364 1475 2401 si
1496 2374 1618 2402 aurem
1652 2366 1697 2402 de
1723 2366 1857 2403 eodem
1874 2395 1882 2409 ,
1911 2367 1984 2404 hoc
2011 2368 2096 2405 loco
2118 2373 2227 2417 poeta
2247 2370 2356 2409 intel-

1315 2416 1415 2463 ligit,
1443 2415 1486 2452 ad
1507 2426 1617 2464 quem
1642 2417 1741 2463 supra
1762 2416 1916 2465 scripsit,
1946 2418 1994 2455 ita
2023 2428 2062 2455 ut
2092 2420 2258 2458 Merulae
2278 2422 2355 2469 pla-

1314 2475 1395 2509 cet,
1423 2477 1543 2514 neque
1564 2477 1635 2514 ego
1656 2478 1843 2516 repugno:
1875 2475 1971 2505 certe
1994 2467 2039 2505 de
2060 2470 2240 2508 Parmensi
2261 2474 2353 2510 haec

1314 2516 1548 2564 intelligenda
1572 2529 1649 2554 non
1677 2526 1805 2562 erunt,
1832 2518 1890 2555 sed
1912 2518 1956 2555 de
1974 2519 2060 2557 Cor.
2085 2521 2235 2558 Severo.
2274 2523 2351 2561 Cu-

1309 2567 1369 2616 jtis
1393 2570 1442 2604 rei
1461 2576 1674 2616 argumenta
1698 2579 1740 2604 ac
1772 2569 1929 2606 rationes
1960 2570 2060 2618 supra
2091 2570 2350 2611 indicavimus.

1319 2618 1453 2666 Neque
1491 2630 1580 2654 vero
1612 2618 1658 2655 de
1696 2618 1783 2656 Cor.
1815 2620 1952 2656 Severo
1994 2620 2140 2659 absurde
2177 2624 2354 2672 accipitur

1317 2669 1419 2717 quod
1441 2669 1500 2706 hic
1525 2668 1683 2706 Ovidius
1703 2669 1795 2707 dixit
1817 2698 1827 2714 ,
1867 2669 1986 2718 Regale
2003 2671 2104 2708 illum
2129 2685 2267 2710 carmen
2287 2675 2353 2712 de-

1318 2719 1428 2764 disse:
1457 2720 1761 2768 quandoquidem
1785 2720 1990 2758 Siculorum
2019 2733 2143 2771 regum
2167 2735 2220 2761 res
2239 2724 2352 2772 gestas

1318 2769 1509 2817 descripsit.
1536 2769 1812 2808 Imoliocidem
1839 2771 2350 2821 reffiushuic,quam<;affio

1319 2822 1496 2858 convenit
1517 2847 1527 2864 ,
1552 2821 1701 2869 quando
1730 2821 1887 2859 Caffiurn
1910 2822 2182 2870 Epigrammata
2208 2825 2246 2862 δε
2267 2827 2353 2864 hle-

1317 2872 1392 2919 gias
1423 2873 1537 2919 magis
1570 2871 1738 2920 scripsisse
1768 2872 1910 2909 tradant
1935 2900 1944 2915 ,
1981 2873 2197 2912 Cornelium
2226 2885 2350 2913 autem

1316 2923 1411 2959 inter
1431 2923 1564 2970 Epicos
1583 2924 1692 2959 etiam
1717 2921 1845 2960 Fabius
1864 2923 1998 2961 laudat.
2026 2925 2201 2962 MiCYLL.
2243 2932 2351 2971 Rega-

1317 2972 1346 3008 le
1365 2984 1511 3066 c}}men
1531 2972 1578 3009 est
1591 2972 1816 3022 Tragoedia.
1833 2973 1907 3012 vid.
1925 2974 2017 3023 supr.
2039 2976 2165 3014 Heins.
2183 2976 2226 3013 ad
2247 2976 2349 3025 hleg.

1317 3036 1361 3062 11.
1426 3051 1434 3061 .
1457 3036 1485 3060 1.

1375 3086 1430 3111 io.
1458 3073 1593 3122 Priscus
1614 3074 1793 3124 uterque.]
1824 3075 1969 3114 Merula
1990 3076 2080 3115 duos
2099 3075 2258 3120 Priscos,
2283 3077 2347 3126 qui

1317 3125 1427 3173 Regis
1439 3125 1586 3163 Numae
1615 3127 1727 3162 vitam
1751 3126 1916 3174 scripsere
1936 3154 1947 3170 ,
1982 3125 2086 3174 quod
2109 3137 2200 3173 opus
2222 3127 2347 3166 subtile

1318 3177 1408 3220 fuit,
1439 3176 1543 3213 nobis
1563 3176 1637 3213 sine
1655 3176 1725 3213 ulla
1745 3177 1957 3214 auftoritate
1979 3176 2038 3212 hic
2056 3175 2170 3223 fingit.
2199 3188 2268 3226 ego
2280 3179 2348 3217 lios

1316 3228 1449 3275 ignoro
1463 3254 1473 3271 ,
1489 3228 1525 3263 ὅτ
1541 3227 1703 3263 Numani
1727 3227 1879 3263 Po'e'tam
1896 3253 1905 3268 ‚
1918 3236 1994 3261 non
2017 3225 2170 3271 Poema,
2184 3227 2348 3276 designa-

1317 3289 1354 3313 re
1383 3286 1486 3325 puto.
1519 3277 1738 3324 Pompilium
1769 3273 1968 3323 quemdam
1992 3277 2150 3314 amicum
2181 3278 2345 3318 Horatio

1307 3328 1394 3367 facit
1415 3327 1719 3375 Glandorpiusex
1738 3324 1971 3374 inscriptione
1984 3326 2085 3366 Odes
2099 3327 2204 3375 7.lib.
2227 3329 2344 3416 11.ξά

2244 3390 2281 3418 re
2310 3394 2343 3421 ,e
