2495 3675
465 148 1397 218 FASTORUM
1508 152 1700 208 Liss.

1775 159 1867 217 IV.
2092 177 2117 210 2
2128 161 2161 210 6
2169 177 2193 223 3

191 279 289 346 385
328 276 486 333 Plura
512 274 743 331 locuturi
773 271 945 327 subito
969 265 1270 323 seducimur
1296 263 1481 319 imbre.

401 349 640 404 Pendula
667 343 920 402 coelestes
949 340 1111 394 Libra

1151 337 1402 391 movebat
1429 355 1601 411 aquas

333 424 483 479 Ante
508 436 680 476 tamen
697 459 710 484 ‚
750 432 908 490 quam
933 413 1133 466 summa
1159 409 1271 464 dies
1294 410 1583 483 speciacula
1608 412 1742 468 sistat
1759 457 1771 476 ‚

410 494 612 549 Ensifer
636 493 806 547 Orion
840 502 1075 558 aequore
1099 483 1296 538 mersus
1319 484 1435 539 erit.

430 567 662 621 Roxima
687 561 960 615 vic'iricem
986 575 1109 612 cum
1136 556 1368 610 Romam
1400 557 1686 630 inspexerit
1714 557 1855 625 Eos,

189 662 289 715 390
329 568 423 707 P
499 639 568 694 Et
599 634 812 690 dederit
836 630 1063 687 Phoebo
1089 628 1226 684 stella
1256 628 1434 701 fugata
1459 632 1666 694 locum;

332 716 522 770 Circus
546 714 645 764 erit
666 707 863 780 pompa
889 706 1126 768 celeber,

1164 719 1498 776 numeroque
1524 704 1794 760 Deorum:

405 785 689 854 Primaque
714 777 939 835 ventosis
965 779 1134 850 palma
1160 791 1372 847 petetur
1393 777 1558 848 equis,

329 857 411 914 Hi
436 856 649 912 Cereris
676 853 854 908 Ludi:
893 868 1003 905 non
1030 850 1102 905 est
1129 866 1261 921 opus
1283 849 1462 904 indice
1488 848 1671 905 causs'a.

402 930 603 1003 Sponte
630 927 777 982 Deae
803 942 993 979 munus
1017 922 1480 997 promeritumque
1507 937 1705 995 patent.

107 1205 189 1246 377.
215 1199 292 1233 Hac
311 1189 398 1232 mihi
421 1187 604 1239 quidam]
652 1188 759 1227 Malo
781 1215 792 1233 ,
823 1188 998 1241 quondam
1013 1217 1022 1231 ,
1050 1195 1092 1226 ut

50 1247 139 1286 inest
165 1247 269 1285 MSS.
299 1242 482 1284 Scribebat
508 1243 544 1280 in
566 1239 703 1278 exsilio.
731 1240 857 1277 Nem
903 1238 1093 1288 §Quondam

54 1297 111 1336 sex
128 1296 254 1347 scripti.

103 1359 186 1396 379.
213 1354 328 1388 Haec,
355 1344 430 1388 ait,
454 1342 518 1380 illa
535 1341 644 1390 dies-,l
684 1340 809 1378 Habes
830 1340 952 1378 diem:
981 1351 1096 1378 annus

52 1409 140 1436 vero
161 1399 229 1436 fuit
249 1408 417 1436 Decvri.
444 1395 487 1431 ab
512 1394 559 1431 U.
581 1392 626 1430 C.
644 1392 850 1440 triumphus
874 1391 1030 1428 Caesaris
1044 1402 1096 1428 iv.

54 1449 370 1550 NZAgpquMeruiffi
390 1494 561 1533 Tribunus
588 1493 604 1544 ]
645 1491 816 1530 Tribunal
836 1493 921 1529 Maz
953 1490 1096 1528 Zulich.

53 1548 158 1589 Voff.
180 1552 217 1589 &
240 1559 310 1587 tres
332 1547 400 1585 alii.
420 1556 458 1585 ut
481 1545 696 1594 stipendium
719 1543 759 1580 fit
782 1543 937 1580 militare
959 1542 1096 1580 Tribu-

54 1601 125 1640 nal.
144 1601 203 1639 sed
222 1600 273 1638 nil
291 1597 507 1636 mutandum
530 1595 674 1633 censeo.
702 1595 846 1631 Heius.

108 1652 192 1701 382.
218 1648 389 1698 Glorior.]
418 1646 585 1684 Gratulor
605 1657 696 1683 unus
717 1645 869 1682 Moreti.

109 1702 192 1750 382.
220 1697 550 1749 Officiispraefuit.]
577 1697 760 1746 Scriptus,
784 1695 896 1744 officio.
924 1696 1101 1734 Numi.

58 1752 184 1802 Officiis
203 1752 276 1790 duo
296 1750 425 1798 scripti.

111 1803 190 1852 384.
220 1808 314 1838 Inter
333 1800 383 1837 bis
403 1797 561 1850 quinos.]
590 1798 688 1847 Ergo
696 1797 802 1847 juxta
822 1796 1032 1835 Tribunum
1048 1795 1100 1833 se-

58 1853 110 1892 dit
134 1852 310 1896 Ovidius;
338 1864 415 1889 non
437 1853 523 1896 quia
537 1862 580 1887 ex
602 1849 754 1898 equestri
776 1847 936 1892 familia,
965 1857 1100 1885 utcen-

57 1905 109 1943 set
140 1915 290 1954 magnus
312 1902 453 1951 Lipsius
471 1902 506 1939 iri
524 1899 811 1948 Amphitheatro
827 1928 835 1944 ‚
855 1899 914 1937 sed
929 1900 1014 1947 quia
1027 1899 1103 1936 De-

61 1956 212 1993 cemvir.
243 1955 328 1993 Hoc
349 1964 482 1991 munus
505 1953 667 1990 exercuit
691 1950 823 1988 Noster
844 1950 1017 1999 pauculos
1038 1960 1102 1986 an-

60 2017 149 2051 nos,
178 2007 333 2055 opinor,
358 2013 553 2052 antequam
567 2003 670 2039 Urbe
688 2000 905 2039 discederet:
926 2012 993 2037 nec
1006 1999 1103 2037 aliud

59 2055 253 2104 occupasse
272 2056 366 2105 legi,
395 2064 533 2104 practer
551 2053 846 2092 Triumviratum
866 2051 1024 2101 juvenili
1045 2062 1105 2088 ae-

59 2113 144 2146 tate.
173 2107 318 2145 Merula
338 2118 380 2143 ex
402 2106 469 2142 illis
490 2107 526 2142 in
549 2103 747 2148 Tristibus,

114 2176 186 2208 Nec
208 2169 298 2206 male
319 2167 488 2216 commissa
509 2167 550 2212 est
569 2165 662 2204 nobis
674 2167 824 2212 fortuna
849 2177 1004 2209 reorum,

166 2227 275 2271 Usque
296 2219 406 2256 decem
429 2219 531 2254 decies
551 2216 758 2267 inspicienda
778 2217 878 2254 viris.

68 2284 204 2332 colligit
226 2311 236 2328 ,
275 2282 462 2321 Nasonem
501 2279 618 2320 tuliffe
655 2281 765 2318 etiam
807 2279 1109 2317 Centumviraius

67 2335 262 2374 honorem.
309 2334 346 2371 O
370 2345 578 2382 peponem:
607 2334 686 2370 imo
709 2331 757 2369 ibi
777 2330 810 2368 se
832 2330 926 2367 clare
944 2329 1108 2366 Decem·

69 2388 188 2424 virum
208 2385 377 2422 testatur:
402 2395 487 2420 nain
507 2383 551 2421 ad
572 2384 671 2420 hunc
691 2381 936 2430 magistratum
951 2381 1107 2430 pertine-

69 2436 130 2473 bat
158 2435 421 2472 centumviros
449 2444 671 2482 congregare
692 2459 702 2476 ,
739 2432 782 2468 ad
798 2430 936 2479 judicia
959 2442 1108 2468 reorum

72 2485 296 2534 peragenda:
325 2485 382 2520 cui
404 2484 452 2519 rei
475 2484 618 2520 initium
639 2494 683 2518 ex
699 2481 849 2529 Augusti
872 2481 1109 2517 institutione.

74 2538 208 2572 Auffor
227 2534 422 2579 enimfuit,
451 2534 568 2581 inquit
598 2532 813 2571 Suetonius,
842 2539 879 2566 ut
901 2530 1110 2566 Centumvi-

74 2585 182 2623 ralem
203 2584 357 2631 hastam,
386 2595 490 2630 quam
521 2583 700 2631 quaestura
719 2582 838 2626 sancii
867 2580 1110 2628 consueverant

73 2649 200 2686 cogere,
229 2634 428 2671 Decemviri
452 2643 610 2680 cogerent.
640 2633 762 2668 Nem.

127 2689 209 2736 385.
237 2684 353 2721 subito
365 2682 593 2731 subducimus
612 2682 729 2719 imbre.
750 2680 766 2730 ]
795 2679 1022 2718 Eodemmet
1042 2680 1112 2718 die.

74 2736 209 2776 Plinius
228 2735 286 2773 lib.
310 2747 378 2772 xv1
393 2746 403 2770 i
419 2747 446 2770 i.
469 2745 546 2782 cap.
569 2735 627 2771 26.
655 2732 795 2782 Caesari
815 2745 876 2771 Vi.
906 2731 987 2768 Idus
1005 2730 1112 2781 figni-

71 2787 199 2836 ficatur
211 2785 319 2824 imber
333 2784 455 2821 Librae
474 2783 600 2829 occasu.
629 2785 751 2822 ΝΕΑΡ.

131 2851 214 2899 385.
242 2848 474 2886 Subducimur
495 2847 641 2896 imbra]
692 2846 890 2884 seducimur
913 2845 1055 2883 Arond.
1078 2847 1115 2884 &

78 2900 212 2949 septem
230 2900 313 2943 alii,
343 2911 426 2936 cum
446 2899 583 2936 Mazar.
602 2899 743 2936 Zulicli.
764 2900 799 2935 δέ
823 2897 1116 2935 Erftirtano.lioc

79 2951 149 2997 est,
175 2952 387 3000 separamur.
415 2949 519 2987 bene.
557 2949 754 2998 quomodo
778 2949 844 2996 Ep.
867 2959 937 2984 xix
978 2959 1056 2994 ¹42·

131 3017 263 3055 Seducit
281 3027 390 3054 terras
412 3014 493 3051 haec
513 3013 626 3051 brevis
646 3013 742 3051 unda
765 3013 862 3050 duas.

83 3080 173 3106 rnox
192 3066 326 3116 Enfiger
348 3066 452 3103 orion
477 3067 648 3103 meliores
663 3093 673 3110 ,
686 3077 752 3114 pro
766 3061 908 3115 Ensifer.
920 3063 1117 3115 quomodo

88 3120 195 3156 etiam
215 3119 274 3157 lib.
297 3130 355 3157 ri.
377 3118 456 3156 Art.
478 3129 534 3164 55.

238 3194 331 3201 ···-
363 3194 532 3230 comesque
563 3185 683 3217 Bootae

91 3230 273 3320 HEnfiger
294 3232 399 3270 orion
424 3231 631 3281 aspiciendus
652 3230 728 3270 erit.

137 3292 237 3319 ems.

2043 1049 2187 1106 Mes-

1199 1186 1284 1236 386.
1312 1184 1476 1235 Aquas]
1506 1190 1617 1234 Equos
1637 1185 1724 1226 duo.

1204 1237 1287 1286 387.
1317 1241 1416 1273 Ante
1431 1249 1550 1274 tamen
1571 1252 1677 1290 quam
1688 1239 1832 1287 summa
1849 1237 1951 1289 dies]
1979 1238 2057 1277 Erit
2077 1240 2191 1279 Orio-

1150 1289 1205 1326 nis
1228 1288 1373 1325 occasus
1400 1288 1570 1325 heliacus.
1616 1289 1684 1326 Sed
1706 1291 1793 1327 heus
1817 1301 1926 1335 quain
1947 1289 2079 1328 mensis
2097 1292 2193 1328 dices

1150 1340 1245 1377 hanc
1266 1339 1431 1376 ultimam
1461 1338 1777 1385 speftaculorum?
1804 1339 2061 1378 Kalendariuin
2092 1341 2196 1378 Con-

1151 1389 1294 1427 stantini
1316 1389 1443 1436 Magni
1465 1389 1571 1426 ludos
1601 1389 1860 1438 Magalesiacos
1892 1392 2063 1429 terminat
2087 1403 2141 1429 iv.
2160 1391 2197 1429 1-

1152 1439 1240 1482 dus;
1270 1450 1354 1475 nam
1383 1450 1464 1475 111.
1516 1438 1599 1476 Idus
1622 1440 1707 1478 facit
1741 1441 1899 1478 natalem
1933 1442 2056 1479 Severi
2085 1454 2093 1479 :
2132 1453 2198 1480 ve-

1152 1499 1208 1528 tus
1228 1500 1318 1526 vero
1339 1490 1439 1527 hunc
1467 1490 1580 1527 etiam
1612 1519 1623 1535 ,
1676 1492 1738 1540 qui
1768 1491 1900 1530 meniis
1922 1505 1981 1530 xr.
2016 1500 2121 1530 notat
2141 1492 2197 1532 his

1150 1541 1299 1584 litteris,
1328 1552 1443 1578 ivor.
1472 1540 1667 1587 Sequimur
1686 1542 1878 1592 antiquius.
1906 1543 2030 1581 Nem.

1211 1591 1296 1643 387.
1323 1597 1468 1627 Summa
1489 1591 1597 1640 dies.]
1626 1592 1743 1629 fulva
1764 1605 1869 1631 unus.

1212 1642 1296 1693 389.
1323 1644 1489 1678 Proxima
1520 1643 1738 1693 vifiricem]
1793 1643 1912 1682 Pridie
1942 1644 2026 1683 Idus
2055 1643 2199 1694 Apriles

1158 1702 1259 1733 erant
1282 1693 1572 1742 Cerealia:quae
1593 1706 1668 1732 non
1694 1706 1738 1732 ex
1764 1694 1870 1732 Festis
1899 1697 2056 1744 antiquis
2077 1697 2199 1741 Urbis,

1157 1746 1182 1784 fi
1203 1756 1309 1782 verus
1329 1756 1504 1782 nummus
1527 1745 1717 1782 Laurentii
1742 1745 1904 1782 Medicei
1918 1773 1929 1789 ‚
1958 1747 1993 1783 iri
2007 1746 2108 1795 cujus
2123 1745 2201 1786 ora:

1158 1809 1321 1835 iiffimivs
1351 1806 1490 1832 ffioius
1526 1807 1695 1834 cvaviis
1734 1807 1934 1835 CEREALIA
1962 1810 2108 1836 PR1MVS
2135 1809 2202 1836 fn-

1158 1860 1243 1886 c1r.
1272 1847 1448 1884 Neapor.

1210 1911 1276 1946 491
1313 1903 1437 1945 Pompa
1455 1896 1619 1946 celeber.]
1665 1897 1866 1946 Expreffim
1899 1897 1945 1936 de
1971 1898 2039 1936 hac
2059 1899 2204 1938 Cereali

1159 1950 1216 1987 M.
1238 1949 1356 1986 Varro
1380 1948 1425 1985 de
1448 1949 1492 1985 R.
1520 1949 1565 1985 R.
1595 1954 1689 1984 Nam
1719 1949 1816 1984 modo
1847 1963 1953 1986 ovum
1973 1949 2063 1986 illud
2081 1950 2204 1999 subla-

1160 2011 1236 2038 tum
1256 1999 1299 2046 est
1317 2026 1327 2042 ,
1367 1999 1457 2049 quod
1485 1999 1575 2035 ludis
1604 1999 1815 2046 Circensibus
1844 1998 2014 2047 noviffi'rni
2039 2001 2204 2038 curriculi

1156 2051 1262 2099 finem
1274 2051 1368 2097 facit
1392 2049 1589 2098 quadrigis.-
1612 2049 1674 2097 sed
1696 2063 1736 2086 ne
1754 2050 1844 2086 illud
1862 2052 1999 2100 quidem
2015 2065 2122 2087 ovum
2146 2053 2204 2088 vi-

1161 2102 1277 2138 dimus
1295 2129 1304 2146 ,
1342 2100 1432 2150 quod
1458 2100 1497 2138 in
1529 2099 1664 2137 Cereali
1684 2100 1809 2151 pompei
1830 2101 1917 2149 solet
1945 2101 2002 2150 effi
2035 2102 2205 2151 primum.

1164 2153 1289 2190 NEAP.

1218 2215 1300 2252 391.
1327 2200 1502 2250 Celeber.]
1532 2201 1585 2239 Ita
1605 2201 1802 2251 legendum
1822 2201 1933 2241 docet
1953 2203 2118 2241 Priscian.
2144 2203 2205 2242 lib.

1166 2266 1231 2291 iii.
1252 2265 1331 2302 pag.
1353 2254 1438 2289 606.
1465 2264 1577 2301 quare
1599 2253 1693 2290 male
1719 2253 1899 2301 quaedam
1926 2254 2106 2291 editiones
2127 2255 2205 2290 cele-

1166 2304 1250 2349 bris,
1263 2305 1345 2341 licet
1366 2302 1400 2340 id
1417 2304 1450 2340 in
1465 2315 1602 2340 novem
1617 2303 1750 2352 scriptis
1762 2304 1873 2341 exstet
1885 2332 1896 2349 ,
1908 2305 2004 2342 &ita
2018 2316 2156 2343 veteres
2170 2307 2206 2343 in

1167 2355 1369 2394 masculino
1390 2354 1472 2392 usos
1492 2356 1545 2392 his
1562 2353 1750 2403 adjeciivis
1772 2354 1971 2393 viderimus
1994 2355 2037 2392 ad
2059 2356 2207 2393 Petron.

1168 2417 1248 2455 123.
1278 2406 1412 2443 Euam,

1220 2468 1303 2505 392.
1331 2455 1455 2492 Palma
1473 2463 1603 2501 petetur
1620 2453 1752 2503 oquin]
1804 2454 1900 2492 Ludi
1934 2455 2141 2493 conflabant
2160 2468 2206 2494 ex

1166 2507 1322 2555 pluribus
1342 2506 1510 2551 equitum
1532 2503 1710 2548 cursibus,
1738 2504 1825 2541 teste
1855 2505 2004 2543 Tacito.
2049 2506 2209 2555 Prodigii

1165 2558 1252 2594 Ioco
1285 2556 1376 2592 olim
1406 2554 1567 2590 liabituin
1592 2582 1601 2596 ,
1640 2566 1704 2601 pro
1736 2555 1834 2591 hisce
1853 2556 2086 2603 gladiatorios
2106 2559 2209 2594 exhi·

1166 2606 1275 2644 bitos.
1342 2603 1437 2642 Vide
1469 2604 1634 2641 Dionem
1669 2604 1728 2643 lib.
1757 2618 1876 2643 XLvli.
1913 2617 2011 2644 aimo
2042 2619 2211 2647 Dccxii.

1171 2658 1347 2695 Nriivoi.

1223 2719 1308 2757 394.
1342 2705 1429 2741 Hinc
1450 2705 1582 2742 Cereris
1601 2705 1716 2755 ludi.]
1765 2708 1854 2745 HOC
1874 2707 1922 2745 est
1944 2707 1963 2745 {³
1988 2720 2057 2746 XII.
2079 2709 2211 2748 mensis

1170 2758 1229 2796 die
1249 2758 1429 2806 incipiunt
1452 2757 1630 2795 Cereales.
1676 2758 1778 2795 Cave
1802 2759 1922 2797 credas
1944 2760 2045 2797 bono
2067 2761 2212 2805 Mai-so,

1171 2810 1232 2860 qui
1255 2810 1414 2856 primum
1446 2806 1636 2845 distichum
1667 2809 1920 2856 interpretatur
1942 2810 1987 2847 de
2016 2810 2108 2849 ludis
2133 2812 2211 2848 Cir-⁴

1174 2859 1336 2897 censibus
1360 2874 1370 2901 3
1411 2869 1451 2894 ac
1480 2857 1504 2894 si
1535 2858 1627 2896 dicat
1651 2858 1713 2895 hic
1743 2860 1898 2905 Noster,
1926 2860 2004 2908 post
2027 2862 2213 2901 Circenses

1174 2910 1334 2957 incipere
1355 2909 1534 2946 Cereales.
1564 2909 1632 2945 Sed
1656 2922 1695 2945 aii
1718 2912 1873 2948 homine
1894 2923 1963 2949 nec
1976 2912 2216 2950 Criticerinec

1176 2960 1464 2998 Grainmaticam
1494 2960 1673 3008 exigimus
1716 2962 1891 3000 Numi.
1946 2963 2010 2999 Hic
2031 2963 2149 3001 Ursin.
2178 2966 2216 3001 ὃ(

1176 3022 1245 3049 tres
1267 3011 1339 3048 alii.
1391 3010 1515 3057 Lege,
1545 3011 1593 3046 Hi
1620 3014 1747 3047 Cereris
1767 3012 1852 3049 ludi.
1880 3026 1945 3061 pro
1964 3013 2076 3050 indice
2099 3015 2215 3061 causae

1173 3062 1449 3151 praestagfioregs
1483 3073 1615 3100 omnes
1634 3090 1643 3107 ‚
1681 3062 1790 3100 indice
1820 3064 1943 3113 caussa.
1974 3065 2011 3102 ὃς
2036 3065 2138 3103 bene.
2165 3064 2211 3102 sie

1191 3125 1275 3162 upra
1303 3149 1308 3155 ,
1347 3140 1354 3149 .
1378 3123 1419 3161 32
1452 3142 1458 3148 .

1233 3179 1340 3216 Index
1362 3179 1514 3216 laetitiae
1527 3181 1645 3228 fertur
1663 3182 1708 3218 ad
1730 3181 1819 3229 astra
1838 3184 1950 3230 sontes.

1180 3230 1218 3267 &
1237 3231 1332 3278 apud
1356 3231 1568 3268 Lucretium
1590 3232 1646 3268 lib.
1671 3246 1710 3269 ιι,
1736 3245 1841 3277 ιῡῑῳ.
1860 3233 1969 3268 Indice
1989 3228 2214 3276 ›nemeaea-id

1181 3281 1335 3320 Livium
1352 3281 1414 3322 lib.
1434 3294 1492 3321 vu
1520 3293 1576 3332 37.
1602 3282 1746 3321 Clamor
1767 3283 1922 3319 emnium
1942 3281 2084 3329 assensus
2102 3279 2219 3368 ἰπῐίεέἑ
