2495 3675
261 208 368 259 204

771 192 832 248 P.
907 189 1323 250 OVIDII
1396 186 1923 249 NASONIS

561 306 749 370 Anna,
787 325 882 381 per
904 308 1040 363 hanc
1061 307 1211 378 jur0,
1249 323 1409 380 quam
1435 305 1710 380 quondam
1738 307 1922 365 audire
1948 307 2147 368 solebas

635 380 919 436 Tellurem
944 382 1056 436 fato
1081 381 1415 451 prosperiore
1443 380 1571 434 dari.

421 455 520 521 615
559 453 776 527 Perque
801 455 949 510 Deos
976 454 1232 515 comitet»,
1271 454 1367 507 hac
1395 470 1563 526 nuper
1586 453 1709 510 sede
1734 456 1971 518 locatos;

636 527 803 599 Saepe
839 544 979 580 meas
1004 526 1119 579 illos
1140 524 1456 598 increpuisse
1485 544 1676 583 moras,

563 599 681 655 Nec
707 598 860 653 timui
887 597 956 651 de
983 611 1158 652 morte
1184 613 1389 653 tamen:
1429 613 1603 653 metus
1628 602 1794 657 abfuit
1819 601 1928 656 iste.

635 672 747 727 Hei
774 670 929 725 mihi!
970 670 1214 725 credibili
1242 671 1435 726 fortior
1470 673 1554 725 illa
1580 673 1697 729 fuit.

561 745 646 800 Ne
673 743 828 798 refer.
869 744 1084 814 adspexi
1108 761 1218 798 non
1245 744 1338 797 illo
1366 744 1583 816 pe6³tore
1613 747 1774 818 digna

419 821 524 870 52c>

636 817 908 877 Vulnera,
947 816 1233 870 Tartareas
1259 817 1409 871 ausus
1449 816 1595 871 adire
1621 819 1831 875 domos,

560 892 636 945 At
662 904 747 955 tu,
787 893 875 945 seu
901 891 1035 944 ratio
1062 902 1115 942 te
1143 889 1329 943 nostris
1357 890 1560 961 adpulit
1589 892 1727 956 oris,

636 964 756 1018 Sive
772 964 920 1017 Deus
939 990 951 1028 3
977 962 1128 1034 regni
1153 963 1443 1017 commoda
1467 981 1624 1034 carpe
1640 966 1764 1020 mei.

557 1034 736 1090 Multa
767 1036 862 1090 tibi
887 1053 1182 1100 memores,
1220 1036 1292 1090 nil
1319 1054 1428 1090 non
1453 1035 1710 1093 debemus
1737 1037 1938 1098 Elissae.

628 1110 866 1164 Nomine
893 1124 1040 1181 grata
1063 1121 1188 1173 tu0‚
1226 1124 1373 1180 grata
1399 1109 1622 1172 sororis,
1662 1111 1779 1167 eris,

413 1186 513 1251 625
552 1181 706 1237 Talia
736 1183 937 1236 dicenti
967 1184 1175 1253 (neque
1199 1182 1341 1235 enim
1369 1182 1480 1252 spes
1507 1184 1668 1239 altera
1692 1185 1873 1254 restat)

629 1255 881 1310 Credidit
902 1278 914 1317 ;
955 1271 1166 1308 errores
1192 1253 1545 1327 exposuitque
1569 1257 1704 1311 suos,

555 1328 742 1398 thue
771 1328 997 1382 domum
1025 1326 1237 1382 intravit
1262 1325 1465 1398 Tyrios
1488 1327 1677 1382 induta
1703 1342 1910 1400 paratus
1932 1354 1950 1394 ς

625 1402 812 1473 Incipit
838 1399 1067 1455 AEneas:
1116 1403 1316 1469 (cetera
1345 1398 1498 1474 turba
1522 1399 1670 1469 filet)

551 1474 713 1530 Hanc
743 1474 837 1528 tibi
865 1492 961 1528 cur
988 1473 1222 1536 tradam,
1257 1471 1341 1543 pia
1365 1472 1532 1526 causs'a
1551 1511 1567 1537 ‚
1609 1474 1834 1529 Lavinia
1857 1475 2084 1548 conjux,

406 1551 510 1614 630

308 1763 394 1800 612.
421 1761 625 1799 Admonitu
644 1759 1059 1810 mortis,Eliffi1‚tuae.]
1090 1760 1308 1799 Admonitus

262 1823 377 1851 motus
404 1813 458 1850 tui
486 1812 607 1850 Urfin.
627 1813 753 1849 Petav.
777 1812 813 1848 ἃ
833 1819 905 1849 tres
925 1811 995 1849 alii.
1023 1811 1081 1849 sed
1114 1812 1205 1850 nihil
1225 1825 1309 1850 mu-

258 1864 429 1902 tandum.
467 1863 508 1900 In
537 1863 648 1912 Epist.
671 1876 724 1900 xx,
751 1873 832 1908 135.
872 1868 974 1900 Mens
995 1863 1092 1912 fugit
1113 1863 1307 1900 admonitu.

260 1914 374 1952 Rem.
398 1915 487 1951 Am.
511 1924 594 1962 729.
625 1913 826 1950 Admonim
852 1923 1036 1950 revocatur
1066 1927 1177 1952 amor.
1201 1915 1237 1952 ὃ(
1259 1913 1307 1952 fic

257 1965 364 2013 saepe
384 1965 529 2002 Noster.
566 1965 710 2003 Heius.
739 1964 957 2002 Admonitus
984 1965 1129 2009 mortis,
1154 1969 1195 2002 E.
1227 1975 1308 2002 tuae

256 2026 364 2054 unus.
389 2015 574 2054 admonitu
590 2026 703 2054 motus
718 2043 728 2061 ,
740 2014 843 2065 Elissa
856 2015 929 2060 ,tui
943 2043 953 2061 ,
973 2015 1033 2054 vel
1052 2016 1307 2061 tuo,n0nnulli

255 2066 327 2104 alii.

307 2133 394 2170 618.
422 2134 465 2170 Ei
484 2132 613 2184 mihi.]
642 2131 701 2171 Sic
721 2131 855 2181 optimi
876 2129 956 2169 libri
976 2130 1107 2180 scripti.
1135 2129 1307 2169 Cxorm.

259 2185 396 2221 Certior
416 2184 480 2220 illa
502 2185 589 2222 duo.

304 2250 391 2298 619.
418 2255 562 2299 Corpore
590 2250 740 2300 digna]
779 2248 944 2298 Quidam
977 2248 1189 2287 vetustiores
1213 2276 1224 2294 ,
1246 2258 1303 2298 pe-

255 2302 343 2337 flore
356 2312 464 2347 ,cum
487 2302 589 2338 Maz.
608 2301 749 2339 Zulich.
766 2299 872 2339 Voff.
890 2300 1033 2337 Arond.
1053 2300 1198 2338 Hiems.

304 2367 390 2405 620.
416 2368 536 2417 Ausus
562 2367 658 2404 adire
688 2365 840 2416 domos.]
887 2366 918 2402 E
954 2376 1135 2402 maxumo
1167 2365 1302 2404 Poeta-

252 2429 348 2456 rum.
366 2418 471 2457 finxit
490 2419 553 2455 bie
572 2418 733 2455 AEneatn
754 2416 882 2455 vidiffe
903 2416 999 2465 apud
1019 2417 1155 2454 inferos
1176 2416 1301 2455 Dido·

252 2480 342 2507 nem
369 2497 379 2513 ‚
417 2481 576 2518 eamque
604 2470 716 2508 etiam
748 2468 976 2513 allocutum,
1004 2467 1042 2505 in
1072 2467 1127 2506 his
1164 2467 1224 2505 lib.
1244 2479 1299 2506 vx.

254 2519 503 2569 AEneid.450.

307 2590 403 2619 Inter
421 2596 509 2634 quas
527 2582 704 2633 Phoeniffiz
720 2595 831 2620 recens
853 2580 879 2618 ὰ
899 2581 1042 2618 vulnere
1066 2579 1161 2617 Dido

300 2634 454 2671 Errabat
464 2632 565 2684 silvei
586 2636 623 2670 in
644 2634 796 2682 magnei:
826 2645 933 2681 quam
956 2633 1074 2668 Tro'z'us
1094 2630 1189 2669 heros

300 2687 347 2718 Ut
366 2685 519 2732 primum
537 2686 644 2732 juxta
657 2685 779 2732 stetit,
806 2683 1018 2732 agnovitque
1031 2691 1093 2730 per
1108 2683 1273 2719 umbram

304 2733 517 2778 Obscuram:
548 2747 623 2776 (76.

247 2785 427 2823 NEAPOL.

304 2848 388 2886 621.
415 2855 469 2886 At
492 2861 530 2887 tu
544 2878 553 2894 ‚
579 2851 635 2898 feu
653 2850 743 2888 ratio
761 2861 792 2888 te
814 2849 932 2898 nostris
951 2846 1080 2898 appulit
1101 2847 1189 2892 oris,
1218 2847 1298 2884 Sive

249 2901 369 2943 Deus,
398 2901 488 2948 regni
507 2901 684 2938 commoda
705 2911 801 2951 carpe
827 2899 936 2948 mei.]
993 2904 1086 2934 Deus
1114 2899 1187 2936 hoc
1207 2899 1295 2936 loco

255 2959 326 2995 pro
354 2950 497 2988 fortuna
527 2953 687 2998 ponitur.
715 2951 851 2990 eodem
874 2949 992 2987 modo
1011 2949 1187 2986 Horatius
1207 2950 1299 2988 libro

251 2998 430 3048 &Satyra
451 3002 566 3048 prima
587 3004 769 3040 rationem
791 3004 828 3040 ὅε
853 3003 988 3039 fortem
1011 3000 1224 3048 conjunxit:

303 3067 381 3116 §Qui
394 3066 442 3117 fit
464 3074 667 3113 Maecenas,
695 3079 734 3104 ut
755 3082 851 3104 nemo
873 3080 980 3116 quam
993 3066 1220 3116 fibisortem,

304 3124 370 3155 Seu
387 3118 478 3155 ratio
504 3119 658 3162 dederit,
681 3121 741 3166 seu
752 3120 827 3165 fors
843 3118 1007 3167 objecerit.

252 3181 440 3229 Significat
470 3181 578 3230 igitur
604 3183 678 3219 hoc
704 3183 791 3220 loco
822 3182 960 3220 AEneas
983 3210 992 3225 ‚
1022 3181 1106 3220 Sive
1128 3183 1173 3221 de
1189 3183 1296 3223 indu-

225 3248 227 3253 ¹
247 3233 353 3278 stria,
381 3233 456 3271 five
484 3233 639 3271 fortuito
669 3233 741 3271 huc
763 3234 909 3277 venisli,
934 3234 1043 3271 Anna
1066 3262 1077 3279 ,
1106 3235 1223 3272 fruere
1242 3236 1295 3274 his

245 3283 419 3374 {31³⁰ng
434 3311 444 3327 ,
471 3295 567 3333 quae
590 3284 628 3323 in
654 3284 728 3324 hoc
751 3295 839 3324 meo
859 3284 937 3324 sunt
957 3296 1095 3336 regno,
1119 3296 1293 3335 commof

274 3346 311 3375 is.
376 3346 512 3376 mrem.

623 1547 716 1603 Est
740 1546 896 1603 mihi:
938 1545 1201 1601 consumfi
1230 1544 1510 1619 naufragus
1537 1545 1687 1619 hujus
1716 1565 1862 1621 opes,

2284 1627 2419 1684 Orta

1415 1760 1500 1800 622.
1526 1759 1677 1812 Carpe]
1706 1767 1808 1800 Sume
1835 1762 2002 1805 Sarravii.

1416 1814 1501 1863 623.
1530 1814 1652 1851 Multa
1674 1813 1776 1864 tibet]
1804 1814 1968 1855 AEneam
1989 1816 2033 1855 ab
2053 1816 2162 1856 Anna
2182 1818 2293 1857 etiam
2314 1829 2418 1857 ama-

1363 1872 1443 1902 tum
1478 1863 1580 1903 fuisse
1609 1864 1754 1903 testatur
1779 1866 1898 1905 Varro
1921 1868 2018 1917 apud
2046 1869 2214 1907 Servium
2244 1870 2290 1909 ad
2313 1871 2420 1920 virg,

1363 1915 1452 2005 JZIEn.
1465 1927 1501 1955 V.
1522 1928 1555 1964 4.
1568 1916 1723 1954 multum
1743 1916 1901 1956 debemus
1922 1920 2031 1958 etiam
2062 1921 2262 1959 Sarravian.
2286 1922 2324 1960 ὅτ
2344 1929 2419 1960 tres

1363 1977 1383 2004 a
1398 1979 1433 2005 11.

1415 2030 1499 2068 327.
1527 2018 1645 2066 Tyrios
1663 2018 1791 2057 induta
1817 2020 2002 2070 paratus.]
2040 2022 2166 2061 Vestes
2193 2021 2350 2071 purpura
2369 2023 2409 2061 &

1362 2082 1452 2127 auro
1473 2071 1640 2108 intextas.
1668 2069 1726 2108 En
1737 2070 1871 2109 Elisam
1893 2071 2029 2111 cultam
2050 2072 2098 2111 fic
2117 2073 2216 2112 idem
2230 2073 2413 2123 descripsit

1361 2133 1400 2158 in
1421 2134 1472 2160 ιν.
1496 2131 1578 2170 137.

1413 2189 1592 2226 Sidoniam
1610 2188 1698 2239 pic’lo
1717 2189 1936 2239 chlamydem
1954 2192 2172 2229 circumdata
2199 2190 2305 2228 limbo
2317 2206 2329 2235 ;

1411 2240 1480 2278 Cui
1494 2241 1663 2290 pharetra
1690 2254 1732 2277 ex
1758 2241 1898 2293 humero
1914 2269 1926 2287 ,
1955 2242 2063 2280 crines
2084 2243 2261 2279 nodantur
2283 2242 2322 2280 in
2343 2244 2410 2291 aug*

1532 2304 1628 2328 rum.

1410 2348 1533 2380 Aurea
1549 2351 1758 2391 purpuream
1768 2343 1943 2392 subneffz‘it
1955 2343 2068 2392 fibula
2090 2344 2227 2393 vestem.

1361 2394 1540 2432 NEAPOL.

1406 2447 1492 2493 629.
1521 2445 1715 2495 Tradam.]
1746 2447 1898 2483 Credam
1912 2447 2047 2485 Sarrav.
2065 2448 2104 2485 δε
2125 2455 2195 2485 tres
2216 2447 2287 2486 alii.

1408 2497 1493 2546 633.
1521 2498 1727 2546 falsumque
1757 2498 1913 2535 Lavinia
1937 2497 2110 2547 vulnus.]
2175 2499 2404 2550 Tacitumque

1355 2547 1431 2586 duo
1458 2548 1598 2586 Medic.
1627 2560 1719 2587 unus
1744 2576 1754 2593 ,
1788 2557 2002 2598 captumque.
2030 2548 2164 2592 Forte,
2193 2561 2400 2598 cautumque

1354 2598 1498 2636 vulnus.
1531 2599 1706 2647 Sequenti
1720 2599 1845 2641 versu,
1874 2598 2398 2648 diffimulatquefre7nens‚non

1354 2659 1491 2693 metus,
1526 2651 1795 2686 Urs1n.Mazar.
1813 2649 1956 2687 Zulich.
1979 2650 2137 2697 Nauger.
2166 2650 2204 2686 &
2230 2656 2298 2686 tres
2326 2649 2400 2687 alii.

1355 2700 1503 2735 Hiems.
1539 2701 1696 2736 Premit:
1729 2701 1849 2737 tacitos
1866 2698 2120 2749 diffimulatque
2147 2708 2257 2736 metus
2287 2699 2399 2741 Bern.

1351 2750 1440 2797 gerit
1459 2750 1568 2785 tacita
1592 2753 1733 2789 Mazar.

1405 2810 1490 2858 635.
1519 2817 1659 2848 Praeter
1670 2815 1737 2861 sua
1759 2812 1896 2851 lumina
1915 2809 2050 2860 mitti.]
2081 2810 2138 2849 Sic
2152 2811 2253 2850 Statii
2274 2813 2311 2850 δί
2325 2813 2397 2851 Ur-

1354 2859 1431 2897 fini.
1458 2863 1624 2900 Cxofau.
1646 2864 1741 2900 Ferri
1762 2873 1901 2901 veteres
1921 2863 1996 2898 fere
2019 2874 2163 2900 omnes.
2190 2863 2285 2900 male
2298 2875 2399 2912 prae-

1353 2919 1452 2949 terea
1474 2913 1615 2952 habitus
1644 2924 1718 2951 erat
1738 2913 1758 2950 Ξι
1783 2911 2011 2949 ἀίίῖίηέὶίοηθ
2031 2912 2146 2951 locus,
2174 2913 2213 2951 ὃς
2233 2925 2299 2961 pro
2318 2927 2398 2951 cum

1353 2961 1475 2999 videat
1499 2964 1628 3001 reciius
1653 2963 1795 3000 Zulich.
1824 2964 1924 2999 Maz.
1947 2963 2053 3000 Polit.
2083 2965 2120 3001 ἃ
2141 2972 2210 3002 tres
2229 2964 2310 3009 alii,
2338 2966 2398 3002 vi·

1353 3012 1419 3050 dit.
1441 3025 1506 3061 pro
1526 3014 1664 3050 lumina
1685 3014 1845 3063 denique
1875 3014 1982 3052 Laeti
2001 3013 2123 3052 codex
2154 3016 2193 3052 ὅ(
2221 3014 2282 3052 sex
2312 3015 2400 3062 alii,

1354 3062 1493 3103 limina.
1520 3065 1667 3102 Heius.

1403 3116 1488 3164 ⁶36.
1515 3116 1637 3151 Multa
1671 3125 1789 3153 tamen
1811 3144 1821 3160 ‚
1863 3115 2000 3165 mutel]
2063 3114 2122 3153 Sic
2162 3114 2275 3154 iidem
2309 3115 2402 3155 libri.

1354 3165 1522 3203 Cxofm.
1549 3166 1721 3204 Heinsius
1747 3168 1795 3204 ita
1816 3167 2025 3215 distinguit,

1402 3223 1572 3267 Donaque
1595 3231 1673 3253 cum
1695 3217 1817 3253 videat
1833 3227 1969 3267 praeter
1981 3218 2048 3265 sua
2062 3216 2199 3254 lomina
2208 3218 2326 3264 ferri:

1456 3268 1579 3305 Multa
1594 3269 1713 3317 palam
1736 3268 1858 3312 mitti,
1887 3267 1977 3305 clam
1997 3281 2126 3318 quoque
2146 3271 2262 3305 multa
2284 3279 2404 3319 putat.

1400 3337 1485 3387 637.
1514 3341 1595 3374 Non
1619 3334 1723 3385 habet
1752 3332 1953 3388 exustum]
2013 3338 2095 3371 Non
2125 3342 2245 3372 tamen
2263 3333 2402 3389 Maear.

2290 3394 2396 3431 prim.
