2495 3675
210 142 308 212 756

694 131 757 190 P.
833 128 1254 192 OVIDII
1326 122 1863 186 NASONIS

508 224 773 302 Quaeque
796 240 886 284 tua
915 230 990 284 est
1013 228 1178 300 pietas
1201 225 1258 278 in
1282 234 1460 277 totum
1487 238 1690 278 nomen
1715 224 1840 291 I'uli,

579 303 669 357 Te
694 301 859 366 laedi,
896 319 1018 357 curn
1045 300 1161 368 quis
1187 295 1412 350 laeditur
1438 295 1594 359 inde,
1630 309 1797 368 putas,

517 375 619 430 Sed
650 376 775 431 licet
803 392 945 429 arma
970 373 1133 431 feras,
1171 368 1226 423 &
1250 369 1470 424 'vulnera
1497 369 1647 423 saeva
1673 372 1917 436 mineris;

591 451 716 503 Non
741 463 915 502 tamen
943 442 1172 505 efficieS,
1214 453 1272 495 ut
1299 442 1520 496 timeare
1545 441 1691 495 mihi.

375 542 440 590 25
515 522 716 591 Puppis
743 515 1185 573 Achaemeniden
1210 512 1438 582 Graium
1464 513 1702 585 Trojana
1727 516 1957 589 recepit:

595 591 802 648 Profuit
832 589 883 642 &
914 588 1073 658 Myso
1097 587 1262 642 Pelias
1289 586 1429 640 hasta
1455 586 1597 642 duci.

522 662 782 734 Confugit
806 660 1082 716 interdum
1110 659 1295 732 templi
1323 659 1548 714 violator
1574 661 1641 715 ad
1670 679 1838 726 aram,

595 737 707 790 Nec
734 747 919 805 petere
943 733 1130 788 offensi
1153 731 1382 786 numinis
1406 731 1594 787 horret
1620 750 1796 805 opem.

519 808 730 864 Dixerit
756 807 860 861 hoc
888 807 1072 880 aliquis
1098 818 1274 860 tutum
1301 821 1410 858 non
1437 805 1568 867 effe3
1612 806 1856 862 fatemur,

383 904 448 954 30

595 881 701 936 Sed
726 897 833 935 non
859 897 953 952 per
981 878 1210 952 placidas
1234 878 1274 931 it
1301 895 1416 931 mea
1441 879 1629 960 puppis
1653 897 1830 952 aquas,

526 953 675 1009 Tuta
699 966 880 1026 petant
905 953 1004 1007 alii.
1044 951 1281 1006 Fortuna
1303 950 1589 1005 miserrima
1619 967 1729 1007 tuta
1753 952 1852 1007 est:

600 1028 738 1084 Nam
764 1026 926 1080 timor
951 1038 1173 1081 eventus
1199 1024 1478 1079 deterioris
1502 1022 1656 1077 abest.

287 1298 347 1337 23.
375 1285 438 1323 Sed
457 1281 534 1320 licet
552 1293 656 1319 arma
673 1278 809 1329 ferun]
842 1281 974 1320 Malim
991 1309 1000 1327 ‚
1022 1283 1147 1330 ferox,
1175 1290 1215 1321 ut
1233 1281 1280 1322 ad

238 1340 282 1377 τὶ
299 1337 439 1375 mineris
457 1334 643 1372 referatur.
670 1343 737 1379 pro
757 1331 872 1379 efficies
886 1333 989 1371 versu
1009 1333 1184 1382 proximo
1208 1335 1280 1372 Ρο-

237 1390 290 1428 m,
319 1391 357 1427 &
379 1384 557 1426 Arondel.
587 1382 720 1432 efficias.
750 1383 894 1421 l-ix-zms.
942 1389 988 1420 Et
1019 1395 1140 1422 tamen
1160 1384 1281 1433 efficias

238 1441 383 1489 Junian.
406 1438 467 1477 sed
486 1434 574 1474 nihil
603 1440 716 1472 muta.
736 1445 825 1472 xxti.
845 1435 939 1473 Met.
960 1436 1019 1482 64.

290 1501 399 1538 Haud
411 1511 530 1538 tamen
548 1496 665 1544 efficiet
678 1525 689 1543 ,
714 1497 885 1546 desertum
898 1508 938 1536 ut
961 1498 1101 1547 Nestora
1113 1499 1242 1539 crimen

292 1553 361 1601 Effe
383 1566 459 1589 rear
483 1549 634 1588 nullum-

243 1613 399 1662 Quinst.
419 1613 525 1652 Decl.
540 1625 591 1650 xi.
613 1623 678 1660 cap
701 1621 737 1659 7.
767 1619 848 1651 Non
859 1623 978 1652 tamen
998 1614 1080 1653 ullis
1101 1616 1284 1665 efficietur·

243 1665 336 1702 tibus
357 1693 367 1710 ,
398 1675 438 1701 ut
456 1678 523 1701 non
541 1663 653 1713 potius
673 1664 834 1712 miserear
856 1665 968 1715 Reipb.
996 1665 1129 1706 Buam.

294 1741 355 1779 23.
386 1726 574 1776 Vulnera]
606 1732 741 1764 Funera
761 1728 934 1778 Excerpt.
952 1729 1057 1769 Voss.

294 1795 354 1830 26.
385 1791 522 1842 Myfh.]
552 1790 690 1840 Telepho
711 1793 818 1830 multi
845 1793 978 1842 scripti.

296 1870 354 1906 27.
383 1856 514 1905 Templi
534 1856 724 1907 violator.]
755 1862 950 1895 Temerator
974 1858 1202 1901 Feschianus.
1227 1875 1284 1902 re·

248 1910 349 1949 etius.
376 1907 520 1951 Festus,
550 1914 750 1952 Temerare,
776 1908 908 1946 violare
919 1910 1023 1956 sacra
1046 1921 1089 1950 (φ’
1119 1915 1290 1951 contami·

248 1975 331 1998 nare
353 1987 363 2001 ‚
392 1958 523 1995 dictum
545 1958 704 1995 videlicet
724 1958 750 1994 ὶ
780 1960 985 1998 temeritate.
1006 1962 1102 2009 apud
1131 1964 1287 2003 Statium

247 2009 476 2051 Achilleidos
494 2010 613 2056 primo
636 2010 673 2047 in
692 2008 797 2047 sacris
816 2009 969 2047 Bacchi:

297 2075 531 2125 Exploratque
550 2074 689 2119 aditus,
713 2087 754 2111 ne
776 2075 852 2124 quis
869 2085 1054 2114 temerator
1071 2078 1200 2118 oberret

299 2127 453 2176 Agmine
462 2126 642 2173 fhemineo.

252 2199 416 2227 temerare
447 2185 527 2234 leges
546 2214 557 2230 ‚
599 2187 636 2224 &
666 2185 776 2236 legum
807 2197 1024 2227 temeratores
1055 2191 1093 2230 in
1123 2192 1293 2244 Corpore

251 2239 344 2287 Juris
365 2236 502 2286 passim.
524 2237 619 2284 apud
643 2237 837 2285 Virgilium
867 2240 1030 2287 apposite
1049 2254 1059 2278 ι

303 2307 403 2345 Ultus
421 2320 505 2345 avos
528 2309 668 2357 Trojae,
697 2310 824 2361 templa
844 2323 887 2351 ev·
907 2322 1077 2351 temerata
1092 2316 1289 2355 Minervae.

251 2370 418 2421 Propert.
433 2372 495 2411 lib.
517 2385 570 2412 tv,
591 2373 693 2423 Eleg.
718 2387 752 2412 x.
772 2375 816 2414 de
840 2388 897 2415 ara
919 2378 1109 2417 Herculis:

310 2437 404 2469 Haec
422 2431 528 2469 nullis
549 2446 706 2481 unquam
721 2445 840 2481 pateat
858 2439 1062 2476 temeranda
1078 2441 1210 2487 puellis.

255 2493 309 2532 Ita
329 2495 452 2584 sidibe·
487 2494 691 2531 veneranda
711 2494 806 2533 male
823 2495 895 2533 illic
917 2507 1027 2536 extat.
1040 2498 1210 2542 Tibullus
1224 2504 1288 2545 lib.

257 2556 323 2583 ιιι.
397 2558 451 2595 eg.
473 2556 508 2582 v.

311 2612 390 2644 Non
411 2619 465 2655 ego
486 2608 627 2645 tentavi
646 2608 739 2646 nulli
760 2611 963 2649 temeranda
985 2613 1144 2651 virorum

361 2660 497 2695 Audax
518 2657 718 2697 laudandae
731 2662 835 2707 sacra
855 2662 969 2699 docere
990 2667 1094 2701 Deae.

263 2713 393 2753 Noster
411 2715 498 2754 Fast.
515 2729 545 2755 1.
572 2730 617 2757 ex
640 2721 794 2770 vestigiis
817 2722 1040 2762 vetustiffimi
1061 2723 1166 2763 libri:

313 2791 367 2822 Ne
384 2795 547 2823 temerent
559 2795 677 2836 pueros
697 2789 904 2828 exanimata
918 2793 1018 2839 fhcos.

263 2848 306 2885 Iu
330 2847 430 2885 ibide
447 2858 590 2889 tamen:

317 2914 425 2959 thue
442 2910 549 2955 Jovis
566 2914 683 2965 Libyci
701 2919 867 2968 templum
886 2920 1018 2960 violare
1029 2931 1201 2972 parentes.

265 2973 366 3011 Silius
387 2975 478 3012 libro
499 2988 596 3016 xvu.

387 3088 393 3093 ·
492 3051 659 3081 temerata
674 3046 853 3092 serebant.

318 3089 392 3135 (Qu
405 3091 533 3135 secreta
552 3093 677 3134 Derim.

264 3158 392 3202 parum
416 3150 532 3205 abest,
561 3155 653 3210 quin*
678 3157 774 3204 apud
803 3158 1003 3209 Apulejum
1036 3150 1188 3213 quoque
1209 3176 1295 3204 cen-

264 3202 359 3237 seam
380 3199 604 3238 scribendum
632 3204 722 3243 libro
746 3220 797 3246 1x.
832 3215 888 3246 At
907 3221 939 3247 te
961 3238 971 3254 ‚
997 3212 1135 3262 inquit,
1163 3218 1295 3264 nequis-

259 3247 389 3296 fimum
411 3262 453 3291 φ’
474 3254 650 3301 perjurum
679 3266 802 3304 caput,
840 3260 999 3299 dominus
1021 3263 1076 3310 iste
1110 3275 1190 3302 tuus
1212 3293 1223 3311 ‚
1252 3280 1295 3307 εἴ

2235 1154 2374 1229 [Qui

1334 1280 1457 1318 cunc'ia
1471 1279 1549 1317 coeli
1563 1277 1715 1318 numina
1728 1308 1739 1326 ‚
1761 1292 1851 1332 quae
1869 1279 2052 1332 dejerando
2070 1280 2261 1329 temerasti,
2281 1282 2377 1332 peffi'-

1335 1345 1434 1370 mum
1449 1329 1579 1380 peffime
1590 1331 1753 1381 perdant.
1788 1344 1872 1371 curn
1897 1344 1997 1371 nunc
2014 1332 2153 1381 legatur
2166 1359 2178 1377 ,
2194 1332 2374 1382 dejerando

1337 1394 1461 1420 temere
1483 1382 1665 1430 devotasti.
1695 1394 1851 1432 proquo
1865 1413 1875 1426 ‚
1903 1385 1967 1433 qui
1989 1382 2161 1430 devorasti
2177 1394 2378 1431 reponunt,

1338 1434 1495 1472 suaviter
1517 1443 1712 1482 nugantur.
1740 1435 1837 1482 apud
1866 1434 2055 1483 Vellejum
2076 1445 2230 1483 quoque
2248 1434 2312 1472 lib.
2331 1447 2379 1472 η.

1337 1484 1469 1521 omnia
1486 1485 1592 1532 pretio
1621 1495 1791 1522 temerata
1821 1486 1992 1522 vendente
2024 1484 2270 1534 rempublicam
2301 1498 2380 1522 con-

1326 1535 1414 1584 sule.
1436 1535 1501 1573 -ubi
1534 1545 1725 1586 temperata
1759 1549 1859 1574 nunc
1888 1537 2032 1583 legitur.
2059 1546 2227 1573 temerare
2247 1563 2258 1580 ,
2296 1546 2381 1574 cor-

1338 1598 1523 1635 rumpere.
1551 1586 1599 1623 fic
1627 1585 1756 1636 fluvios
1784 1597 1952 1624 temerare
1973 1588 2112 1625 venenis
2129 1586 2265 1624 Nostro
2285 1586 2380 1625 Met.

1339 1649 1414 1674 vit.
1441 1639 1479 1674 ὅ(
1507 1646 1641 1685 corpora
1668 1638 1828 1684 nefandis
1848 1638 1990 1689 dapibus
2011 1649 2176 1674 temerare
2201 1638 2297 1675 Met.
2318 1649 2381 1675 xv.

1340 1687 1495 1726 Tacitus
1515 1688 1651 1726 Histor.
1675 1700 1727 1725 1v.
1750 1700 1829 1738 cap.
1850 1702 1939 1727 mir.
1971 1689 2117 1737 injectae
2132 1687 2382 1735 fundamentis

1339 1738 1474 1787 argenti
1495 1741 1640 1789 aurique
1652 1738 1752 1788 stipes
1766 1767 1777 1784 ‚
1804 1750 1848 1779 <9¹
1866 1739 2086 1777 metallorum
2100 1738 2279 1789 primitiae
2298 1739 2380 1775 nul·

1339 1789 1382 1826 lis
1394 1789 1596 1836 fhrnacibus
1624 1792 1751 1826 vietae.
1798 1791 2003 1828 Praedixere
2031 1789 2243 1838 haruspices,
2272 1802 2312 1827 m
2330 1800 2382 1827 te-

1339 1847 1534 1889 men-aretur
1553 1848 1631 1888 opus
1645 1840 1729 1887 fizxo
1755 1854 1885 1878 aurove
1905 1842 1943 1878 in
1962 1841 2062 1878 aliud
2089 1840 2268 1884 destinato.
2304 1839 2381 1880 Adi

1347 1890 1465 1928 Notas
1494 1890 1629 1928 Amor.
1657 1890 1718 1927 lib.
1749 1903 1775 1929 1.
1802 1892 1905 1940 Eleg.
1934 1903 2024 1930 vixi.
2054 1890 2109 1934 ybs.
2145 1903 2202 1940 19.
2232 1891 2383 1932 Herus.

1345 1940 1428 1989 Ego
1446 1948 1596 1988 propter
1614 1951 1730 1979 unum
1756 1943 1923 1980 codicem
1947 1954 2025 1980 non
2050 1949 2237 1980 mutarem
2257 1943 2384 1991 vulga-

1346 1999 1421 2028 tam
1443 1990 1644 2028 leetionem
1661 2019 1671 2035 ,
1699 2003 1793 2040 quae
1815 2004 1933 2042 aeque
1954 1993 2053 2031 bona
2072 1992 2121 2030 est
2135 2020 2146 2037 ,
2173 2002 2282 2042 atque
2301 1993 2358 2033 illa
2372 2021 2385 2039 ,

1340 2052 1451 2091 quarn
1473 2040 1644 2079 Heinsius
1661 2044 1789 2091 reponi
1806 2044 1924 2093 jubet.
1945 2043 2074 2082 vid.ad
2089 2043 2153 2081 lib.
2175 2055 2207 2082 1.
2224 2055 2253 2080 1.
2274 2056 2334 2092 51.

1394 2124 1414 2163 3
1423 2124 1454 2152 1.
1467 2119 1622 2152 Fortuna
1633 2113 1826 2163 miserrima
1839 2116 1951 2163 nostra
1970 2117 2052 2168 est.]
2066 2116 2203 2156 Melius
2214 2146 2226 2164 ,
2238 2128 2318 2156 tuta
2329 2118 2386 2164 est.

1350 2161 1491 2203 Contra
1509 2166 1610 2204 illud.
1642 2166 1798 2214 Perflant
1818 2167 1982 2215 altiffima
2003 2169 2113 2206 venti.
2140 2168 2304 2207 Famuc.
2340 2169 2383 2206 In

1348 2226 1427 2252 uno
1457 2215 1578 2253 Vatic.
1606 2217 1645 2253 δε
1675 2217 1810 2255 Urfini.
1855 2229 1940 2256 tutu
1964 2220 2020 2266 est.
2045 2229 2157 2268 quam
2183 2219 2385 2258 lectionem

1347 2264 1469 2304 laudat
1486 2265 1678 2305 Fabricius.
1706 2267 1875 2306 Ctoftm.

1399 2343 1458 2381 32.
1489 2338 1586 2371 Nam
1607 2332 1713 2371 timo‘r
1731 2328 1915 2385 eventu]
1945 2341 2086 2375 Eventu
2106 2337 2243 2376 Sarrav.
2261 2339 2387 2385 forte}

1345 2383 1498 2429 aventi,
1523 2392 1562 2423 ut
1583 2384 1736 2424 Tacitus
1756 2386 1794 2424 δε
1816 2387 2107 2437 aliifrequenter.
2136 2389 2282 2429 Herus.

1398 2477 1457 2515 33.
1485 2464 1560 2514 Qi
1586 2464 1720 2513 rapitur
1743 2463 1876 2517 fatis.]
1942 2466 2122 2505 Nonnulli
2153 2480 2198 2506 ex
2227 2470 2388 2518 antiquis

1345 2517 1525 2554 omittunt
1547 2516 1620 2554 hoc
1639 2515 1841 2561 distichon,
1868 2515 2018 2565 quidam
2041 2520 2268 2566 proximum.
2308 2521 2386 2558 Alii

1345 2578 1391 2604 ex
1421 2566 1599 2605 ambobus
1631 2578 1746 2605 unum
1773 2567 1911 2605 faciunt
1933 2595 1943 2610 .
1988 2577 2146 2618 utroque
2175 2570 2387 2609 mediorum

1347 2617 1517 2656 versuum
1539 2616 1685 2655 omiflo.
1730 2617 1812 2666 Ego
1843 2626 2042 2668 utrumque
2068 2619 2246 2659 distichon
2266 2621 2387 2669 super-

1347 2667 1464 2705 fluum
1485 2670 1524 2707 &
1543 2667 1749 2706 tollendum
1772 2665 1843 2706 effe
1856 2669 2000 2708 censeo.
2024 2670 2134 2709 Certe
2154 2671 2192 2710 in
2205 2672 2386 2710 Sarravia-

1349 2729 1402 2756 no
1422 2719 1471 2756 ita
1491 2718 1698 2768 legebatur,

1404 2790 1481 2839 {Qvi
1502 2793 1639 2842 rapitur
1676 2808 1776 2819 —··

1400 2843 1549 2892 Porrigit
1559 2846 1677 2895 spinas
1697 2848 1854 2899 duraque
1861 2851 1956 2899 fiexa

1352 2904 1455 2963 hiatu
1475 2908 1511 2944 in
1529 2906 1651 2954 priore
1670 2920 1712 2946 ac
1735 2911 1931 2957 posteriore
1953 2914 2055 2953 versu
2075 2914 2213 2954 relicto.
2242 2914 2383 2952 annsss

1354 2956 1472 3012 Uncis
1492 2963 1634 3012 ‘tamen
1680 2960 1854 3007 posterius
1892 2964 2068 3002 distichon
2110 2966 2242 3004 exemi.
2296 2976 2383 3002 nam

1354 3005 1401 3043 de
1420 3007 1538 3063 libris,
1567 3018 1650 3045 cum
1684 3011 1722 3047 ὅ(
1752 3011 1839 3049 hinc
1866 3013 1903 3050 ὅ(
1929 3015 2025 3052 illinc
2056 3015 2123 3052 sint
2149 3016 2250 3060 libri,
2278 3016 2385 3053 facile

1353 3065 1569 3104 negotium:
1599 3071 1668 3096 nec
1690 3088 1698 3101 ,
1736 3062 1802 3109 qui
1834 3064 1994 3108 fastum,
2023 3073 2062 3101 ut
2087 3065 2198 3114 aliqui
2231 3078 2307 3103 non
2327 3077 2385 3103 re-

1351 3109 1551 3152 tinuerint,
1581 3109 1616 3145 in
1637 3110 1801 3149 obscuro.
1827 3113 2042 3151 sententiam
2075 3127 2162 3153 vero
2185 3144 2194 3159 ‚
2233 3118 2385 3166 ejusque

1350 3157 1475 3194 locum
1494 3186 1502 3201 ,
1531 3160 1692 3203 nemini,
1723 3162 1895 3206 confido,
1923 3163 2150 3211 displicitura.
2178 3167 2389 3205 Restatlati·

1352 3209 1455 3245 nitas.
1476 3209 1604 3258 Virgil.
1624 3209 1772 3248 AEneid.
1786 3224 1828 3248 11.
1852 3223 1936 3261 209.

1403 3271 1460 3309 Fit
1473 3273 1610 3321 fimitus
1620 3274 1802 3323 spumante
1814 3277 1900 3323 salo.

2202 3347 2217 3375 ι
2226 3364 2235 3374 .
2247 3336 2279 3374 G
2284 3346 2380 3386 cmg,
