2495 3675
538 163 1185 222 TRISTIUM
1252 164 1447 220 L1n.
1521 163 1558 220 Ι.

1634 163 1834 221 Eme.
1871 167 1946 224 X.
2152 187 2260 239 493

403 264 542 322 Nam
565 266 695 321 mihi
724 267 988 323 Bistonios
1012 266 1206 340 placuit
1241 265 1382 340 pede
1407 282 1624 339 carpere
1649 283 1863 339 campos
1878 285 1899 322 3·

467 338 926 414 Hellespontiacas
952 341 1036 398 illa
1059 340 1248 414 relegit
1275 356 1449 413 aquas,

102 550 291 601 postquam
311 550 556 601 Selymbriam
582 555 727 594 venerit
742 583 754 600 ,
779 555 912 594 iterum
929 565 994 603 per
1014 552 1143 594 Helle·

102 601 271 651 spontum
298 602 438 641 rediiffe
463 605 501 642 in
521 604 824 644 Samothraciam.
851 605 983 643 Buxm.

151 677 210 703 21.
238 667 354 704 Saltus
374 667 418 705 ab
441 668 506 705 hac
526 680 621 706 terra
639 667 753 705 brevis
780 668 824 715 est
845 674 1007 719 Statyera
1026 678 1143 719 peten-

101 714 170 767 ιλ]
209 717 266 755 Sic
286 719 436 765 quidem
459 720 590 767 legitur
609 720 646 756 in
676 719 892 769 quibusdam
927 722 1144 769 exemplari-

80 765 185 810 ·buS,
213 769 249 805 in
276 770 350 806 aliis
381 768 486 818 Epira
511 769 673 807 scribitur
697 784 705 806 ε
735 770 794 807 sed
818 779 985 808 neutram
1014 772 1144 809 lectio-

98 827 184 854 nem
207 819 422 866 probamus,
449 821 627 868 quoniam
647 820 783 857 nullam
805 821 932 858 urbem
956 823 1004 859 ita
1021 823 1143 870 appel·

96 865 207 906 latam
230 869 266 905 in
296 869 456 908 Thracia
482 869 586 908 fuiss'e
616 871 784 919 legimus.
835 873 962 920 Quare
983 878 1141 910 Stentora

98 918 295 956 emendate
316 919 543 959 scribendum
569 919 640 958 effe
659 922 803 959 affirmo
817 949 828 966 ,
856 934 923 970 pro
944 924 1114 960 Stentoria
1129 952 1139 968 ,

98 968 139 1006 &
163 968 349 1008 subaudies
368 971 501 1008 littora.
530 971 570 1009 In
593 972 752 1010 Thracia
773 974 872 1010 enirn
895 972 940 1010 ad
959 985 1000 1010 os
1022 974 1137 1012 Hebri

96 1018 168 1058 fuit
185 1029 311 1067 portus
333 1021 508 1060 Stentoris
521 1050 532 1066 ,
560 1022 617 1071 cuj
626 1035 663 1060 us
683 1024 856 1061 meminit
874 1023 1022 1061 Plinius.
1059 1025 1140 1062 He·

95 1069 251 1108 rodotus
271 1071 363 1109 libro
388 1083 421 1117 7.
448 1072 611 1122 ejusdem
640 1075 802 1111 nominis
832 1073 870 1111 in
899 1074 1058 1112 Thracia
1089 1076 1140 1113 la—

52 1168 58 1172 *
97 1130 184 1158 cum
205 1121 315 1159 etiam
347 1121 450 1160 fuiffe
474 1123 603 1161 scribit.
632 1125 827 1174 Oppidum,
853 1125 996 1174 inquit,
1022 1130 1140 1162 AEnon

96 1182 139 1210 θ’
156 1170 272 1208 lacum
295 1172 520 1211 Stentoridem
535 1183 766 1223 praetereunt.
794 1176 981 1214 MERULA.
1028 1176 1139 1215 Varia

95 1220 204 1270 hujus
233 1222 307 1261 loci
327 1223 438 1261 lectio
471 1225 520 1262 est
542 1253 552 1269 ‚
590 1237 712 1275 eoque
744 1227 780 1263 8<
807 1226 984 1264 sententia
1010 1226 1138 1264 obscu-

93 1271 179 1311 rior.
233 1273 329 1311 Cum
354 1276 454 1312 enim
477 1275 522 1313 de
542 1276 629 1314 loco
650 1288 762 1324 quem
783 1276 843 1313 hic
871 1280 980 1325 po‘e'ta
1006 1278 1138 1315 intelli·

93 1322 132 1371 gi
150 1322 261 1368 velit,
288 1336 363 1363 non
379 1326 540 1364 constet:
569 1338 690 1376 neque
709 1327 830 1371 deiis,
851 1339 946 1375 quae
965 1327 1137 1376 deinceps

91 1373 316 1421 sequuntur,
345 1379 478 1414 certior
495 1388 537 1413 ac
557 1377 700 1425 plenior
729 1377 911 1426 expolitio
942 1378 1063 1426 aliqua
1083 1379 1137 1415 af-

90 1423 176 1462 ferri
197 1426 326 1472 potest.
353 1426 411 1464 Ac
432 1428 577 1464 Merula
595 1428 747 1477 quidem
768 1434 925 1466 Stentora
943 1429 1032 1476 legit
1046 1440 1134 1476 ,pro

89 1482 200 1522 portu
222 1475 413 1514 Stentoris.
458 1477 592 1515 Aldina
616 1487 738 1516 autem
763 1479 878 1516 editio
900 1484 1050 1527 Tentyra
1070 1481 1135 1517 ha-

57 1552 60 1555 ·
88 1523 162 1563 bet.
189 1526 419 1574 Quibusdam
441 1528 551 1566 etiam
573 1529 704 1578 Astyra
723 1529 850 1577 placet,
878 1528 948 1566 Sed
970 1529 1072 1578 quod
1092 1530 1137 1568 ad

90 1575 292 1624 posteriora
312 1577 388 1615 duo
409 1579 539 1616 attinet
554 1607 564 1623 ‚
589 1581 705 1617 verbis
724 1590 805 1617 non
823 1579 872 1617 est
894 1591 998 1628 opus.
1036 1581 1134 1618 Nam

87 1630 243 1674 Tentyra
263 1627 418 1677 AEgypti
444 1629 546 1667 locus
577 1629 625 1667 est
646 1657 658 1674 ,
694 1638 734 1667 ut
757 1630 908 1678 quidem
930 1630 1132 1679 Stephanus

87 1676 128 1713 ὅ(
149 1676 287 1715 Plinius
317 1679 464 1716 docent.
511 1679 643 1728 Astyra
669 1690 792 1718 autern
825 1681 862 1718 in
883 1681 1007 1718 littore
1029 1682 1132 1719 Tro-

80 1725 283 1775 jan0‚s1ve
303 1728 434 1767 AEolio
453 1728 527 1767 fita.
564 1733 691 1778 Quare
712 1743 796 1769 cum
820 1735 933 1780 poeta
953 1731 1071 1777 dicat,
1096 1733 1130 1770 se

86 1776 259 1827 deinceps
282 1791 344 1827 per
363 1779 543 1819 Bistonios
564 1793 714 1829 campos
743 1783 810 1820 iter
833 1781 1013 1820 facturum
1029 1811 1040 1827 ,
1068 1782 1132 1820 sal-

83 1833 242 1878 tumque
263 1830 337 1868 five
364 1830 551 1869 tranfitum
573 1843 617 1869 ex
636 1832 888 1871 Samothracia
910 1833 947 1870 in
967 1845 1052 1871 eum
1073 1834 1130 1871 lo-

40 1880 43 1882 ’
83 1889 194 1923 cum,
221 1880 573 1930 dequohicagitur‚
602 1883 751 1921 brevem
767 1881 857 1921 effe:
887 1884 1129 1932 nequeAfiae

23 1940 38 1947 ³
82 1940 208 1979 neque
228 1930 383 1981 AEgypti
405 1932 488 1970 loca
508 1933 742 1981 descriptioni
767 1934 854 1972 huic
873 1934 970 1972 recte
990 1947 1129 1973 conve-

81 1980 198 2018 nient.
237 1983 400 2031 Superest
426 1984 535 2032 igitur
562 1985 710 2022 tertium
739 1984 850 2030 illud,
879 1985 980 2034 quod
1000 1987 1128 2024 Meru-

81 2029 138 2068 lae
159 2031 288 2080 placet.
325 2033 468 2072 Verum
497 2047 618 2085 neque
646 2036 721 2073 hoc
752 2035 931 2084 ponihoc
950 2036 1038 2073 loco
1060 2049 1127 2084 po-

81 2080 158 2118 test.
185 2083 348 2122 Primum
371 2086 470 2123 enim
486 2095 663 2135 repugnat
688 2086 840 2134 syllaba,
868 2098 962 2134 quae
980 2088 1015 2123 in
1030 2093 1126 2123 Sten-

83 2140 153 2169 tore
172 2133 295 2172 media
314 2135 373 2173 est.
402 2136 536 2174 deinde
563 2136 676 2185 figura
701 2138 786 2181 iila,
812 2145 852 2173 ut
880 2143 1037 2172 Stentora
1059 2149 1124 2185 pro

48 2192 50 2194 ·
83 2186 281 2230 Stentorea,
311 2188 349 2223 ὃς
380 2186 536 2233 idipsum
565 2188 702 2225 rursum
735 2199 800 2234 pro
832 2188 996 2223 Stentoris
1016 2197 1124 2235 portu

81 2234 321 2283 accipiamus,
347 2237 510 2275 inusitata
534 2239 716 2279 omnino,
746 2239 784 2274 &
807 2239 850 2274 ab
874 2238 1058 2274 Ovidiana
1074 2239 1124 2275 fa-

82 2283 215 2322 cilitate
235 2286 352 2324 aliena
372 2288 433 2326 est.
480 2288 637 2326 Proinde
659 2298 718 2326 aut
743 2288 846 2325 locus
877 2288 935 2325 hic
957 2289 1050 2324 inter
1070 2290 1124 2326 in-

82 2342 199 2372 certos
220 2338 259 2374 &
286 2337 456 2375 obscuros
483 2339 743 2387 relinquendus
765 2367 775 2382 ,
811 2347 873 2375 aut
893 2338 1038 2375 ulterius
1057 2340 1123 2376 ali-

79 2385 166 2433 quid
188 2389 454 2434 quaerendum.
500 2391 558 2426 Ac
575 2391 666 2426 mihi
688 2390 837 2436 quidem
861 2389 1023 2432 videtur,
1055 2402 1120 2436 pro

80 2446 123 2472 ea
143 2435 318 2475 sententia
339 2467 348 2482 ,
386 2451 458 2486 qua
487 2439 533 2477 de
559 2452 630 2476 una
653 2442 736 2476 navi
766 2440 823 2488 agi
844 2440 917 2475 hoc
937 2439 1119 2485 carmine,

77 2485 272 2535 ipsumque
292 2489 477 2525 Ovidium
506 2490 541 2526 in
575 2490 774 2526 Thraciam
810 2487 986 2536 egreffum
1008 2498 1119 2527 terre·

37 2583 39 2586 ⁴
79 2535 137 2572 firi
159 2536 288 2574 itinere
320 2539 467 2576 ulterius
496 2538 704 2587 profectum
734 2539 910 2583 dicimus,
939 2551 1004 2586 pro
1021 2545 1117 2576 stem

77 2594 177 2630 tora,
213 2588 271 2624 vel
295 2593 444 2635 Tentyra
467 2616 477 2633 ,
514 2601 589 2626 non
617 2589 858 2626 incommode
886 2589 1028 2625 Abdera
1047 2591 1118 2639 legi

77 2635 199 2685 poffe,
228 2638 351 2686 plurali
373 2639 506 2676 scilicet
523 2640 601 2676 casu
615 2668 624 2683 ,
653 2639 851 2688 quomodo
868 2641 903 2676 ὃς
917 2640 1119 2688 Stephanus

77 2686 118 2724 &
145 2687 203 2726 alii
226 2689 376 2737 quidam
399 2690 497 2727 idem
522 2701 662 2727 nomen
685 2698 839 2738 ponunt.
865 2690 925 2730 Est
946 2691 1044 2728 enim
1066 2694 1117 2729 ci-

21 2771 25 2776 .
78 2738 170 2775 vitas
190 2739 357 2783 Abdera,
385 2741 421 2778 in
445 2741 569 2778 littore
590 2741 754 2778 Thracio
777 2768 787 2785 ,
825 2740 845 2778 ὲ
867 2741 1016 2789 regione
1042 2743 1117 2780 fere

77 2786 349 2828 Samothraciae
382 2790 456 2828 fita.
495 2791 533 2828 Id
553 2791 655 2839 quod
674 2803 718 2828 ex
739 2792 864 2828 tabulis
885 2791 1116 2839 Geographi-

78 2839 128 2876 cis
151 2847 224 2878 tam
246 2849 411 2879 veterum
432 2853 543 2891 quam
567 2843 812 2879 recentiorum
839 2851 948 2889 patet.
978 2842 1022 2878 Et
1043 2843 1116 2879 huc

79 2888 165 2927 facit
184 2892 293 2929 etiam
308 2919 318 2933 ‚
347 2892 449 2940 quod
471 2892 586 2929 statim
608 2893 767 2941 sequitur
783 2894 828 2928 de
844 2892 1117 2928 Bistoniiscam-

79 2939 144 2985 pis.
171 2941 267 2979 Natn
288 2942 476 2979 Bistonum
498 2943 616 2987 lacus,
648 2942 668 2979 a
690 2955 766 2991 quo
785 2944 922 2989 campis
942 2941 1021 2989 ipsis
1044 2954 1116 2979 no·

79 2998 163 3027 men
179 3019 189 3033 ‚
216 2992 368 3030 Abderis
388 2993 527 3031 vicinus
548 2994 607 3030 est.
646 2994 1021 3041 Consentaneumque
1042 2992 1088 3029 est
1103 3020 1114 3036 ,

79 3037 259 3080 Ovidium
293 3054 355 3089 per
392 3042 569 3080 Bistonios
610 3055 759 3090 campos
799 3042 1085 3089 proficiscentem
1101 3071 1112 3086 ‚

78 3098 155 3127 non
177 3091 286 3141 longe
303 3092 346 3130 ab
364 3093 516 3131 Abderis
535 3096 569 3131 in
586 3093 684 3131 littus
703 3092 877 3141 egreffum
903 3091 1016 3130 fuiss'e.
1043 3093 1112 3130 Sed

74 3135 164 3193 haec
188 3150 309 3180 tamen
330 3144 479 3190 perinde
501 3145 620 3181 valere
639 3144 794 3188 debent,
823 3153 931 3193 atque
962 3142 981 3180 a
1006 3143 1114 3180 Criti-

77 3190 389 3237 cisadmittantur‚
420 3194 478 3231 vel
495 3195 710 3242 rejiciantur.
737 3195 912 3232 Micrti..
933 3194 1109 3230 Innosiro

73 3238 201 3277 codice
229 3243 298 3279 MS.
317 3244 446 3292 legitur
467 3272 476 3287 ‚
505 3246 621 3281 Saltus
649 3244 695 3281 ab
722 3244 787 3280 hac
816 3256 907 3281 terra
931 3244 1045 3280 brevis
1065 3249 1110 3279 k:-

68 3289 213 3342 gyfrhea
233 3294 371 3342 petenti.
407 3295 509 3345 cujus
526 3295 674 3346 vestigia
699 3295 835 3342 secuti,
863 3294 1082 3334 restituimus
1101 3322 1113 3341 ,

2108 413 2256 471 Dar--

1200 553 1322 604 Epirea
1338 555 1478 604 petenti.
1512 556 1587 595 hoc
1614 552 1668 593 est'
1690 565 1753 603 per
1778 560 1912 592 terram
1933 554 2000 591 iter
2018 551 2172 602 ingresso
2194 556 2246 590 τὰ

1201 603 1446 649 κατ’ἤπειρον.
1474 609 1634 645 Homer.
1652 603 1780 654 odyss.
1797 609 1835 644 Γ.
1862 604 1920 640 εἶθ’
1940 600 1995 649 ὅγ’
2017 600 2079 641 ἐπ’
2097 605 2249 648 ἠπείρου,

1199 668 1312 704 quam
1339 668 1551 706 germanam
1586 666 1755 705 putamus
1784 653 1854 693 effe
1880 655 2080 693 lectionem
2109 682 2120 698 ,
2154 667 2242 692 nam

1197 707 1351 744 terrestri
1370 708 1497 746 itinere
1515 710 1671 746 Po'e'tam
1695 707 1868 754 deinceps
1887 705 1957 743 effe
1975 705 2182 761 profectum
2203 705 2248 742 li-

1198 767 1287 806 quet
1305 770 1349 794 ex
1369 770 1415 794 eo
1434 760 1534 807 quod
1559 760 1717 806 sequitur
1730 785 1739 802 ‚
1769 763 1864 793 Nam
1884 756 1972 793 mihi
1991 757 2151 801 Bistonios
2170 757 2244 794 ὅτε,

1198 809 1330 857 dequo
1348 807 1475 848 statuat
1493 810 1747 857 unusquisque
1765 807 1864 856 quod
1882 808 2071 849 velit;nos
2091 807 2249 844 haecin«

1197 859 1349 896 dicanda
1368 859 1539 898 hocloco
1557 869 1735 907 putamus.
1757 858 1957 895 Beatum.
1996 857 2052 904 Est
2066 858 2168 905 Epira
2183 867 2242 905 pe-

1196 909 1285 945 tenti
1305 909 1438 947 habent
1461 911 1536 947 duo
1564 911 1622 947 lib.
1644 909 1781 956 scripti:
1812 908 1859 945 fic
1884 910 1995 945 etiarn
2018 909 2052 945 in
2076 909 2150 945 aliis
2173 919 2240 943 ve-

1195 961 1334 997 teribus·
1350 961 1540 1008 repperisse
1560 961 1594 998 se
1613 961 1757 997 testatur
1776 959 1836 995 hic
1858 959 2024 1002 Merula,
2053 960 2090 996 &
2111 968 2239 996 tamen

1195 1010 1296 1047 aliter
1329 1011 1455 1048 maluit
1481 1012 1631 1060 legere:
1667 1009 1727 1047 sed
1755 1010 1934 1055 imperite.
1973 1009 2104 1052 ἤπειρος
2135 1009 2237 1047 enim

1193 1061 1449 1098 continentem
1471 1061 1656 1110 fignificat.
1688 1060 1777 1097 Ideo
1797 1059 1911 1097 statim
1932 1058 2066 1096 subdit:

1245 1117 1343 1148 Nam
1357 1112 1445 1149 mihi
1462 1113 1620 1158 Rtstom'os
1634 1110 1766 1160 placuit
1783 1111 1864 1159 pede
1884 1118 2013 1155 carpere
2032 1119 2181 1159 campos:

1192 1175 1229 1213 id
1251 1177 1322 1221 est,
1350 1176 1500 1226 pedibus
1532 1177 1599 1214 iter
1627 1177 1745 1214 facere
1775 1187 1838 1223 per
1860 1175 2073 1212 Thraciam.
2102 1174 2137 1211 in
2158 1187 2250 1223 quov

1193 1226 1280 1264 loco
1301 1228 1518 1276 explicando
1538 1227 1639 1265 salsus
1662 1229 1699 1264 ὃς
1720 1227 1869 1275 quidem
1895 1226 2045 1273 turpiter
2066 1224 2113 1261 est
2134 1225 2236 1263 idem

1194 1277 1362 1322 Merula,
1387 1280 1449 1328 qui
1470 1278 1567 1317 secus
1588 1279 1728 1325 accipit.
1757 1277 1923 1313 CtorAN.
1973 1276 2032 1311 Ab
2054 1274 2117 1311 hac
2139 1286 2234 1312 terra

1192 1328 1357 1378 plerique
1386 1339 1565 1366 veterum.
1593 1329 1695 1376 quod
1720 1327 1932 1374 amplector.
1960 1325 2027 1363 nifi
2055 1326 2158 1373 quod
2189 1325 2235 1362 ab

1190 1377 1257 1414 hac
1282 1393 1341 1415 ora
1359 1380 1491 1417 rectius
1509 1379 1689 1416 scribetur.
1709 1390 1775 1426 pro
1796 1383 1946 1426 Tentyra
1967 1387 2106 1413 veteres
2127 1377 2233 1423 pleri-

1190 1440 1288 1478 que,
1315 1430 1420 1480 Epira
1452 1429 1510 1467 vel
1541 1434 1703 1477 Empyra.
1749 1429 1974 1464 (ombianus
1994 1438 2059 1474 pro
2094 1426 2231 1465 diversa

1188 1479 1375 1524 lectione,
1404 1485 1581 1530 Tempyra.
1615 1477 1814 1528 quomodo
1847 1479 1885 1515 ὅ(
1917 1477 2093 1531 ἀυοᾳὶἰί.
2120 1477 2234 1517 reete.

1192 1530 1320 1568 Livius
1339 1531 1398 1568 lib.
1422 1541 1575 1568 xxxvnx
1607 1542 1688 1577 cap.
1710 1541 1764 1568 12.
1810 1528 1892 1565 Inde
1922 1533 2105 1564 AEmorum
2120 1527 2232 1574 fines,

1184 1589 1320 1629 praeter
1337 1581 1512 1630 Apollinis
1525 1609 1536 1625 ,
1563 1580 1785 1617 Zerinthium
1805 1592 1906 1628 quem
1929 1588 2057 1613 vocant
2077 1578 2206 1615 incolae
2219 1605 2231 1621 ,

1185 1632 1351 1680 templum
1371 1632 1549 1681 superant.
1602 1631 1708 1668 Aliae
1735 1629 1907 1677 angustiae
1945 1628 2033 1664 circa
2062 1633 2230 1677 Tempyra

1185 1683 1357 1725 excipiunt
1370 1711 1379 1726 ,
1409 1682 1494 1729 (hoc
1513 1681 1579 1719 loco
1600 1694 1724 1717 nomen
1743 1680 1800 1728 est)
1830 1693 1897 1716 non
1919 1678 2034 1715 minus
2054 1680 2230 1727 confrage·

1178 1733 1248 1780 sae.
1278 1732 1435 1770 Facessat
1457 1745 1544 1781 ergo
1565 1731 1751 1775 Ortelius,
1784 1732 1846 1780 qui
1863 1740 1948 1767 cum
1963 1729 2106 1766 Merula
2129 1735 2229 1765 Sten-

1185 1793 1261 1819 tora
1282 1783 1557 1821 emendandum
1579 1782 1709 1820 censet.
1735 1783 1788 1819 uti
1819 1783 1857 1818 &
1884 1780 2069 1817 Pintianus
2088 1778 2132 1816 ad
2154 1779 2243 1817 Pii,

1184 1835 1234 1871 nii
1255 1835 1314 1871 lib.
1341 1846 1395 1872 ιν.
1422 1846 1499 1883 cap.
1524 1846 1557 1871 2.
1583 1832 1761 1870 Arondel.
1789 1830 1952 1868 Temeira.
1982 1829 2126 1866 Huius.
2153 1831 2229 1867 Sal·

1185 1894 1241 1921 tus
1260 1885 1306 1920 ab
1327 1883 1392 1921 hac
1412 1895 1530 1922 contra
1552 1883 1665 1921 brevis
1685 1882 1727 1929 est
1747 1882 1879 1919 tentira
1913 1879 2081 1917 Beruens.
2108 1880 2240 1918 saltum

1184 1934 1229 1970 ab
1249 1934 1313 1972 hac
1330 1935 1443 1972 brevis
1464 1935 1508 1984 est
1528 1945 1647 1972 contra
1665 1934 1774 1972 alius.·
1794 1931 1942 1969 :ramira
1956 1930 2125 1969 Leidens.
2140 1936 2226 1968 Ten-

1184 1995 1265 2022 tara
1290 1986 1437 2024 Lovan.
1701 2022 1704 2025 Δ

1234 2042 1293 2073 22.
1322 2043 1397 2073 Hac
1425 2035 1643 2086 dominum]
1699 2036 1880 2084 Quisnam
1911 2032 2084 2071 dominus
2114 2032 2236 2082 hujus-

1181 2085 1311 2124 navis?
1339 2099 1383 2124 an
1413 2087 1599 2125 Ovidius?
1628 2088 1690 2135 qui
1719 2095 1815 2124 certe
1842 2097 1917 2122 non
1952 2092 2126 2127 emerat,
2162 2082 2236 2122 sed-

1182 2137 1353 2174 mercede
1384 2138 1624 2175 conduxerat.
1644 2138 1830 2184 cognitam
1856 2136 1918 2173 sibi
1939 2135 2100 2183 primum
2123 2134 2225 2172 Cen·

1181 2189 1294 2225 chreis
1323 2187 1409 2225 dicit
1428 2188 1483 2230 ybs.
1501 2200 1539 2235 9.
1567 2187 1709 2225 Merula
1739 2186 1874 2224 duabus
1894 2185 2046 2223 navibus
2074 2196 2094 2222 a
2125 2185 2240 2222 Cen--

1181 2238 1296 2275 chreis
1318 2237 1477 2282 veniffe,
1504 2241 1541 2275 in
1562 2249 1716 2288 quarum
1740 2248 1813 2275 una
1843 2235 2003 2274 Ovidius
2021 2262 2031 2278 ‚
2057 2236 2092 2272 in
2113 2234 2223 2272 altera

1179 2289 1352 2326 dominus
1373 2290 1473 2326 navis
1492 2298 1566 2326 erat
1578 2290 1777 2337 utriusque.
1804 2287 1874 2324 Vir
1885 2286 2109 2341 dofftiffimus
2123 2285 2222 2341 Mas-

1177 2339 1286 2376 sonus
1320 2339 1439 2377 statuit
1463 2340 1549 2377 navi
1576 2341 1693 2387 prima
1713 2351 1732 2376 a
1762 2339 1960 2375 Cenchreis
1981 2336 2161 2391 Oyidium
2177 2347 2230 2391 in-

1177 2389 1466 2427 Samothraciam
1501 2389 1637 2427 veniffe
1658 2416 1669 2434 ,
1707 2389 1792 2426 inde
1827 2399 1925 2426 nova
1948 2397 2031 2423 navi
2062 2385 2218 2433 trajecis-

1174 2440 1210 2478 se
1237 2441 1273 2477 in
1304 2441 1518 2477 Thraciam.
1561 2440 1663 2488 cujus
1696 2439 1894 2476 sententiae
1926 2437 2033 2474 facile
2065 2436 2232 2473 accede--

1176 2503 1214 2527 re
1237 2490 1447 2537 postumus,
1472 2499 1510 2527 ut
1529 2490 1687 2527 Ovidius
1715 2489 1812 2526 suam
1841 2498 1974 2524 navem
2007 2497 2051 2522 ex
2083 2484 2217 2522 Samo-

1173 2542 1296 2578 thrace
1314 2540 1359 2578 ad
1382 2539 1520 2577 cursum
1543 2539 1788 2587 peragendum
1804 2537 1976 2575 remiserit
1997 2534 2232 2573 versusHe1.-

1172 2591 1392 2638 Iespontum.
1419 2602 1504 2628 nam
1534 2590 1592 2627 illa
1622 2587 1726 2633 fess'a,
1764 2588 1800 2625 id
1829 2587 1875 2624 est
1894 2584 2051 2642 quassata
2071 2593 2229 2642 tempe-3

1175 2642 1261 2679 llate
1282 2644 1319 2678 ὃς
1337 2640 1442 2678 undis
1457 2668 1467 2685 ,
1489 2648 1581 2678 utex
1604 2638 1898 2688 praecedentibus
1913 2637 2042 2684 elegus
2059 2636 2137 2674 satis
2151 2641 2217 2685 pa·'

1174 2700 1249 2735 tet,
1272 2691 1560 2728 Samothraciam
1575 2702 1658 2728 cum
1679 2687 1853 2733 venisset,
1877 2688 1923 2725 ibi
1936 2687 2060 2724 debuit
2081 2686 2214 2725 refice-

1175 2754 1213 2779 re
1235 2750 1460 2779 armamenta
1475 2742 1532 2779 sua
1546 2769 1556 2785 ‚
1577 2740 1756 2778 &deinde
1773 2739 1897 2787 relegit
1911 2740 1978 2776 iter
1989 2737 2109 2776 versus
2120 2737 2227 2776 Hel-⁴-

1173 2793 1394 2841 lespontum.
1448 2792 1607 2829 Ovidius
1635 2802 1726 2828 vero
1753 2790 1790 2826 in
1811 2790 1933 2826 littore
1957 2788 2213 2827 Samothraces

1174 2843 1368 2880 consistens
1397 2843 1491 2879 hanc
1518 2841 1681 2890 Ele-giam
1712 2841 1874 2878 votivam
1903 2838 2034 2888 scripsit
2053 2865 2064 2883 ‚
2093 2849 2132 2878 ut
2154 2839 2227 2877 illa⁴

1174 2892 1276 2929 navis
1301 2921 1312 2934 ‚
1348 2904 1442 2940 quae
1469 2892 1545 2940 ejus
1573 2892 1807 2928 instrumenta
1829 2892 1866 2927 δε
1890 2891 2044 2927 comites
2073 2891 2212 2934 ferret,

1171 2942 1263 2978 salva
1286 2943 1436 2979 Tomos
1465 2942 1638 2984 veniret,
1678 2944 1714 2978 &
1743 2942 1780 2978 in
1811 2940 1883 2978 fine
1911 2940 2059 2988 Elegiae
2095 2944 2208 2980 etiam

1171 3004 1238 3040 pro
1261 2991 1393 3035 altera,
1419 3003 1513 3040 quae
1540 2991 1574 3028 se
1604 2992 1807 3040 trajiceret,
1837 2992 1873 3028 in
1895 2991 2094 3028 Thraciam
2117 3001 2208 3029 vota

1171 3043 1346 3089 concipit.
1384 3041 1594 3079 Dominum
1626 3053 1696 3090 ego
1723 3041 1838 3090 ipsum
1870 3041 2050 3078 Ovidium
2071 3043 2223 3080 intelli--

1169 3103 1217 3140 go
1239 3120 1247 3134 ,
1290 3091 1363 3129 sive
1393 3093 1523 3129 emerit
1552 3104 1683 3130 navem
1712 3120 1721 3136 ,
1756 3091 1831 3129 sive
1867 3092 2066 3139 improprie
2094 3093 2128 3131 se
2156 3095 2209 3132 ita

1170 3150 1305 3186 vocet,
1331 3144 1416 3191 quia
1434 3152 1549 3180 totam
1580 3143 1644 3180 suo
1675 3144 1867 3180 comitatui
1896 3143 1933 3179 ὃ(
1963 3142 2222 3181 instrumentis-

1168 3193 1441 3231 transvehendis
1456 3221 1466 3236 ‚
1495 3193 1732 3232 conduxerat.
1779 3200 1854 3230 Hac
1880 3203 2021 3229 tantum
2043 3204 2141 3230 tanus
2163 3194 2207 3240 est

1168 3243 1272 3291 prim.
1292 3243 1412 3280 Vatic.
1435 3243 1577 3281 Burrus

1222 3305 1280 3342 23.
1311 3292 1438 3343 Pesla]
1494 3294 1606 3345 Vero,
1634 3294 1693 3333 Est
1722 3295 1823 3333 enim
1853 3305 1917 3343 pes
1945 3294 2040 3332 funis
2061 3320 2076 3338 ‚A
2100 3293 2164 3342 qui
2191 3291 2229 3328 ὲ·-

1350 3345 1460 3395 Qqq
1490 3355 1508 3393 3
2129 3344 2234 3380 γε’-’ὼ
