<?xml version="1.0" encoding="UTF-8"?>
<!DOCTYPE html PUBLIC "-//W3C//DTD XHTML 1.0 Transitional//EN"
    "http://www.w3.org/TR/xhtml1/DTD/xhtml1-transitional.dtd">
<html xmlns="http://www.w3.org/1999/xhtml" xml:lang="en" lang="en">
 <head>
  <title>
</title>
<meta http-equiv="Content-Type" content="text/html;charset=utf-8" />
  <meta name='ocr-system' content='tesseract 3.04.00' />
  <meta name='ocr-capabilities' content='ocr_page ocr_carea ocr_par ocr_line ocrx_word'/>
</head>
<body>
  <div class='ocr_page' id='page_1' title='image "./publiiovidiinaso03ovid_0042.png"; bbox 0 0 2495 3675; ppageno 0'>
   <div class='ocr_carea' id='block_1_1' title="bbox 627 172 1181 245">
    <p class='ocr_par' dir='ltr' id='par_1_1' title="bbox 627 172 1181 245">
     <span class='ocr_line' id='line_1_1' title="bbox 627 172 1181 245; baseline -0.029 -1"><span class='ocrx_word' id='word_1_1' title='bbox 627 186 706 245; x_wconf 90' lang='grc' dir='ltr'><strong>Ρ.·</strong></span> <span class='ocrx_word' id='word_1_2' title='bbox 762 172 1181 239; x_wconf 87' lang='lat' dir='ltr'>0V.1·D11</span> 
     </span>
    </p>
   </div>
   <div class='ocr_carea' id='block_1_2' title="bbox 1255 167 1786 228">
    <p class='ocr_par' dir='ltr' id='par_1_2' title="bbox 1255 167 1786 228">
     <span class='ocr_line' id='line_1_2' title="bbox 1255 167 1786 228; baseline 0.004 -1"><span class='ocrx_word' id='word_1_3' title='bbox 1255 167 1786 228; x_wconf 90' lang='lat' dir='ltr'>NASONIS</span> 
     </span>
    </p>
   </div>
   <div class='ocr_carea' id='block_1_3' title="bbox 450 284 1768 592">
    <p class='ocr_par' dir='ltr' id='par_1_3' title="bbox 450 284 1716 444">
     <span class='ocr_line' id='line_1_3' title="bbox 450 284 1716 364; baseline -0.019 -3"><span class='ocrx_word' id='word_1_4' title='bbox 450 303 593 361; x_wconf 83' lang='lat' dir='ltr'>Pace</span> <span class='ocrx_word' id='word_1_5' title='bbox 615 301 757 364; x_wconf 91' lang='lat' dir='ltr'><strong>fores</strong></span> <span class='ocrx_word' id='word_1_6' title='bbox 781 296 961 356; x_wconf 78' lang='lat' dir='ltr'><strong>obd03</strong></span> <span class='ocrx_word' id='word_1_7' title='bbox 1002 310 1071 348; x_wconf 88' lang='lat' dir='ltr'><strong>ne</strong></span> <span class='ocrx_word' id='word_1_8' title='bbox 1097 289 1204 363; x_wconf 67' lang='lat' dir='ltr'><strong>qua</strong></span> <span class='ocrx_word' id='word_1_9' title='bbox 1228 285 1505 341; x_wconf 80' lang='lat' dir='ltr'><strong>discedere</strong></span> <span class='ocrx_word' id='word_1_10' title='bbox 1528 284 1716 358; x_wconf 87' lang='lat' dir='ltr'><strong>possit:</strong></span> 
     </span>
     <span class='ocr_line' id='line_1_4' title="bbox 520 359 1622 444; baseline -0.017 -12"><span class='ocrx_word' id='word_1_11' title='bbox 520 375 892 444; x_wconf 79' lang='lat' dir='ltr'><strong>Caesareoque</strong></span> <span class='ocrx_word' id='word_1_12' title='bbox 919 368 1010 421; x_wconf 89' lang='lat' dir='ltr'><strong>diu</strong></span> <span class='ocrx_word' id='word_1_13' title='bbox 1038 362 1259 419; x_wconf 87' lang='lat' dir='ltr'><strong>nomine</strong></span> <span class='ocrx_word' id='word_1_14' title='bbox 1285 359 1484 413; x_wconf 81' lang='lat' dir='ltr'><strong>clausus</strong></span> <span class='ocrx_word' id='word_1_15' title='bbox 1510 377 1622 413; x_wconf 87' lang='lat' dir='ltr'><strong>er0.</strong></span> 
     </span>
    </p>

    <p class='ocr_par' dir='ltr' id='par_1_4' title="bbox 455 431 1768 592">
     <span class='ocr_line' id='line_1_5' title="bbox 455 431 1768 509; baseline -0.018 -2"><span class='ocrx_word' id='word_1_16' title='bbox 455 450 642 509; x_wconf 56' lang='lat' dir='ltr'><strong>Dixin</strong></span> <span class='ocrx_word' id='word_1_17' title='bbox 687 448 770 508; x_wconf 83' lang='lat'><strong>&amp;,</strong></span> <span class='ocrx_word' id='word_1_18' title='bbox 805 442 1050 497; x_wconf 75' lang='lat' dir='ltr'><strong>attollens</strong></span> <span class='ocrx_word' id='word_1_19' title='bbox 1078 434 1263 489; x_wconf 84' lang='lat' dir='ltr'><strong>oeulos</strong></span> <span class='ocrx_word' id='word_1_20' title='bbox 1289 431 1494 484; x_wconf 87' lang='lat' dir='ltr'><strong>diversa</strong></span> <span class='ocrx_word' id='word_1_21' title='bbox 1522 444 1732 486; x_wconf 86' lang='lat' dir='ltr'><strong>tuentes</strong></span> <span class='ocrx_word' id='word_1_22' title='bbox 1754 472 1768 494; x_wconf 85' lang='lat'>‚</span> 
     </span>
     <span class='ocr_line' id='line_1_6' title="bbox 537 502 1623 592; baseline -0.019 -13"><span class='ocrx_word' id='word_1_23' title='bbox 537 519 800 592; x_wconf 74' lang='lat' dir='ltr'><strong>Adspexit</strong></span> <span class='ocrx_word' id='word_1_24' title='bbox 828 528 947 569; x_wconf 90' lang='lat' dir='ltr'><strong>toto</strong></span> <span class='ocrx_word' id='word_1_25' title='bbox 970 504 1235 583; x_wconf 82' lang='lat' dir='ltr'><strong>quidquid</strong></span> <span class='ocrx_word' id='word_1_26' title='bbox 1265 504 1318 559; x_wconf 90' lang='lat' dir='ltr'><strong>in</strong></span> <span class='ocrx_word' id='word_1_27' title='bbox 1348 502 1477 558; x_wconf 87' lang='lat' dir='ltr'><strong>orbe</strong></span> <span class='ocrx_word' id='word_1_28' title='bbox 1505 503 1623 558; x_wconf 89' lang='lat' dir='ltr'><strong>fuit.</strong></span> 
     </span>
    </p>
   </div>
   <div class='ocr_carea' id='block_1_4' title="bbox 167 732 1253 3374">
    <p class='ocr_par' dir='ltr' id='par_1_5' title="bbox 167 732 1217 1296">
     <span class='ocr_line' id='line_1_7' title="bbox 218 732 1210 791; baseline -0.019 -2"><span class='ocrx_word' id='word_1_29' title='bbox 218 750 304 788; x_wconf 80' lang='lat'>281.</span> <span class='ocrx_word' id='word_1_30' title='bbox 332 754 418 786; x_wconf 83' lang='lat' dir='ltr'><strong>Pace</strong></span> <span class='ocrx_word' id='word_1_31' title='bbox 438 745 529 791; x_wconf 83' lang='lat' dir='ltr'><strong>fores</strong></span> <span class='ocrx_word' id='word_1_32' title='bbox 552 740 671 789; x_wconf 58' lang='lat' dir='ltr'><strong>obde]</strong></span> <span class='ocrx_word' id='word_1_33' title='bbox 701 738 804 776; x_wconf 82' lang='lat' dir='ltr'><strong>Huic</strong></span> <span class='ocrx_word' id='word_1_34' title='bbox 823 743 950 786; x_wconf 85' lang='lat' dir='ltr'><strong>portae</strong></span> <span class='ocrx_word' id='word_1_35' title='bbox 973 745 1116 773; x_wconf 85' lang='lat' dir='ltr'><strong>nomen</strong></span> <span class='ocrx_word' id='word_1_36' title='bbox 1141 732 1210 771; x_wconf 87' lang='lat' dir='ltr'><strong>fuit</strong></span> 
     </span>
     <span class='ocr_line' id='line_1_8' title="bbox 167 785 1210 848; baseline -0.02 -9"><span class='ocrx_word' id='word_1_37' title='bbox 167 800 352 848; x_wconf 76' lang='lat' dir='ltr'><strong>Janualis.</strong></span> <span class='ocrx_word' id='word_1_38' title='bbox 390 797 508 833; x_wconf 80' lang='lat' dir='ltr'><strong>Varro</strong></span> <span class='ocrx_word' id='word_1_39' title='bbox 526 794 586 831; x_wconf 79' lang='lat' dir='ltr'><strong>lib.</strong></span> <span class='ocrx_word' id='word_1_40' title='bbox 604 803 656 828; x_wconf 73' lang='lat' dir='ltr'><strong>1v.</strong></span> <span class='ocrx_word' id='word_1_41' title='bbox 680 790 725 828; x_wconf 87' lang='lat' dir='ltr'><strong>de.</strong></span> <span class='ocrx_word' id='word_1_42' title='bbox 748 791 792 827; x_wconf 89' lang='lat' dir='ltr'><strong>L.</strong></span> <span class='ocrx_word' id='word_1_43' title='bbox 807 791 850 827; x_wconf 82' lang='lat' dir='ltr'><strong>L.</strong></span> <span class='ocrx_word' id='word_1_44' title='bbox 872 787 989 824; x_wconf 86' lang='lat' dir='ltr'><strong>Tertia</strong></span> <span class='ocrx_word' id='word_1_45' title='bbox 1011 785 1052 832; x_wconf 78' lang='lat' dir='ltr'><strong>est</strong></span> <span class='ocrx_word' id='word_1_46' title='bbox 1064 786 1210 830; x_wconf 76' lang='lat' dir='ltr'><strong>Janua-</strong></span> 
     </span>
     <span class='ocr_line' id='line_1_9' title="bbox 168 834 1211 892; baseline -0.02 -2"><span class='ocrx_word' id='word_1_47' title='bbox 168 853 212 890; x_wconf 84' lang='lat' dir='ltr'><strong>lis</strong></span> <span class='ocrx_word' id='word_1_48' title='bbox 239 852 331 888; x_wconf 55' lang='lat' dir='ltr'><strong>dina</strong></span> <span class='ocrx_word' id='word_1_49' title='bbox 360 848 385 885; x_wconf 75' lang='grc' dir='ltr'><strong>ἰι</strong></span> <span class='ocrx_word' id='word_1_50' title='bbox 407 848 517 892; x_wconf 75' lang='lat' dir='ltr'><strong>June:</strong></span> <span class='ocrx_word' id='word_1_51' title='bbox 548 855 591 882; x_wconf 71' lang='lat'><strong>&amp;¹</strong></span> <span class='ocrx_word' id='word_1_52' title='bbox 613 842 685 879; x_wconf 68' lang='lat' dir='ltr'><strong>ideb</strong></span> <span class='ocrx_word' id='word_1_53' title='bbox 709 840 757 877; x_wconf 81' lang='lat' dir='ltr'><strong>ibi</strong></span> <span class='ocrx_word' id='word_1_54' title='bbox 774 839 920 889; x_wconf 71' lang='lat' dir='ltr'><strong>positum</strong></span> <span class='ocrx_word' id='word_1_55' title='bbox 942 834 1186 884; x_wconf 66' lang='lat' dir='ltr'><strong>Janifignum</strong></span> <span class='ocrx_word' id='word_1_56' title='bbox 1201 862 1211 877; x_wconf 96' lang='lat'>,</span> 
     </span>
     <span class='ocr_line' id='line_1_10' title="bbox 169 886 1214 950; baseline -0.018 -10"><span class='ocrx_word' id='word_1_57' title='bbox 169 914 213 943; x_wconf 68' lang='lat'><strong>&amp;¹</strong></span> <span class='ocrx_word' id='word_1_58' title='bbox 237 903 294 950; x_wconf 79' lang='lat' dir='ltr'><strong>jus</strong></span> <span class='ocrx_word' id='word_1_59' title='bbox 326 898 523 945; x_wconf 80' lang='lat' dir='ltr'><strong>institutum</strong></span> <span class='ocrx_word' id='word_1_60' title='bbox 555 894 579 930; x_wconf 69' lang='grc' dir='ltr'><strong>ιὶ</strong></span> <span class='ocrx_word' id='word_1_61' title='bbox 603 891 726 930; x_wconf 63' lang='lat' dir='ltr'><strong>Numi</strong></span> <span class='ocrx_word' id='word_1_62' title='bbox 754 889 943 939; x_wconf 79' lang='lat' dir='ltr'><em>Pompilio,</em></span> <span class='ocrx_word' id='word_1_63' title='bbox 971 898 1011 924; x_wconf 85' lang='lat' dir='ltr'><strong>ut</strong></span> <span class='ocrx_word' id='word_1_64' title='bbox 1026 886 1148 935; x_wconf 70' lang='lat' dir='ltr'><strong>scribit</strong></span> <span class='ocrx_word' id='word_1_65' title='bbox 1173 887 1214 922; x_wconf 81' lang='lat' dir='ltr'><strong>in</strong></span> 
     </span>
     <span class='ocr_line' id='line_1_11' title="bbox 169 932 1216 991; baseline -0.018 -1"><span class='ocrx_word' id='word_1_66' title='bbox 169 950 374 991; x_wconf 71' lang='lat' dir='ltr'><em>Annalibus</em></span> <span class='ocrx_word' id='word_1_67' title='bbox 404 945 528 982; x_wconf 84' lang='lat' dir='ltr'><strong>Lucius</strong></span> <span class='ocrx_word' id='word_1_68' title='bbox 559 944 655 988; x_wconf 77' lang='lat' dir='ltr'><strong>Pisb,</strong></span> <span class='ocrx_word' id='word_1_69' title='bbox 684 951 722 979; x_wconf 87' lang='lat' dir='ltr'><strong>ut</strong></span> <span class='ocrx_word' id='word_1_70' title='bbox 745 940 793 991; x_wconf 79' lang='lat' dir='ltr'><strong>fic</strong></span> <span class='ocrx_word' id='word_1_71' title='bbox 826 940 942 985; x_wconf 71' lang='lat' dir='ltr'><strong>clausa</strong></span> <span class='ocrx_word' id='word_1_72' title='bbox 963 941 1120 987; x_wconf 82' lang='lat' dir='ltr'><strong>semper,</strong></span> <span class='ocrx_word' id='word_1_73' title='bbox 1150 932 1216 985; x_wconf 79' lang='lat' dir='ltr'><strong>nisi</strong></span> 
     </span>
     <span class='ocr_line' id='line_1_12' title="bbox 170 991 1214 1045; baseline -0.016 -4"><span class='ocrx_word' id='word_1_74' title='bbox 170 1004 248 1041; x_wconf 69' lang='lat' dir='ltr'><strong>ciem</strong></span> <span class='ocrx_word' id='word_1_75' title='bbox 269 1000 395 1037; x_wconf 77' lang='lat' dir='ltr'><strong>bellam</strong></span> <span class='ocrx_word' id='word_1_76' title='bbox 406 995 466 1045; x_wconf 80' lang='lat' dir='ltr'><strong>fit.</strong></span> <span class='ocrx_word' id='word_1_77' title='bbox 492 997 577 1033; x_wconf 87' lang='lat' dir='ltr'><strong>hinc</strong></span> <span class='ocrx_word' id='word_1_78' title='bbox 597 996 807 1034; x_wconf 76' lang='lat' dir='ltr'>Plutarchus</span> <span class='ocrx_word' id='word_1_79' title='bbox 831 993 990 1035; x_wconf 70' lang='grc' dir='ltr'><em>πελέμου</em></span> <span class='ocrx_word' id='word_1_80' title='bbox 1013 991 1129 1028; x_wconf 63' lang='grc' dir='ltr'>πύλην</span> <span class='ocrx_word' id='word_1_81' title='bbox 1151 999 1214 1036; x_wconf 89' lang='lat' dir='ltr'><strong>ap-</strong></span> 
     </span>
     <span class='ocr_line' id='line_1_13' title="bbox 169 1036 1215 1103; baseline -0.016 -12"><span class='ocrx_word' id='word_1_82' title='bbox 169 1054 288 1103; x_wconf 82' lang='lat' dir='ltr'><strong>pellat.</strong></span> <span class='ocrx_word' id='word_1_83' title='bbox 327 1049 456 1090; x_wconf 64' lang='grc' dir='ltr'>Ἰανοῦ,</span> <span class='ocrx_word' id='word_1_84' title='bbox 486 1047 606 1095; x_wconf 85' lang='lat' dir='ltr'><strong>inquit</strong></span> <span class='ocrx_word' id='word_1_85' title='bbox 634 1045 679 1082; x_wconf 87' lang='lat' dir='ltr'><strong>de</strong></span> <span class='ocrx_word' id='word_1_86' title='bbox 707 1041 869 1081; x_wconf 68' lang='lat' dir='ltr'><strong>Fortuna</strong></span> <span class='ocrx_word' id='word_1_87' title='bbox 899 1043 937 1079; x_wconf 83' lang='lat' dir='ltr'><strong>P.</strong></span> <span class='ocrx_word' id='word_1_88' title='bbox 959 1042 1002 1078; x_wconf 87' lang='lat' dir='ltr'><strong>R.</strong></span> <span class='ocrx_word' id='word_1_89' title='bbox 1027 1036 1215 1076; x_wconf 73' lang='grc' dir='ltr'><strong>δίπυλονῧ</strong></span> 
     </span>
     <span class='ocr_line' id='line_1_14' title="bbox 170 1091 1216 1147; baseline -0.014 -8"><span class='ocrx_word' id='word_1_90' title='bbox 170 1105 331 1147; x_wconf 75' lang='grc' dir='ltr'><em>πολέμου</em></span> <span class='ocrx_word' id='word_1_91' title='bbox 352 1101 468 1138; x_wconf 74' lang='grc' dir='ltr'>πύλην</span> <span class='ocrx_word' id='word_1_92' title='bbox 489 1097 649 1133; x_wconf 70' lang='grc' dir='ltr'><strong>καλοῖσι.</strong></span> <span class='ocrx_word' id='word_1_93' title='bbox 677 1094 934 1142; x_wconf 75' lang='lat' dir='ltr'><strong>sselegendum</strong></span> <span class='ocrx_word' id='word_1_94' title='bbox 951 1120 960 1135; x_wconf 89' lang='lat'><strong>‚</strong></span> <span class='ocrx_word' id='word_1_95' title='bbox 988 1103 1065 1129; x_wconf 87' lang='lat' dir='ltr'><strong>non</strong></span> <span class='ocrx_word' id='word_1_96' title='bbox 1079 1091 1216 1133; x_wconf 60' lang='grc' dir='ltr'><em>τύχην,</em></span> 
     </span>
     <span class='ocr_line' id='line_1_15' title="bbox 170 1142 1216 1192; baseline -0.013 0"><span class='ocrx_word' id='word_1_97' title='bbox 170 1166 215 1192; x_wconf 83' lang='lat' dir='ltr'><strong>ex</strong></span> <span class='ocrx_word' id='word_1_98' title='bbox 238 1150 502 1190; x_wconf 83' lang='lat' dir='ltr'><strong>emendatione</strong></span> <span class='ocrx_word' id='word_1_99' title='bbox 527 1150 588 1183; x_wconf 71' lang='grc' dir='ltr'><strong>τοῖ</strong></span> <span class='ocrx_word' id='word_1_100' title='bbox 608 1143 1067 1190; x_wconf 53' lang='grc' dir='ltr'><strong>πολυγλώττσυὸωᾙὲωᾞ</strong></span> <span class='ocrx_word' id='word_1_101' title='bbox 1091 1142 1216 1178; x_wconf 72' lang='grc' dir='ltr'>ΝΕΑΡ.</span> 
     </span>
     <span class='ocr_line' id='line_1_16' title="bbox 168 1192 1217 1248; baseline -0.014 -6"><span class='ocrx_word' id='word_1_102' title='bbox 168 1211 267 1242; x_wconf 88' lang='lat' dir='ltr'><strong>Seras</strong></span> <span class='ocrx_word' id='word_1_103' title='bbox 289 1201 371 1239; x_wconf 87' lang='lat' dir='ltr'><strong>obdo</strong></span> <span class='ocrx_word' id='word_1_104' title='bbox 389 1201 533 1247; x_wconf 86' lang='lat' dir='ltr'><strong>Junian.</strong></span> <span class='ocrx_word' id='word_1_105' title='bbox 557 1211 596 1235; x_wconf 87' lang='lat' dir='ltr'><strong>ne</strong></span> <span class='ocrx_word' id='word_1_106' title='bbox 616 1210 685 1248; x_wconf 74' lang='lat' dir='ltr'><strong>qua</strong></span> <span class='ocrx_word' id='word_1_107' title='bbox 706 1196 869 1244; x_wconf 75' lang='lat' dir='ltr'><strong>discedere</strong></span> <span class='ocrx_word' id='word_1_108' title='bbox 885 1192 1001 1245; x_wconf 67' lang='lat' dir='ltr'><strong>peffim</strong></span> <span class='ocrx_word' id='word_1_109' title='bbox 1017 1192 1106 1239; x_wconf 80' lang='lat' dir='ltr'><strong>legit</strong></span> <span class='ocrx_word' id='word_1_110' title='bbox 1116 1192 1217 1228; x_wconf 89' lang='lat' dir='ltr'><strong>Mar-</strong></span> 
     </span>
     <span class='ocr_line' id='line_1_17' title="bbox 173 1248 848 1296; baseline -0.016 -3"><span class='ocrx_word' id='word_1_111' title='bbox 173 1255 276 1293; x_wconf 85' lang='lat' dir='ltr'><strong>cilius</strong></span> <span class='ocrx_word' id='word_1_112' title='bbox 296 1252 340 1291; x_wconf 90' lang='lat' dir='ltr'><strong>ad</strong></span> <span class='ocrx_word' id='word_1_113' title='bbox 361 1253 494 1290; x_wconf 82' lang='lat' dir='ltr'>Horat.</span> <span class='ocrx_word' id='word_1_114' title='bbox 515 1262 561 1286; x_wconf 83' lang='lat'><strong>11.</strong></span> <span class='ocrx_word' id='word_1_115' title='bbox 585 1248 690 1296; x_wconf 84' lang='lat' dir='ltr'><strong>Epist.</strong></span> <span class='ocrx_word' id='word_1_116' title='bbox 714 1260 740 1284; x_wconf 92' lang='lat'><strong>1.</strong></span> <span class='ocrx_word' id='word_1_117' title='bbox 765 1259 848 1294; x_wconf 68' lang='lat'><strong>255.</strong></span> 
     </span>
    </p>

    <p class='ocr_par' dir='ltr' id='par_1_6' title="bbox 171 1293 1219 1397">
     <span class='ocr_line' id='line_1_18' title="bbox 222 1293 1219 1349; baseline -0.012 -7"><span class='ocrx_word' id='word_1_118' title='bbox 222 1305 309 1342; x_wconf 81' lang='lat'>282.</span> <span class='ocrx_word' id='word_1_119' title='bbox 338 1300 531 1349; x_wconf 60' lang='lat' dir='ltr'><strong>Numine]</strong></span> <span class='ocrx_word' id='word_1_120' title='bbox 561 1299 681 1336; x_wconf 86' lang='lat' dir='ltr'><strong>Urfin.</strong></span> <span class='ocrx_word' id='word_1_121' title='bbox 702 1295 802 1335; x_wconf 78' lang='lat' dir='ltr'><strong>Voff</strong></span> <span class='ocrx_word' id='word_1_122' title='bbox 827 1294 969 1333; x_wconf 79' lang='lat' dir='ltr'><strong>Arund.</strong></span> <span class='ocrx_word' id='word_1_123' title='bbox 991 1293 1150 1339; x_wconf 80' lang='lat' dir='ltr'><strong>nomine,</strong></span> <span class='ocrx_word' id='word_1_124' title='bbox 1178 1300 1219 1331; x_wconf 86' lang='lat' dir='ltr'><strong>ut</strong></span> 
     </span>
     <span class='ocr_line' id='line_1_19' title="bbox 171 1348 943 1397; baseline -0.017 -2"><span class='ocrx_word' id='word_1_125' title='bbox 171 1355 330 1395; x_wconf 86' lang='lat' dir='ltr'><strong>domum</strong></span> <span class='ocrx_word' id='word_1_126' title='bbox 352 1353 564 1391; x_wconf 75' lang='lat' dir='ltr'><strong>Caesaream</strong></span> <span class='ocrx_word' id='word_1_127' title='bbox 589 1349 777 1397; x_wconf 85' lang='lat' dir='ltr'><strong>intelligat.</strong></span> <span class='ocrx_word' id='word_1_128' title='bbox 798 1348 943 1384; x_wconf 64' lang='lat' dir='ltr'><strong>Hsms.</strong></span> 
     </span>
    </p>

    <p class='ocr_par' dir='ltr' id='par_1_7' title="bbox 171 1395 1222 1552">
     <span class='ocr_line' id='line_1_20' title="bbox 223 1395 1221 1455; baseline -0.013 -11"><span class='ocrx_word' id='word_1_129' title='bbox 223 1407 310 1455; x_wconf 83' lang='lat'>283.</span> <span class='ocrx_word' id='word_1_130' title='bbox 338 1409 384 1441; x_wconf 86' lang='lat' dir='ltr'><strong>Et</strong></span> <span class='ocrx_word' id='word_1_131' title='bbox 404 1402 565 1440; x_wconf 85' lang='lat' dir='ltr'><strong>attollens</strong></span> <span class='ocrx_word' id='word_1_132' title='bbox 583 1400 690 1438; x_wconf 87' lang='lat' dir='ltr'><strong>oculos</strong></span> <span class='ocrx_word' id='word_1_133' title='bbox 711 1399 850 1443; x_wconf 76' lang='lat' dir='ltr'><strong>diversa</strong></span> <span class='ocrx_word' id='word_1_134' title='bbox 871 1395 1042 1445; x_wconf 63' lang='lat' dir='ltr'><strong>tuentes]</strong></span> <span class='ocrx_word' id='word_1_135' title='bbox 1075 1395 1221 1449; x_wconf 72' lang='lat' dir='ltr'><strong>Omnes</strong></span> 
     </span>
     <span class='ocr_line' id='line_1_21' title="bbox 171 1445 1222 1496; baseline -0.012 0"><span class='ocrx_word' id='word_1_136' title='bbox 171 1457 253 1496; x_wconf 69' lang='lat' dir='ltr'><strong>fere</strong></span> <span class='ocrx_word' id='word_1_137' title='bbox 284 1464 423 1494; x_wconf 83' lang='lat' dir='ltr'><strong>veteres</strong></span> <span class='ocrx_word' id='word_1_138' title='bbox 448 1454 525 1491; x_wconf 87' lang='lat' dir='ltr'><strong>libri</strong></span> <span class='ocrx_word' id='word_1_139' title='bbox 547 1452 701 1495; x_wconf 81' lang='lat' dir='ltr'><strong>habent,</strong></span> <span class='ocrx_word' id='word_1_140' title='bbox 739 1450 910 1486; x_wconf 83' lang='lat' dir='ltr'><strong>videntes.</strong></span> <span class='ocrx_word' id='word_1_141' title='bbox 938 1448 1105 1486; x_wconf 64' lang='grc'>61011111.</span> <span class='ocrx_word' id='word_1_142' title='bbox 1133 1445 1222 1483; x_wconf 64' lang='lat' dir='ltr'><strong>Vici.</strong></span> 
     </span>
     <span class='ocr_line' id='line_1_22' title="bbox 180 1504 556 1552; baseline -0.013 -6"><span class='ocrx_word' id='word_1_143' title='bbox 180 1507 228 1546; x_wconf 87' lang='lat' dir='ltr'><strong>ad</strong></span> <span class='ocrx_word' id='word_1_144' title='bbox 248 1508 310 1546; x_wconf 81' lang='lat' dir='ltr'><strong>lib.</strong></span> <span class='ocrx_word' id='word_1_145' title='bbox 331 1520 358 1544; x_wconf 88' lang='lat'><strong>1.</strong></span> <span class='ocrx_word' id='word_1_146' title='bbox 379 1507 473 1543; x_wconf 83' lang='lat' dir='ltr'><strong>Met.</strong></span> <span class='ocrx_word' id='word_1_147' title='bbox 497 1504 556 1552; x_wconf 78' lang='lat'><strong>85.</strong></span> 
     </span>
    </p>

    <p class='ocr_par' dir='ltr' id='par_1_8' title="bbox 177 1548 1224 1657">
     <span class='ocr_line' id='line_1_23' title="bbox 226 1548 1224 1605; baseline -0.01 -10"><span class='ocrx_word' id='word_1_148' title='bbox 226 1558 312 1604; x_wconf 73' lang='lat'><strong>284.</strong></span> <span class='ocrx_word' id='word_1_149' title='bbox 339 1554 543 1605; x_wconf 67' lang='lat' dir='ltr'><strong>Adspexit]</strong></span> <span class='ocrx_word' id='word_1_150' title='bbox 568 1552 741 1603; x_wconf 83' lang='lat' dir='ltr'><strong>Prospexis</strong></span> <span class='ocrx_word' id='word_1_151' title='bbox 753 1551 871 1589; x_wconf 85' lang='lat' dir='ltr'><strong>Voffii</strong></span> <span class='ocrx_word' id='word_1_152' title='bbox 885 1551 1145 1599; x_wconf 79' lang='lat' dir='ltr'><strong>Excerpta‚ut</strong></span> <span class='ocrx_word' id='word_1_153' title='bbox 1158 1548 1224 1586; x_wconf 89' lang='lat' dir='ltr'><strong>inf.</strong></span> 
     </span>
     <span class='ocr_line' id='line_1_24' title="bbox 177 1606 667 1657; baseline -0.014 -9"><span class='ocrx_word' id='word_1_154' title='bbox 177 1610 268 1648; x_wconf 83' lang='lat' dir='ltr'><strong>vers.</strong></span> <span class='ocrx_word' id='word_1_155' title='bbox 282 1611 368 1657; x_wconf 77' lang='lat'><strong>639.</strong></span> <span class='ocrx_word' id='word_1_156' title='bbox 398 1609 436 1645; x_wconf 84' lang='lat'>&amp;</span> <span class='ocrx_word' id='word_1_157' title='bbox 458 1606 560 1654; x_wconf 86' lang='lat' dir='ltr'><strong>supra</strong></span> <span class='ocrx_word' id='word_1_158' title='bbox 585 1617 667 1654; x_wconf 82' lang='lat'>130.</span> 
     </span>
    </p>

    <p class='ocr_par' dir='ltr' id='par_1_9' title="bbox 172 1649 1233 2608">
     <span class='ocr_line' id='line_1_25' title="bbox 228 1649 1225 1705; baseline -0.01 -7"><span class='ocrx_word' id='word_1_159' title='bbox 228 1660 313 1705; x_wconf 75' lang='lat'>285.</span> <span class='ocrx_word' id='word_1_160' title='bbox 342 1658 569 1700; x_wconf 82' lang='lat' dir='ltr'><strong>Germanice,</strong></span> <span class='ocrx_word' id='word_1_161' title='bbox 591 1654 701 1704; x_wconf 77' lang='lat' dir='ltr'><strong>caussa</strong></span> <span class='ocrx_word' id='word_1_162' title='bbox 725 1652 925 1704; x_wconf 64' lang='lat' dir='ltr'><strong>triumphi]</strong></span> <span class='ocrx_word' id='word_1_163' title='bbox 942 1652 1048 1690; x_wconf 89' lang='lat' dir='ltr'><strong>Haec</strong></span> <span class='ocrx_word' id='word_1_164' title='bbox 1069 1649 1225 1689; x_wconf 67' lang='lat' dir='ltr'><strong>vi&amp;oria</strong></span> 
     </span>
     <span class='ocr_line' id='line_1_26' title="bbox 175 1702 1226 1757; baseline -0.009 -9"><span class='ocrx_word' id='word_1_165' title='bbox 175 1709 510 1757; x_wconf 64' lang='grc' dir='ltr'><strong><em>ἄνκμφισβητῆτως</em></strong></span> <span class='ocrx_word' id='word_1_166' title='bbox 533 1706 673 1744; x_wconf 79' lang='lat' dir='ltr'><strong>Caesari</strong></span> <span class='ocrx_word' id='word_1_167' title='bbox 694 1706 943 1748; x_wconf 84' lang='lat' dir='ltr'><strong>Germanico,</strong></span> <span class='ocrx_word' id='word_1_168' title='bbox 969 1714 1046 1741; x_wconf 89' lang='lat' dir='ltr'><strong>non</strong></span> <span class='ocrx_word' id='word_1_169' title='bbox 1070 1702 1226 1740; x_wconf 90' lang='lat' dir='ltr'><strong>Tiberio</strong></span> 
     </span>
     <span class='ocr_line' id='line_1_27' title="bbox 179 1752 1226 1802; baseline -0.011 -3"><span class='ocrx_word' id='word_1_170' title='bbox 179 1761 297 1799; x_wconf 85' lang='lat' dir='ltr'><strong>datur.</strong></span> <span class='ocrx_word' id='word_1_171' title='bbox 334 1760 488 1798; x_wconf 85' lang='lat' dir='ltr'><strong>Tacitus</strong></span> <span class='ocrx_word' id='word_1_172' title='bbox 510 1757 643 1794; x_wconf 87' lang='lat' dir='ltr'><strong>Annali</strong></span> <span class='ocrx_word' id='word_1_173' title='bbox 666 1769 711 1792; x_wconf 89' lang='lat'><strong>11.</strong></span> <span class='ocrx_word' id='word_1_174' title='bbox 746 1761 788 1792; x_wconf 87' lang='lat' dir='ltr'><strong>C.</strong></span> <span class='ocrx_word' id='word_1_175' title='bbox 809 1754 920 1792; x_wconf 86' lang='lat' dir='ltr'><strong>Coelio</strong></span> <span class='ocrx_word' id='word_1_176' title='bbox 935 1782 945 1798; x_wconf 90' lang='lat'>,</span> <span class='ocrx_word' id='word_1_177' title='bbox 983 1759 1022 1789; x_wconf 90' lang='lat' dir='ltr'><strong>L.</strong></span> <span class='ocrx_word' id='word_1_178' title='bbox 1045 1752 1226 1802; x_wconf 79' lang='lat' dir='ltr'><strong>Pomponio</strong></span> 
     </span>
     <span class='ocr_line' id='line_1_28' title="bbox 180 1804 1227 1859; baseline -0.009 -10"><span class='ocrx_word' id='word_1_179' title='bbox 180 1811 264 1859; x_wconf 74' lang='lat' dir='ltr'><strong>Coffl</strong></span> <span class='ocrx_word' id='word_1_180' title='bbox 287 1810 513 1848; x_wconf 80' lang='lat' dir='ltr'><strong>Germanicus</strong></span> <span class='ocrx_word' id='word_1_181' title='bbox 526 1809 636 1855; x_wconf 69' lang='lat' dir='ltr'><strong>Cesar</strong></span> <span class='ocrx_word' id='word_1_182' title='bbox 657 1810 706 1843; x_wconf 91' lang='lat' dir='ltr'><strong>A.</strong></span> <span class='ocrx_word' id='word_1_183' title='bbox 722 1811 769 1843; x_wconf 88' lang='lat' dir='ltr'><strong>D.</strong></span> <span class='ocrx_word' id='word_1_184' title='bbox 789 1817 861 1843; x_wconf 79' lang='lat' dir='ltr'><strong>vn.</strong></span> <span class='ocrx_word' id='word_1_185' title='bbox 890 1804 1070 1842; x_wconf 82' lang='lat' dir='ltr'><strong>Kalendas</strong></span> <span class='ocrx_word' id='word_1_186' title='bbox 1090 1804 1227 1850; x_wconf 78' lang='lat' dir='ltr'><strong>Junias</strong></span> 
     </span>
     <span class='ocr_line' id='line_1_29' title="bbox 179 1854 1228 1910; baseline -0.008 -11"><span class='ocrx_word' id='word_1_187' title='bbox 179 1861 419 1910; x_wconf 79' lang='lat' dir='ltr'><strong>triumphavit</strong></span> <span class='ocrx_word' id='word_1_188' title='bbox 438 1860 478 1897; x_wconf 87' lang='lat' dir='ltr'><strong>de</strong></span> <span class='ocrx_word' id='word_1_189' title='bbox 497 1858 675 1905; x_wconf 80' lang='lat' dir='ltr'><em>Cheruscis</em></span> <span class='ocrx_word' id='word_1_190' title='bbox 696 1856 904 1907; x_wconf 78' lang='lat' dir='ltr'><strong>Chattisque</strong></span> <span class='ocrx_word' id='word_1_191' title='bbox 919 1868 963 1895; x_wconf 65' lang='grc' dir='ltr'><strong>ω’</strong></span> <span class='ocrx_word' id='word_1_192' title='bbox 980 1854 1228 1904; x_wconf 82' lang='lat' dir='ltr'><strong>Angrivariis,</strong></span> 
     </span>
     <span class='ocr_line' id='line_1_30' title="bbox 180 1906 1228 1962; baseline -0.007 -13"><span class='ocrx_word' id='word_1_193' title='bbox 180 1926 335 1962; x_wconf 86' lang='lat' dir='ltr'><strong>quaeque</strong></span> <span class='ocrx_word' id='word_1_194' title='bbox 357 1912 448 1948; x_wconf 84' lang='lat' dir='ltr'><strong>aliae</strong></span> <span class='ocrx_word' id='word_1_195' title='bbox 469 1909 625 1947; x_wconf 85' lang='lat' dir='ltr'><strong>nationes</strong></span> <span class='ocrx_word' id='word_1_196' title='bbox 640 1921 745 1956; x_wconf 86' lang='lat' dir='ltr'><strong>usque</strong></span> <span class='ocrx_word' id='word_1_197' title='bbox 761 1908 809 1943; x_wconf 84' lang='lat' dir='ltr'><strong>ad</strong></span> <span class='ocrx_word' id='word_1_198' title='bbox 823 1907 949 1944; x_wconf 88' lang='lat' dir='ltr'><strong>Albim</strong></span> <span class='ocrx_word' id='word_1_199' title='bbox 971 1906 1098 1943; x_wconf 72' lang='lat' dir='ltr'><strong>colunt.</strong></span> <span class='ocrx_word' id='word_1_200' title='bbox 1127 1908 1228 1943; x_wconf 66' lang='lat' dir='ltr'><strong>Vebia</strong></span> 
     </span>
     <span class='ocr_line' id='line_1_31' title="bbox 172 1955 1226 2012; baseline -0.007 -12"><span class='ocrx_word' id='word_1_201' title='bbox 172 1963 284 2012; x_wconf 74' lang='lat' dir='ltr'><strong>spolia</strong></span> <span class='ocrx_word' id='word_1_202' title='bbox 308 1991 318 2008; x_wconf 91' lang='lat'><strong>‚</strong></span> <span class='ocrx_word' id='word_1_203' title='bbox 355 1961 485 2012; x_wconf 70' lang='lat' dir='ltr'><strong>mptivi</strong></span> <span class='ocrx_word' id='word_1_204' title='bbox 505 1989 513 2002; x_wconf 90' lang='lat'><strong><em>‚</em></strong></span> <span class='ocrx_word' id='word_1_205' title='bbox 548 1959 742 2008; x_wconf 80' lang='lat' dir='ltr'><strong>fimulacra</strong></span> <span class='ocrx_word' id='word_1_206' title='bbox 771 1958 944 1995; x_wconf 76' lang='lat' dir='ltr'><strong>montium</strong></span> <span class='ocrx_word' id='word_1_207' title='bbox 968 1986 977 2002; x_wconf 94' lang='lat'>,</span> <span class='ocrx_word' id='word_1_208' title='bbox 1013 1955 1226 2005; x_wconf 76' lang='lat' dir='ltr'><strong>fluminum,</strong></span> 
     </span>
     <span class='ocr_line' id='line_1_32' title="bbox 174 2008 1228 2063; baseline -0.008 -12"><span class='ocrx_word' id='word_1_209' title='bbox 174 2014 388 2063; x_wconf 80' lang='lat' dir='ltr'><strong>praeliorum</strong></span> <span class='ocrx_word' id='word_1_210' title='bbox 402 2030 412 2050; x_wconf 88' lang='grc'><strong>.-</strong></span> <span class='ocrx_word' id='word_1_211' title='bbox 434 2011 628 2060; x_wconf 72' lang='lat' dir='ltr'><strong>bellumque</strong></span> <span class='ocrx_word' id='word_1_212' title='bbox 641 2039 651 2055; x_wconf 87' lang='lat'>‚</span> <span class='ocrx_word' id='word_1_213' title='bbox 678 2009 760 2060; x_wconf 83' lang='lat' dir='ltr'><strong>quia</strong></span> <span class='ocrx_word' id='word_1_214' title='bbox 770 2009 924 2056; x_wconf 84' lang='lat' dir='ltr'><strong>conficere</strong></span> <span class='ocrx_word' id='word_1_215' title='bbox 938 2008 1131 2057; x_wconf 84' lang='lat' dir='ltr'><strong>prohibitus</strong></span> <span class='ocrx_word' id='word_1_216' title='bbox 1139 2018 1228 2053; x_wconf 82' lang='lat' dir='ltr'><strong>erat,</strong></span> 
     </span>
     <span class='ocr_line' id='line_1_33' title="bbox 179 2059 1229 2114; baseline -0.007 -12"><span class='ocrx_word' id='word_1_217' title='bbox 179 2075 240 2114; x_wconf 86' lang='lat' dir='ltr'><strong>pro</strong></span> <span class='ocrx_word' id='word_1_218' title='bbox 267 2067 410 2111; x_wconf 65' lang='lat' dir='ltr'><strong>confer&#39;lo</strong></span> <span class='ocrx_word' id='word_1_219' title='bbox 432 2062 670 2110; x_wconf 70' lang='lat' dir='ltr'><em>accipiebatur.</em></span> <span class='ocrx_word' id='word_1_220' title='bbox 714 2060 859 2108; x_wconf 74' lang='lat' dir='ltr'><strong>augebat</strong></span> <span class='ocrx_word' id='word_1_221' title='bbox 886 2059 1103 2096; x_wconf 83' lang='lat' dir='ltr'><strong>intuentium</strong></span> <span class='ocrx_word' id='word_1_222' title='bbox 1133 2059 1229 2104; x_wconf 81' lang='lat' dir='ltr'><strong>visus</strong></span> 
     </span>
     <span class='ocr_line' id='line_1_34' title="bbox 180 2110 1226 2163; baseline -0.005 -11"><span class='ocrx_word' id='word_1_223' title='bbox 180 2116 313 2152; x_wconf 79' lang='lat' dir='ltr'><strong>eximia</strong></span> <span class='ocrx_word' id='word_1_224' title='bbox 327 2114 425 2163; x_wconf 71' lang='lat' dir='ltr'><strong>ipsius</strong></span> <span class='ocrx_word' id='word_1_225' title='bbox 434 2113 554 2163; x_wconf 80' lang='lat' dir='ltr'><strong>species</strong></span> <span class='ocrx_word' id='word_1_226' title='bbox 567 2141 576 2156; x_wconf 91' lang='lat'>‚</span> <span class='ocrx_word' id='word_1_227' title='bbox 590 2125 776 2161; x_wconf 82' lang='lat' dir='ltr'><strong>currusque</strong></span> <span class='ocrx_word' id='word_1_228' title='bbox 786 2111 936 2159; x_wconf 81' lang='lat' dir='ltr'><strong>quinque</strong></span> <span class='ocrx_word' id='word_1_229' title='bbox 947 2110 1062 2147; x_wconf 85' lang='lat' dir='ltr'><strong>liberis</strong></span> <span class='ocrx_word' id='word_1_230' title='bbox 1079 2110 1226 2160; x_wconf 78' lang='lat' dir='ltr'><strong>onustus.</strong></span> 
     </span>
     <span class='ocr_line' id='line_1_35' title="bbox 181 2160 1230 2210; baseline -0.006 -6"><span class='ocrx_word' id='word_1_231' title='bbox 181 2165 267 2204; x_wconf 83' lang='lat' dir='ltr'>Fuit</span> <span class='ocrx_word' id='word_1_232' title='bbox 283 2166 357 2203; x_wconf 89' lang='grc'>1100</span> <span class='ocrx_word' id='word_1_233' title='bbox 377 2177 475 2203; x_wconf 85' lang='lat' dir='ltr'><strong>anno</strong></span> <span class='ocrx_word' id='word_1_234' title='bbox 500 2176 682 2201; x_wconf 68' lang='lat' dir='ltr'><strong>Dcctxxx.</strong></span> <span class='ocrx_word' id='word_1_235' title='bbox 710 2160 806 2199; x_wconf 72' lang='lat' dir='ltr'><strong>maie</strong></span> <span class='ocrx_word' id='word_1_236' title='bbox 826 2161 923 2210; x_wconf 88' lang='lat' dir='ltr'><strong>apud</strong></span> <span class='ocrx_word' id='word_1_237' title='bbox 945 2160 1145 2200; x_wconf 88' lang='lat' dir='ltr'><strong>Eusebium</strong></span> <span class='ocrx_word' id='word_1_238' title='bbox 1165 2172 1230 2198; x_wconf 85' lang='lat' dir='ltr'><strong>an-</strong></span> 
     </span>
     <span class='ocr_line' id='line_1_36' title="bbox 182 2211 1231 2263; baseline -0.006 -8"><span class='ocrx_word' id='word_1_239' title='bbox 182 2228 235 2254; x_wconf 87' lang='lat' dir='ltr'><strong>no</strong></span> <span class='ocrx_word' id='word_1_240' title='bbox 260 2230 288 2254; x_wconf 80' lang='lat' dir='ltr'>M</span> <span class='ocrx_word' id='word_1_241' title='bbox 301 2230 328 2255; x_wconf 82' lang='lat' dir='ltr'>M</span> <span class='ocrx_word' id='word_1_242' title='bbox 344 2229 364 2254; x_wconf 86' lang='lat' dir='ltr'>x</span> <span class='ocrx_word' id='word_1_243' title='bbox 378 2228 398 2253; x_wconf 88' lang='lat' dir='ltr'>x</span> <span class='ocrx_word' id='word_1_244' title='bbox 413 2229 434 2254; x_wconf 80' lang='lat' dir='ltr'>x</span> <span class='ocrx_word' id='word_1_245' title='bbox 448 2229 460 2253; x_wconf 87' lang='lat'>1</span> <span class='ocrx_word' id='word_1_246' title='bbox 474 2229 487 2252; x_wconf 92' lang='lat'>1</span> <span class='ocrx_word' id='word_1_247' title='bbox 500 2229 526 2252; x_wconf 86' lang='lat'><strong>1.</strong></span> <span class='ocrx_word' id='word_1_248' title='bbox 561 2223 702 2263; x_wconf 86' lang='lat' dir='ltr'><strong>praeter</strong></span> <span class='ocrx_word' id='word_1_249' title='bbox 730 2213 836 2250; x_wconf 89' lang='lat' dir='ltr'><strong>unius</strong></span> <span class='ocrx_word' id='word_1_250' title='bbox 859 2213 945 2250; x_wconf 84' lang='lat' dir='ltr'><strong>anni</strong></span> <span class='ocrx_word' id='word_1_251' title='bbox 967 2211 1231 2250; x_wconf 83' lang='lat' dir='ltr'><strong>metachronis-</strong></span> 
     </span>
     <span class='ocr_line' id='line_1_37' title="bbox 183 2262 1231 2316; baseline -0.006 -11"><span class='ocrx_word' id='word_1_252' title='bbox 183 2278 290 2305; x_wconf 84' lang='lat' dir='ltr'><strong>mum</strong></span> <span class='ocrx_word' id='word_1_253' title='bbox 306 2296 316 2312; x_wconf 92' lang='lat'><strong>,</strong></span> <span class='ocrx_word' id='word_1_254' title='bbox 345 2267 474 2316; x_wconf 83' lang='lat' dir='ltr'><strong>legitur</strong></span> <span class='ocrx_word' id='word_1_255' title='bbox 503 2278 569 2314; x_wconf 87' lang='lat' dir='ltr'><strong>pro</strong></span> <span class='ocrx_word' id='word_1_256' title='bbox 600 2263 766 2308; x_wconf 84' lang='lat' dir='ltr'><strong>Chattis,</strong></span> <span class='ocrx_word' id='word_1_257' title='bbox 793 2263 1020 2300; x_wconf 82' lang='lat' dir='ltr'><strong>Germanicus</strong></span> <span class='ocrx_word' id='word_1_258' title='bbox 1039 2262 1167 2311; x_wconf 81' lang='lat' dir='ltr'><strong>Caesar</strong></span> <span class='ocrx_word' id='word_1_259' title='bbox 1190 2263 1231 2299; x_wconf 69' lang='lat' dir='ltr'><strong>(Ie</strong></span> 
     </span>
     <span class='ocr_line' id='line_1_38' title="bbox 183 2313 1233 2367; baseline -0.004 -12"><span class='ocrx_word' id='word_1_260' title='bbox 183 2317 329 2355; x_wconf 83' lang='lat' dir='ltr'><strong>Parthis</strong></span> <span class='ocrx_word' id='word_1_261' title='bbox 351 2317 601 2367; x_wconf 79' lang='lat' dir='ltr'><strong>triumphavit.</strong></span> <span class='ocrx_word' id='word_1_262' title='bbox 628 2315 740 2353; x_wconf 87' lang='lat' dir='ltr'><strong>Nunc</strong></span> <span class='ocrx_word' id='word_1_263' title='bbox 759 2314 949 2352; x_wconf 83' lang='lat' dir='ltr'><strong>videamus</strong></span> <span class='ocrx_word' id='word_1_264' title='bbox 963 2341 972 2358; x_wconf 94' lang='lat'>‚</span> <span class='ocrx_word' id='word_1_265' title='bbox 1001 2325 1046 2351; x_wconf 89' lang='lat' dir='ltr'><strong>an</strong></span> <span class='ocrx_word' id='word_1_266' title='bbox 1070 2313 1233 2362; x_wconf 88' lang='lat' dir='ltr'><strong>potuerit</strong></span> 
     </span>
     <span class='ocr_line' id='line_1_39' title="bbox 188 2364 1233 2416; baseline -0.006 -9"><span class='ocrx_word' id='word_1_267' title='bbox 188 2369 325 2407; x_wconf 87' lang='lat' dir='ltr'><strong>Noster</strong></span> <span class='ocrx_word' id='word_1_268' title='bbox 341 2369 451 2416; x_wconf 85' lang='lat' dir='ltr'><strong>hujus</strong></span> <span class='ocrx_word' id='word_1_269' title='bbox 478 2367 654 2405; x_wconf 62' lang='lat' dir='ltr'><strong>vietoriae</strong></span> <span class='ocrx_word' id='word_1_270' title='bbox 672 2364 880 2403; x_wconf 77' lang='lat' dir='ltr'><strong>meminisse</strong></span> <span class='ocrx_word' id='word_1_271' title='bbox 902 2393 912 2409; x_wconf 90' lang='lat'><em>‚</em></span> <span class='ocrx_word' id='word_1_272' title='bbox 941 2364 1026 2403; x_wconf 79' lang='lat' dir='ltr'><strong>cum</strong></span> <span class='ocrx_word' id='word_1_273' title='bbox 1050 2365 1233 2414; x_wconf 88' lang='lat' dir='ltr'><strong>plerisque</strong></span> 
     </span>
     <span class='ocr_line' id='line_1_40' title="bbox 185 2414 1233 2465; baseline -0.004 -9"><span class='ocrx_word' id='word_1_274' title='bbox 185 2430 236 2456; x_wconf 87' lang='lat' dir='ltr'><strong>eo</strong></span> <span class='ocrx_word' id='word_1_275' title='bbox 258 2429 357 2456; x_wconf 83' lang='lat' dir='ltr'><strong>anno</strong></span> <span class='ocrx_word' id='word_1_276' title='bbox 378 2419 419 2456; x_wconf 91' lang='lat' dir='ltr'><strong>fit</strong></span> <span class='ocrx_word' id='word_1_277' title='bbox 452 2427 629 2457; x_wconf 88' lang='lat' dir='ltr'><strong>mortuus.</strong></span> <span class='ocrx_word' id='word_1_278' title='bbox 655 2428 803 2465; x_wconf 85' lang='lat' dir='ltr'><strong>nugae:</strong></span> <span class='ocrx_word' id='word_1_279' title='bbox 839 2428 925 2454; x_wconf 86' lang='lat' dir='ltr'><strong>nam</strong></span> <span class='ocrx_word' id='word_1_280' title='bbox 953 2416 1026 2464; x_wconf 88' lang='lat' dir='ltr'><strong>ipse</strong></span> <span class='ocrx_word' id='word_1_281' title='bbox 1056 2423 1159 2453; x_wconf 87' lang='lat' dir='ltr'><strong>natus</strong></span> <span class='ocrx_word' id='word_1_282' title='bbox 1189 2414 1233 2452; x_wconf 89' lang='lat' dir='ltr'><strong>ab</strong></span> 
     </span>
     <span class='ocr_line' id='line_1_41' title="bbox 187 2465 1233 2508; baseline -0.003 -3"><span class='ocrx_word' id='word_1_283' title='bbox 187 2469 238 2506; x_wconf 90' lang='lat' dir='ltr'><strong>V.</strong></span> <span class='ocrx_word' id='word_1_284' title='bbox 263 2470 309 2506; x_wconf 92' lang='lat' dir='ltr'><strong>C.</strong></span> <span class='ocrx_word' id='word_1_285' title='bbox 336 2480 435 2507; x_wconf 87' lang='lat' dir='ltr'><strong>anno</strong></span> <span class='ocrx_word' id='word_1_286' title='bbox 457 2481 575 2508; x_wconf 80' lang='lat' dir='ltr'><strong>nccx.</strong></span> <span class='ocrx_word' id='word_1_287' title='bbox 605 2469 732 2505; x_wconf 87' lang='lat' dir='ltr'><strong>Hirtio</strong></span> <span class='ocrx_word' id='word_1_288' title='bbox 754 2468 791 2504; x_wconf 74' lang='grc' dir='ltr'><strong>δε</strong></span> <span class='ocrx_word' id='word_1_289' title='bbox 813 2466 924 2504; x_wconf 70' lang='lat' dir='ltr'><strong>Pansa</strong></span> <span class='ocrx_word' id='word_1_290' title='bbox 936 2465 1036 2504; x_wconf 69' lang='lat' dir='ltr'><strong>Cofl&#39;.</strong></span> <span class='ocrx_word' id='word_1_291' title='bbox 1049 2467 1105 2503; x_wconf 87' lang='lat' dir='ltr'><strong>cui</strong></span> <span class='ocrx_word' id='word_1_292' title='bbox 1126 2467 1233 2503; x_wconf 86' lang='lat' dir='ltr'><strong>chro-</strong></span> 
     </span>
     <span class='ocr_line' id='line_1_42' title="bbox 186 2516 1232 2569; baseline -0.003 -12"><span class='ocrx_word' id='word_1_293' title='bbox 186 2519 330 2569; x_wconf 82' lang='lat' dir='ltr'><strong>nologo</strong></span> <span class='ocrx_word' id='word_1_294' title='bbox 353 2521 422 2558; x_wconf 83' lang='lat' dir='ltr'><strong>hac</strong></span> <span class='ocrx_word' id='word_1_295' title='bbox 435 2519 527 2558; x_wconf 87' lang='lat' dir='ltr'><strong>dere</strong></span> <span class='ocrx_word' id='word_1_296' title='bbox 539 2519 625 2556; x_wconf 85' lang='lat' dir='ltr'><strong>fides</strong></span> <span class='ocrx_word' id='word_1_297' title='bbox 639 2546 649 2561; x_wconf 91' lang='lat'><strong><em>‚</em></strong></span> <span class='ocrx_word' id='word_1_298' title='bbox 674 2518 740 2555; x_wconf 88' lang='lat' dir='ltr'><strong>nifi</strong></span> <span class='ocrx_word' id='word_1_299' title='bbox 753 2517 895 2566; x_wconf 78' lang='lat' dir='ltr'><strong>ipsimet</strong></span> <span class='ocrx_word' id='word_1_300' title='bbox 908 2517 1048 2555; x_wconf 88' lang='lat' dir='ltr'><strong>Nasoni</strong></span> <span class='ocrx_word' id='word_1_301' title='bbox 1064 2516 1232 2555; x_wconf 83' lang='lat' dir='ltr'><strong>habea-m.</strong></span> 
     </span>
     <span class='ocr_line' id='line_1_43' title="bbox 190 2568 750 2608; baseline -0.002 -3"><span class='ocrx_word' id='word_1_302' title='bbox 190 2568 239 2606; x_wconf 81' lang='lat' dir='ltr'><strong>fic</strong></span> <span class='ocrx_word' id='word_1_303' title='bbox 259 2570 374 2606; x_wconf 82' lang='lat' dir='ltr'><strong>scribit</strong></span> <span class='ocrx_word' id='word_1_304' title='bbox 395 2571 455 2608; x_wconf 78' lang='lat' dir='ltr'><strong>lib.</strong></span> <span class='ocrx_word' id='word_1_305' title='bbox 478 2582 529 2608; x_wconf 80' lang='lat' dir='ltr'><strong>xv.</strong></span> <span class='ocrx_word' id='word_1_306' title='bbox 551 2569 750 2607; x_wconf 82' lang='lat' dir='ltr'><strong>Triflium:</strong></span> 
     </span>
    </p>

    <p class='ocr_par' dir='ltr' id='par_1_10' title="bbox 243 2616 1232 2667">
     <span class='ocr_line' id='line_1_44' title="bbox 243 2616 1232 2667; baseline -0.001 -13"><span class='ocrx_word' id='word_1_307' title='bbox 243 2619 369 2655; x_wconf 84' lang='lat' dir='ltr'><strong>Editus</strong></span> <span class='ocrx_word' id='word_1_308' title='bbox 389 2619 468 2655; x_wconf 81' lang='lat' dir='ltr'><strong>hinc</strong></span> <span class='ocrx_word' id='word_1_309' title='bbox 487 2635 539 2667; x_wconf 84' lang='lat' dir='ltr'><strong>ego</strong></span> <span class='ocrx_word' id='word_1_310' title='bbox 556 2621 637 2666; x_wconf 79' lang='lat' dir='ltr'><strong>sam</strong></span> <span class='ocrx_word' id='word_1_311' title='bbox 651 2648 661 2663; x_wconf 94' lang='lat'><strong>,</strong></span> <span class='ocrx_word' id='word_1_312' title='bbox 689 2632 747 2654; x_wconf 82' lang='lat' dir='ltr'><strong>nec</strong></span> <span class='ocrx_word' id='word_1_313' title='bbox 769 2631 836 2654; x_wconf 87' lang='lat' dir='ltr'><strong>non</strong></span> <span class='ocrx_word' id='word_1_314' title='bbox 849 2646 861 2662; x_wconf 92' lang='lat'><strong>,</strong></span> <span class='ocrx_word' id='word_1_315' title='bbox 887 2627 926 2654; x_wconf 86' lang='lat' dir='ltr'><strong>ut</strong></span> <span class='ocrx_word' id='word_1_316' title='bbox 942 2625 1096 2666; x_wconf 84' lang='lat' dir='ltr'><strong>tempora</strong></span> <span class='ocrx_word' id='word_1_317' title='bbox 1117 2616 1232 2661; x_wconf 82' lang='lat' dir='ltr'><strong>noris,</strong></span> 
     </span>
    </p>

    <p class='ocr_par' dir='ltr' id='par_1_11' title="bbox 191 2668 1243 3272">
     <span class='ocr_line' id='line_1_45' title="bbox 297 2668 1044 2716; baseline -0.008 -9"><span class='ocrx_word' id='word_1_318' title='bbox 297 2668 390 2707; x_wconf 68' lang='lat' dir='ltr'><strong>Cum</strong></span> <span class='ocrx_word' id='word_1_319' title='bbox 411 2670 529 2705; x_wconf 82' lang='lat' dir='ltr'><strong>cecidit</strong></span> <span class='ocrx_word' id='word_1_320' title='bbox 546 2671 625 2714; x_wconf 86' lang='lat' dir='ltr'><strong>fato</strong></span> <span class='ocrx_word' id='word_1_321' title='bbox 646 2668 774 2714; x_wconf 84' lang='lat' dir='ltr'><strong>Consul</strong></span> <span class='ocrx_word' id='word_1_322' title='bbox 795 2679 936 2716; x_wconf 80' lang='lat' dir='ltr'><strong>uterque</strong></span> <span class='ocrx_word' id='word_1_323' title='bbox 952 2668 1044 2714; x_wconf 87' lang='lat' dir='ltr'><strong>pari.</strong></span> 
     </span>
     <span class='ocr_line' id='line_1_46' title="bbox 191 2716 1234 2764; baseline -0.005 -6"><span class='ocrx_word' id='word_1_324' title='bbox 191 2721 296 2758; x_wconf 85' lang='lat' dir='ltr'><strong>Nota</strong></span> <span class='ocrx_word' id='word_1_325' title='bbox 311 2719 466 2756; x_wconf 72' lang='lat' dir='ltr'><strong>historia.</strong></span> <span class='ocrx_word' id='word_1_326' title='bbox 496 2720 607 2757; x_wconf 89' lang='lat' dir='ltr'><strong>Nunc</strong></span> <span class='ocrx_word' id='word_1_327' title='bbox 627 2719 762 2760; x_wconf 86' lang='lat' dir='ltr'><strong>miror,</strong></span> <span class='ocrx_word' id='word_1_328' title='bbox 806 2728 882 2764; x_wconf 90' lang='lat' dir='ltr'><strong>quo</strong></span> <span class='ocrx_word' id='word_1_329' title='bbox 904 2716 1054 2753; x_wconf 63' lang='lat' dir='ltr'><strong>audiere</strong></span> <span class='ocrx_word' id='word_1_330' title='bbox 1081 2727 1234 2764; x_wconf 83' lang='lat' dir='ltr'><strong>magnus</strong></span> 
     </span>
     <span class='ocr_line' id='line_1_47' title="bbox 193 2765 1235 2819; baseline -0.004 -12"><span class='ocrx_word' id='word_1_331' title='bbox 193 2769 345 2819; x_wconf 84' lang='lat' dir='ltr'><strong>quidam</strong></span> <span class='ocrx_word' id='word_1_332' title='bbox 366 2770 493 2806; x_wconf 79' lang='lat' dir='ltr'><strong>Scottis</strong></span> <span class='ocrx_word' id='word_1_333' title='bbox 513 2770 549 2806; x_wconf 92' lang='lat' dir='ltr'><strong>in</strong></span> <span class='ocrx_word' id='word_1_334' title='bbox 569 2769 633 2806; x_wconf 88' lang='lat' dir='ltr'><strong>suo</strong></span> <span class='ocrx_word' id='word_1_335' title='bbox 656 2767 936 2815; x_wconf 85' lang='lat' dir='ltr'><strong>Chronoiogico</strong></span> <span class='ocrx_word' id='word_1_336' title='bbox 959 2777 1071 2814; x_wconf 85' lang='lat' dir='ltr'><strong>opere</strong></span> <span class='ocrx_word' id='word_1_337' title='bbox 1087 2765 1235 2813; x_wconf 82' lang='lat' dir='ltr'><strong>scripsit,</strong></span> 
     </span>
     <span class='ocr_line' id='line_1_48' title="bbox 192 2816 1236 2865; baseline -0.006 -7"><span class='ocrx_word' id='word_1_338' title='bbox 192 2820 332 2862; x_wconf 70' lang='lat' dir='ltr'><strong>Poetae</strong></span> <span class='ocrx_word' id='word_1_339' title='bbox 353 2820 510 2856; x_wconf 78' lang='lat' dir='ltr'><strong>nataiem</strong></span> <span class='ocrx_word' id='word_1_340' title='bbox 531 2831 627 2856; x_wconf 88' lang='lat' dir='ltr'><strong>anno</strong></span> <span class='ocrx_word' id='word_1_341' title='bbox 650 2829 792 2855; x_wconf 78' lang='lat' dir='ltr'><strong>nccxv.</strong></span> <span class='ocrx_word' id='word_1_342' title='bbox 821 2818 946 2865; x_wconf 76' lang='lat' dir='ltr'><strong>Appio</strong></span> <span class='ocrx_word' id='word_1_343' title='bbox 970 2816 1126 2853; x_wconf 86' lang='lat' dir='ltr'><strong>Claudio</strong></span> <span class='ocrx_word' id='word_1_344' title='bbox 1143 2817 1182 2853; x_wconf 87' lang='lat' dir='ltr'><strong>P.</strong></span> <span class='ocrx_word' id='word_1_345' title='bbox 1198 2817 1236 2853; x_wconf 91' lang='lat'>&amp;</span> 
     </span>
     <span class='ocr_line' id='line_1_49' title="bbox 196 2867 1237 2919; baseline -0.003 -11"><span class='ocrx_word' id='word_1_346' title='bbox 196 2871 242 2919; x_wconf 83' lang='lat' dir='ltr'><strong>C.</strong></span> <span class='ocrx_word' id='word_1_347' title='bbox 261 2870 439 2907; x_wconf 82' lang='lat' dir='ltr'><strong>Norbano</strong></span> <span class='ocrx_word' id='word_1_348' title='bbox 462 2870 592 2907; x_wconf 76' lang='lat' dir='ltr'><strong>Flacco</strong></span> <span class='ocrx_word' id='word_1_349' title='bbox 615 2868 713 2906; x_wconf 75' lang='lat' dir='ltr'><strong>Cois.</strong></span> <span class='ocrx_word' id='word_1_350' title='bbox 734 2867 792 2905; x_wconf 88' lang='lat' dir='ltr'><strong>sed</strong></span> <span class='ocrx_word' id='word_1_351' title='bbox 811 2867 903 2904; x_wconf 84' lang='lat' dir='ltr'><strong>haec</strong></span> <span class='ocrx_word' id='word_1_352' title='bbox 921 2867 1237 2913; x_wconf 82' lang='lat' dir='ltr'><strong>pertransennam.</strong></span> 
     </span>
     <span class='ocr_line' id='line_1_50' title="bbox 195 2917 1234 2962; baseline -0.005 -3"><span class='ocrx_word' id='word_1_353' title='bbox 195 2922 359 2959; x_wconf 85' lang='lat' dir='ltr'><strong>Mittitur</strong></span> <span class='ocrx_word' id='word_1_354' title='bbox 379 2922 415 2957; x_wconf 86' lang='grc'><strong>111</strong></span> <span class='ocrx_word' id='word_1_355' title='bbox 438 2921 588 2958; x_wconf 79' lang='lat' dir='ltr'><strong>exilium</strong></span> <span class='ocrx_word' id='word_1_356' title='bbox 613 2931 710 2956; x_wconf 81' lang='lat' dir='ltr'><strong>anno</strong></span> <span class='ocrx_word' id='word_1_357' title='bbox 732 2930 816 2956; x_wconf 77' lang='lat' dir='ltr'>Lxx.</span> <span class='ocrx_word' id='word_1_358' title='bbox 843 2917 959 2955; x_wconf 61' lang='lat' dir='ltr'><strong>solido</strong></span> <span class='ocrx_word' id='word_1_359' title='bbox 980 2918 1104 2955; x_wconf 86' lang='lat' dir='ltr'><strong>aetatis</strong></span> <span class='ocrx_word' id='word_1_360' title='bbox 1130 2917 1234 2962; x_wconf 82' lang='lat' dir='ltr'><strong>suae,</strong></span> 
     </span>
     <span class='ocr_line' id='line_1_51' title="bbox 199 2968 1237 3020; baseline -0.005 -11"><span class='ocrx_word' id='word_1_361' title='bbox 199 2980 239 3010; x_wconf 90' lang='lat' dir='ltr'><strong>ut</strong></span> <span class='ocrx_word' id='word_1_362' title='bbox 258 2971 424 3020; x_wconf 81' lang='lat' dir='ltr'><strong>supputat</strong></span> <span class='ocrx_word' id='word_1_363' title='bbox 453 2971 626 3018; x_wconf 80' lang='lat' dir='ltr'><strong>josephus</strong></span> <span class='ocrx_word' id='word_1_364' title='bbox 644 2970 800 3018; x_wconf 79' lang='lat' dir='ltr'><strong>Scaliger</strong></span> <span class='ocrx_word' id='word_1_365' title='bbox 819 2968 865 3006; x_wconf 86' lang='lat' dir='ltr'><strong>ad</strong></span> <span class='ocrx_word' id='word_1_366' title='bbox 883 2969 1101 3006; x_wconf 77' lang='lat' dir='ltr'><strong>Eusebium:</strong></span> <span class='ocrx_word' id='word_1_367' title='bbox 1131 2969 1167 3005; x_wconf 90' lang='lat' dir='ltr'><strong>in</strong></span> <span class='ocrx_word' id='word_1_368' title='bbox 1191 2979 1237 3005; x_wconf 88' lang='lat' dir='ltr'><strong>eo</strong></span> 
     </span>
     <span class='ocr_line' id='line_1_52' title="bbox 199 3018 1239 3066; baseline -0.003 -7"><span class='ocrx_word' id='word_1_369' title='bbox 199 3022 334 3066; x_wconf 69' lang='lat' dir='ltr'><strong>mansit</strong></span> <span class='ocrx_word' id='word_1_370' title='bbox 348 3032 464 3059; x_wconf 77' lang='lat' dir='ltr'><strong>annos</strong></span> <span class='ocrx_word' id='word_1_371' title='bbox 485 3033 506 3058; x_wconf 84' lang='lat' dir='ltr'>v</span> <span class='ocrx_word' id='word_1_372' title='bbox 522 3033 601 3058; x_wconf 87' lang='lat'>111.</span> <span class='ocrx_word' id='word_1_373' title='bbox 626 3020 687 3058; x_wconf 84' lang='lat' dir='ltr'><strong>sed</strong></span> <span class='ocrx_word' id='word_1_374' title='bbox 709 3019 845 3056; x_wconf 58' lang='lat' dir='ltr'><strong>ottavo</strong></span> <span class='ocrx_word' id='word_1_375' title='bbox 867 3019 1092 3062; x_wconf 81' lang='lat' dir='ltr'><strong>decedente,</strong></span> <span class='ocrx_word' id='word_1_376' title='bbox 1119 3018 1239 3056; x_wconf 87' lang='lat' dir='ltr'><strong>deces-</strong></span> 
     </span>
     <span class='ocr_line' id='line_1_53' title="bbox 198 3070 1241 3119; baseline -0.005 -8"><span class='ocrx_word' id='word_1_377' title='bbox 198 3073 241 3111; x_wconf 74' lang='lat' dir='ltr'><strong>sit</strong></span> <span class='ocrx_word' id='word_1_378' title='bbox 261 3073 369 3109; x_wconf 87' lang='lat' dir='ltr'><strong>etiam</strong></span> <span class='ocrx_word' id='word_1_379' title='bbox 386 3081 510 3109; x_wconf 76' lang='lat' dir='ltr'><strong>vatum</strong></span> <span class='ocrx_word' id='word_1_380' title='bbox 525 3070 825 3119; x_wconf 76' lang='lat' dir='ltr'><strong>ingeniosissimus</strong></span> <span class='ocrx_word' id='word_1_381' title='bbox 839 3081 936 3106; x_wconf 88' lang='lat' dir='ltr'><strong>anno</strong></span> <span class='ocrx_word' id='word_1_382' title='bbox 951 3070 1058 3106; x_wconf 82' lang='lat' dir='ltr'><strong>Urbis</strong></span> <span class='ocrx_word' id='word_1_383' title='bbox 1074 3081 1241 3106; x_wconf 71' lang='lat' dir='ltr'><strong>Dcctxx.</strong></span> 
     </span>
     <span class='ocr_line' id='line_1_54' title="bbox 194 3115 1243 3170; baseline -0.005 -10"><span class='ocrx_word' id='word_1_384' title='bbox 194 3115 313 3160; x_wconf 63' lang='lat' dir='ltr'><strong>Piene</strong></span> <span class='ocrx_word' id='word_1_385' title='bbox 350 3123 458 3169; x_wconf 78' lang='lat' dir='ltr'><strong>igitur</strong></span> <span class='ocrx_word' id='word_1_386' title='bbox 486 3123 607 3170; x_wconf 88' lang='lat' dir='ltr'><strong>potuit</strong></span> <span class='ocrx_word' id='word_1_387' title='bbox 642 3119 906 3168; x_wconf 86' lang='lat' dir='ltr'><strong>Ephemerides</strong></span> <span class='ocrx_word' id='word_1_388' title='bbox 947 3119 1109 3166; x_wconf 84' lang='lat' dir='ltr'><strong>ejusdem</strong></span> <span class='ocrx_word' id='word_1_389' title='bbox 1157 3120 1243 3156; x_wconf 83' lang='lat' dir='ltr'><strong>anni</strong></span> 
     </span>
     <span class='ocr_line' id='line_1_55' title="bbox 199 3169 1243 3221; baseline -0.004 -11"><span class='ocrx_word' id='word_1_390' title='bbox 199 3171 404 3221; x_wconf 72' lang='lat' dir='ltr'><strong>scriptitasse</strong></span> <span class='ocrx_word' id='word_1_391' title='bbox 427 3200 440 3216; x_wconf 88' lang='lat'>,</span> <span class='ocrx_word' id='word_1_392' title='bbox 485 3170 605 3210; x_wconf 77' lang='lat' dir='ltr'><strong>multo</strong></span> <span class='ocrx_word' id='word_1_393' title='bbox 635 3171 749 3219; x_wconf 81' lang='lat' dir='ltr'><strong>magis</strong></span> <span class='ocrx_word' id='word_1_394' title='bbox 783 3170 996 3207; x_wconf 82' lang='lat' dir='ltr'><strong>Germanici</strong></span> <span class='ocrx_word' id='word_1_395' title='bbox 1027 3169 1243 3214; x_wconf 62' lang='lat' dir='ltr'><strong>vietoriam,</strong></span> 
     </span>
     <span class='ocr_line' id='line_1_56' title="bbox 203 3220 1068 3272; baseline -0.006 -11"><span class='ocrx_word' id='word_1_396' title='bbox 203 3235 298 3272; x_wconf 78' lang='lat' dir='ltr'><strong>quae</strong></span> <span class='ocrx_word' id='word_1_397' title='bbox 315 3222 445 3261; x_wconf 85' lang='lat' dir='ltr'><strong>incidit</strong></span> <span class='ocrx_word' id='word_1_398' title='bbox 459 3224 494 3260; x_wconf 89' lang='lat' dir='ltr'><strong>in</strong></span> <span class='ocrx_word' id='word_1_399' title='bbox 518 3234 655 3260; x_wconf 84' lang='lat' dir='ltr'><strong>annum</strong></span> <span class='ocrx_word' id='word_1_400' title='bbox 679 3234 703 3258; x_wconf 85' lang='lat' dir='ltr'>D</span> <span class='ocrx_word' id='word_1_401' title='bbox 718 3232 740 3257; x_wconf 86' lang='lat' dir='ltr'><strong>c</strong></span> <span class='ocrx_word' id='word_1_402' title='bbox 753 3233 774 3258; x_wconf 91' lang='lat' dir='ltr'><strong>c</strong></span> <span class='ocrx_word' id='word_1_403' title='bbox 789 3234 807 3257; x_wconf 85' lang='grc'><strong>1.</strong></span> <span class='ocrx_word' id='word_1_404' title='bbox 822 3233 841 3257; x_wconf 83' lang='lat' dir='ltr'>x</span> <span class='ocrx_word' id='word_1_405' title='bbox 854 3233 868 3257; x_wconf 85' lang='lat'>1</span> <span class='ocrx_word' id='word_1_406' title='bbox 880 3233 913 3257; x_wconf 82' lang='lat' dir='ltr'><strong>x.</strong></span> <span class='ocrx_word' id='word_1_407' title='bbox 943 3220 1068 3257; x_wconf 63' lang='lat' dir='ltr'><strong>Nem.</strong></span> 
     </span>
    </p>

    <p class='ocr_par' dir='ltr' id='par_1_12' title="bbox 205 3270 1253 3374">
     <span class='ocr_line' id='line_1_57' title="bbox 254 3270 1244 3322; baseline -0.003 -11"><span class='ocrx_word' id='word_1_408' title='bbox 254 3274 341 3312; x_wconf 70' lang='lat'><strong>286.</strong></span> <span class='ocrx_word' id='word_1_409' title='bbox 369 3273 578 3311; x_wconf 76' lang='lat' dir='ltr'><strong>Tradiderat</strong></span> <span class='ocrx_word' id='word_1_410' title='bbox 590 3273 749 3320; x_wconf 79' lang='lat' dir='ltr'><strong>famulas</strong></span> <span class='ocrx_word' id='word_1_411' title='bbox 766 3273 848 3320; x_wconf 81' lang='lat' dir='ltr'><strong>jam</strong></span> <span class='ocrx_word' id='word_1_412' title='bbox 870 3270 934 3307; x_wconf 86' lang='lat' dir='ltr'><strong>tibi</strong></span> <span class='ocrx_word' id='word_1_413' title='bbox 952 3270 1244 3322; x_wconf 65' lang='lat' dir='ltr'><strong>Rhenusaquas]</strong></span> 
     </span>
     <span class='ocr_line' id='line_1_58' title="bbox 205 3319 1253 3374; baseline -0.002 -11"><span class='ocrx_word' id='word_1_414' title='bbox 205 3324 239 3363; x_wconf 64' lang='lat' dir='ltr'><strong>‘E</strong></span> <span class='ocrx_word' id='word_1_415' title='bbox 255 3325 360 3364; x_wconf 87' lang='lat' dir='ltr'><strong>bonis</strong></span> <span class='ocrx_word' id='word_1_416' title='bbox 380 3323 475 3364; x_wconf 85' lang='lat' dir='ltr'><strong>libris</strong></span> <span class='ocrx_word' id='word_1_417' title='bbox 495 3324 544 3363; x_wconf 85' lang='lat' dir='ltr'><strong>ita</strong></span> <span class='ocrx_word' id='word_1_418' title='bbox 561 3323 773 3374; x_wconf 79' lang='lat' dir='ltr'><strong>legendum.</strong></span> <span class='ocrx_word' id='word_1_419' title='bbox 819 3321 944 3374; x_wconf 56' lang='lat' dir='ltr'><strong>Alton</strong></span> <span class='ocrx_word' id='word_1_420' title='bbox 972 3327 1044 3362; x_wconf 82' lang='lat' dir='ltr'><strong>Nec</strong></span> <span class='ocrx_word' id='word_1_421' title='bbox 1053 3319 1122 3371; x_wconf 79' lang='lat' dir='ltr'><strong>fibi</strong></span> <span class='ocrx_word' id='word_1_422' title='bbox 1138 3330 1253 3372; x_wconf 57' lang='lat' dir='ltr'><strong>perpe:</strong></span> 
     </span>
    </p>
   </div>
   <div class='ocr_carea' id='block_1_5' title="bbox 2078 581 2318 650">
    <p class='ocr_par' dir='ltr' id='par_1_13' title="bbox 2078 581 2318 650">
     <span class='ocr_line' id='line_1_59' title="bbox 2078 581 2318 650; baseline 0.029 -15"><span class='ocrx_word' id='word_1_423' title='bbox 2078 581 2179 650; x_wconf 80' lang='lat'><strong>285</strong></span> <span class='ocrx_word' id='word_1_424' title='bbox 2204 584 2318 642; x_wconf 78' lang='lat' dir='ltr'><strong>Pax</strong></span> 
     </span>
    </p>
   </div>
   <div class='ocr_carea' id='block_1_6' title="bbox 1266 722 2324 1137">
    <p class='ocr_par' dir='ltr' id='par_1_14' title="bbox 1266 722 2323 781">
     <span class='ocr_line' id='line_1_60' title="bbox 1266 722 2323 781; baseline 0.004 -15"><span class='ocrx_word' id='word_1_425' title='bbox 1266 738 1326 766; x_wconf 85' lang='lat' dir='ltr'><strong>tuo</strong></span> <span class='ocrx_word' id='word_1_426' title='bbox 1339 726 1448 776; x_wconf 84' lang='lat' dir='ltr'><strong>serva</strong></span> <span class='ocrx_word' id='word_1_427' title='bbox 1468 722 1611 761; x_wconf 80' lang='lat' dir='ltr'><strong>bibatur</strong></span> <span class='ocrx_word' id='word_1_428' title='bbox 1627 735 1733 774; x_wconf 83' lang='lat' dir='ltr'><strong>aqua.</strong></span> <span class='ocrx_word' id='word_1_429' title='bbox 1755 725 1927 764; x_wconf 64' lang='lat' dir='ltr'><strong>Cxorm.</strong></span> <span class='ocrx_word' id='word_1_430' title='bbox 1958 725 2124 765; x_wconf 78' lang='lat' dir='ltr'><strong>Famulus</strong></span> <span class='ocrx_word' id='word_1_431' title='bbox 2143 727 2223 768; x_wconf 86' lang='lat' dir='ltr'><strong>libri</strong></span> <span class='ocrx_word' id='word_1_432' title='bbox 2243 731 2323 781; x_wconf 81' lang='lat' dir='ltr'><strong>ple-</strong></span> 
     </span>
    </p>

    <p class='ocr_par' dir='ltr' id='par_1_15' title="bbox 1266 775 2321 925">
     <span class='ocr_line' id='line_1_61' title="bbox 1266 775 2321 828; baseline -0.003 -11"><span class='ocrx_word' id='word_1_433' title='bbox 1266 780 1372 828; x_wconf 85' lang='lat' dir='ltr'><strong>rique</strong></span> <span class='ocrx_word' id='word_1_434' title='bbox 1391 784 1546 814; x_wconf 80' lang='lat' dir='ltr'><strong>veteres.</strong></span> <span class='ocrx_word' id='word_1_435' title='bbox 1574 775 1731 812; x_wconf 74' lang='lat' dir='ltr'><strong>Martial.</strong></span> <span class='ocrx_word' id='word_1_436' title='bbox 1749 776 1811 813; x_wconf 90' lang='lat' dir='ltr'><strong>lib.</strong></span> <span class='ocrx_word' id='word_1_437' title='bbox 1831 789 1884 814; x_wconf 87' lang='lat' dir='ltr'><strong>1x.</strong></span> <span class='ocrx_word' id='word_1_438' title='bbox 1902 789 1936 814; x_wconf 84' lang='lat'><strong>2.</strong></span> <span class='ocrx_word' id='word_1_439' title='bbox 2317 775 2321 778; x_wconf 51' lang='lat'><strong>⁴</strong></span> 
     </span>
     <span class='ocr_line' id='line_1_62' title="bbox 1319 825 2143 875; baseline 0.002 -10"><span class='ocrx_word' id='word_1_440' title='bbox 1319 834 1419 866; x_wconf 83' lang='lat' dir='ltr'><strong>Dum</strong></span> <span class='ocrx_word' id='word_1_441' title='bbox 1438 825 1570 875; x_wconf 81' lang='lat' dir='ltr'><strong>grande</strong></span> <span class='ocrx_word' id='word_1_442' title='bbox 1583 825 1717 871; x_wconf 83' lang='lat' dir='ltr'><strong>famuli</strong></span> <span class='ocrx_word' id='word_1_443' title='bbox 1740 839 1863 864; x_wconf 86' lang='lat' dir='ltr'><strong>nomen</strong></span> <span class='ocrx_word' id='word_1_444' title='bbox 1884 826 2014 875; x_wconf 73' lang='lat' dir='ltr'><strong>adseret</strong></span> <span class='ocrx_word' id='word_1_445' title='bbox 2031 829 2143 867; x_wconf 83' lang='lat' dir='ltr'><strong>Rheni</strong></span> 
     </span>
     <span class='ocr_line' id='line_1_63' title="bbox 1321 877 2126 925; baseline -0.001 -8"><span class='ocrx_word' id='word_1_446' title='bbox 1321 879 1616 917; x_wconf 83' lang='lat' dir='ltr'><strong>Germanicarum</strong></span> <span class='ocrx_word' id='word_1_447' title='bbox 1635 889 1763 925; x_wconf 81' lang='lat' dir='ltr'><strong>magna</strong></span> <span class='ocrx_word' id='word_1_448' title='bbox 1785 877 1849 914; x_wconf 82' lang='lat' dir='ltr'><strong>lux</strong></span> <span class='ocrx_word' id='word_1_449' title='bbox 1868 878 2126 918; x_wconf 79' lang='lat' dir='ltr'><strong>Kalendarum.</strong></span> 
     </span>
    </p>

    <p class='ocr_par' dir='ltr' id='par_1_16' title="bbox 1271 926 2324 983">
     <span class='ocr_line' id='line_1_64' title="bbox 1271 926 2324 983; baseline -0.004 -14"><span class='ocrx_word' id='word_1_450' title='bbox 1271 931 1328 969; x_wconf 91' lang='lat' dir='ltr'><strong>Sic</strong></span> <span class='ocrx_word' id='word_1_451' title='bbox 1350 931 1451 968; x_wconf 86' lang='lat' dir='ltr'><strong>idem</strong></span> <span class='ocrx_word' id='word_1_452' title='bbox 1462 926 1624 975; x_wconf 86' lang='lat' dir='ltr'><strong>famulas</strong></span> <span class='ocrx_word' id='word_1_453' title='bbox 1642 927 1718 975; x_wconf 82' lang='lat' dir='ltr'><strong>Istri</strong></span> <span class='ocrx_word' id='word_1_454' title='bbox 1737 941 1848 978; x_wconf 84' lang='lat' dir='ltr'><strong>aquas</strong></span> <span class='ocrx_word' id='word_1_455' title='bbox 1865 928 1955 967; x_wconf 86' lang='lat' dir='ltr'><strong>dixit</strong></span> <span class='ocrx_word' id='word_1_456' title='bbox 1972 929 2033 967; x_wconf 87' lang='lat' dir='ltr'><strong>lib.</strong></span> <span class='ocrx_word' id='word_1_457' title='bbox 2046 942 2083 968; x_wconf 91' lang='lat' dir='ltr'><strong>v.</strong></span> <span class='ocrx_word' id='word_1_458' title='bbox 2097 931 2213 983; x_wconf 67' lang='lat' dir='ltr'><strong>Ep,3‚</strong></span> <span class='ocrx_word' id='word_1_459' title='bbox 2239 935 2324 975; x_wconf 54' lang='lat' dir='ltr'><strong>Aug</strong></span> 
     </span>
    </p>

    <p class='ocr_par' dir='ltr' id='par_1_17' title="bbox 1270 976 2324 1137">
     <span class='ocr_line' id='line_1_65' title="bbox 1270 976 2322 1020; baseline -0.005 0"><span class='ocrx_word' id='word_1_460' title='bbox 1270 982 1393 1020; x_wconf 88' lang='lat' dir='ltr'><strong>sonius</strong></span> <span class='ocrx_word' id='word_1_461' title='bbox 1416 979 1593 1017; x_wconf 83' lang='lat' dir='ltr'><strong>Moseila:</strong></span> <span class='ocrx_word' id='word_1_462' title='bbox 2316 976 2322 981; x_wconf 82' lang='lat'>&#39;</span> 
     </span>
     <span class='ocr_line' id='line_1_66' title="bbox 1324 1029 2220 1080; baseline 0.003 -11"><span class='ocrx_word' id='word_1_463' title='bbox 1324 1038 1368 1069; x_wconf 86' lang='lat' dir='ltr'><strong>Te</strong></span> <span class='ocrx_word' id='word_1_464' title='bbox 1386 1032 1526 1080; x_wconf 76' lang='lat' dir='ltr'><strong>rapidus</strong></span> <span class='ocrx_word' id='word_1_465' title='bbox 1546 1029 1680 1075; x_wconf 85' lang='lat' dir='ltr'><strong>Gelbis,</strong></span> <span class='ocrx_word' id='word_1_466' title='bbox 1699 1040 1732 1068; x_wconf 84' lang='lat' dir='ltr'><strong>te</strong></span> <span class='ocrx_word' id='word_1_467' title='bbox 1753 1043 1926 1068; x_wconf 86' lang='lat' dir='ltr'><strong>marmore</strong></span> <span class='ocrx_word' id='word_1_468' title='bbox 1937 1031 2051 1068; x_wconf 85' lang='lat' dir='ltr'><strong>clarus</strong></span> <span class='ocrx_word' id='word_1_469' title='bbox 2064 1033 2220 1073; x_wconf 78' lang='lat' dir='ltr'><strong>Erubrtss</strong></span> 
     </span>
     <span class='ocr_line' id='line_1_67' title="bbox 1324 1080 2324 1137; baseline 0.006 -18"><span class='ocrx_word' id='word_1_470' title='bbox 1324 1083 1500 1130; x_wconf 82' lang='lat' dir='ltr'><strong>Festinant</strong></span> <span class='ocrx_word' id='word_1_471' title='bbox 1504 1080 1658 1127; x_wconf 85' lang='lat' dir='ltr'><strong>famulis</strong></span> <span class='ocrx_word' id='word_1_472' title='bbox 1677 1082 1938 1131; x_wconf 80' lang='lat' dir='ltr'><strong>quamprimum</strong></span> <span class='ocrx_word' id='word_1_473' title='bbox 1952 1083 2151 1123; x_wconf 83' lang='lat' dir='ltr'><strong>adlambere</strong></span> <span class='ocrx_word' id='word_1_474' title='bbox 2163 1086 2324 1137; x_wconf 71' lang='lat' dir='ltr'><strong>lymphis.</strong></span> 
     </span>
    </p>
   </div>
   <div class='ocr_carea' id='block_1_7' title="bbox 1274 1146 1704 1195">
    <p class='ocr_par' dir='ltr' id='par_1_18' title="bbox 1274 1146 1704 1195">
     <span class='ocr_line' id='line_1_68' title="bbox 1274 1146 1704 1195; baseline 0.002 -11"><span class='ocrx_word' id='word_1_475' title='bbox 1274 1146 1454 1192; x_wconf 86' lang='lat' dir='ltr'><strong>Rutilius,</strong></span> <span class='ocrx_word' id='word_1_476' title='bbox 1482 1146 1542 1184; x_wconf 84' lang='lat' dir='ltr'><strong>lib.</strong></span> <span class='ocrx_word' id='word_1_477' title='bbox 1568 1158 1600 1183; x_wconf 81' lang='grc'><strong>1.</strong></span> <span class='ocrx_word' id='word_1_478' title='bbox 1622 1158 1704 1195; x_wconf 79' lang='lat'>151.</span> 
     </span>
    </p>
   </div>
   <div class='ocr_carea' id='block_1_8' title="bbox 1326 1209 2160 1314">
    <p class='ocr_par' dir='ltr' id='par_1_19' title="bbox 1326 1209 2160 1314">
     <span class='ocr_line' id='line_1_69' title="bbox 1326 1209 2160 1262; baseline 0.006 -16"><span class='ocrx_word' id='word_1_479' title='bbox 1326 1209 1395 1258; x_wconf 76' lang='lat' dir='ltr'><strong>lpse</strong></span> <span class='ocrx_word' id='word_1_480' title='bbox 1413 1209 1625 1259; x_wconf 81' lang='lat' dir='ltr'><strong>triumphali</strong></span> <span class='ocrx_word' id='word_1_481' title='bbox 1643 1210 1826 1248; x_wconf 86' lang='lat' dir='ltr'><strong>redimitus</strong></span> <span class='ocrx_word' id='word_1_482' title='bbox 1844 1211 2017 1249; x_wconf 77' lang='lat' dir='ltr'><strong>arundine</strong></span> <span class='ocrx_word' id='word_1_483' title='bbox 2037 1212 2160 1262; x_wconf 66' lang='lat' dir='ltr'><strong>Tybris</strong></span> 
     </span>
     <span class='ocr_line' id='line_1_70' title="bbox 1377 1259 2154 1314; baseline 0.009 -19"><span class='ocrx_word' id='word_1_484' title='bbox 1377 1260 1549 1297; x_wconf 82' lang='lat' dir='ltr'><strong>Romuleis</strong></span> <span class='ocrx_word' id='word_1_485' title='bbox 1564 1259 1727 1310; x_wconf 83' lang='lat' dir='ltr'><strong>famulas</strong></span> <span class='ocrx_word' id='word_1_486' title='bbox 1752 1261 1905 1310; x_wconf 77' lang='lat' dir='ltr'><strong>claffibus</strong></span> <span class='ocrx_word' id='word_1_487' title='bbox 1924 1272 2016 1312; x_wconf 80' lang='lat' dir='ltr'><strong>aptet</strong></span> <span class='ocrx_word' id='word_1_488' title='bbox 2032 1278 2154 1314; x_wconf 82' lang='lat' dir='ltr'><strong>aquas.</strong></span> 
     </span>
    </p>
   </div>
   <div class='ocr_carea' id='block_1_9' title="bbox 1268 1318 2334 1774">
    <p class='ocr_par' dir='ltr' id='par_1_20' title="bbox 1268 1318 2328 1571">
     <span class='ocr_line' id='line_1_71' title="bbox 1275 1318 2327 1369; baseline 0.009 -12"><span class='ocrx_word' id='word_1_489' title='bbox 1275 1320 1350 1368; x_wconf 84' lang='lat' dir='ltr'><strong>pari</strong></span> <span class='ocrx_word' id='word_1_490' title='bbox 1371 1318 1488 1357; x_wconf 89' lang='lat' dir='ltr'><strong>modo</strong></span> <span class='ocrx_word' id='word_1_491' title='bbox 1502 1321 1676 1369; x_wconf 64' lang='lat' dir='ltr'><strong>Hydaspes</strong></span> <span class='ocrx_word' id='word_1_492' title='bbox 1687 1320 1852 1366; x_wconf 86' lang='lat' dir='ltr'><strong>famulus</strong></span> <span class='ocrx_word' id='word_1_493' title='bbox 1864 1322 2068 1360; x_wconf 83' lang='lat' dir='ltr'><strong>Claudiano</strong></span> <span class='ocrx_word' id='word_1_494' title='bbox 2081 1323 2201 1362; x_wconf 82' lang='lat' dir='ltr'><strong>Mallii</strong></span> <span class='ocrx_word' id='word_1_495' title='bbox 2213 1326 2327 1366; x_wconf 75' lang='lat' dir='ltr'><strong>Confi</strong></span> 
     </span>
     <span class='ocr_line' id='line_1_72' title="bbox 1277 1370 2325 1421; baseline 0.01 -15"><span class='ocrx_word' id='word_1_496' title='bbox 1277 1370 1336 1406; x_wconf 83' lang='lat'><strong>28.</strong></span> <span class='ocrx_word' id='word_1_497' title='bbox 1365 1372 1403 1407; x_wconf 70' lang='grc' dir='ltr'><strong>ὃ(</strong></span> <span class='ocrx_word' id='word_1_498' title='bbox 1424 1371 1590 1416; x_wconf 87' lang='lat' dir='ltr'><strong>famulus</strong></span> <span class='ocrx_word' id='word_1_499' title='bbox 1612 1374 1745 1419; x_wconf 79' lang='lat' dir='ltr'><strong>Ganges</strong></span> <span class='ocrx_word' id='word_1_500' title='bbox 1767 1384 1782 1408; x_wconf 92' lang='lat'>1</span> <span class='ocrx_word' id='word_1_501' title='bbox 1797 1384 1810 1409; x_wconf 85' lang='lat'><em>1</em></span> <span class='ocrx_word' id='word_1_502' title='bbox 1826 1385 1851 1409; x_wconf 88' lang='lat'><strong>1.</strong></span> <span class='ocrx_word' id='word_1_503' title='bbox 1888 1373 1997 1411; x_wconf 90' lang='lat' dir='ltr'><strong>Cons.</strong></span> <span class='ocrx_word' id='word_1_504' title='bbox 2019 1374 2184 1412; x_wconf 87' lang='lat' dir='ltr'><strong>Honorii</strong></span> <span class='ocrx_word' id='word_1_505' title='bbox 2199 1405 2209 1421; x_wconf 96' lang='lat'>‚</span> <span class='ocrx_word' id='word_1_506' title='bbox 2237 1389 2325 1417; x_wconf 86' lang='lat'><em>201.</em></span> 
     </span>
     <span class='ocr_line' id='line_1_73' title="bbox 1268 1420 2328 1476; baseline 0.009 -20"><span class='ocrx_word' id='word_1_507' title='bbox 1268 1420 1432 1467; x_wconf 87' lang='lat' dir='ltr'><strong>famulus</strong></span> <span class='ocrx_word' id='word_1_508' title='bbox 1464 1427 1607 1457; x_wconf 87' lang='lat' dir='ltr'><strong>Orontes</strong></span> <span class='ocrx_word' id='word_1_509' title='bbox 1643 1421 1798 1459; x_wconf 83' lang='lat' dir='ltr'><strong>Sidonio</strong></span> <span class='ocrx_word' id='word_1_510' title='bbox 1833 1422 2009 1471; x_wconf 83' lang='lat' dir='ltr'><strong>Panegyr.</strong></span> <span class='ocrx_word' id='word_1_511' title='bbox 2039 1426 2234 1465; x_wconf 82' lang='lat' dir='ltr'><strong>Anthemii</strong></span> <span class='ocrx_word' id='word_1_512' title='bbox 2265 1441 2328 1476; x_wconf 78' lang='lat'><strong>92.</strong></span> 
     </span>
     <span class='ocr_line' id='line_1_74' title="bbox 1276 1466 2328 1522; baseline 0.009 -13"><span class='ocrx_word' id='word_1_513' title='bbox 1276 1470 1455 1520; x_wconf 69' lang='lat' dir='ltr'><strong>Deserva</strong></span> <span class='ocrx_word' id='word_1_514' title='bbox 1467 1470 1563 1519; x_wconf 68' lang='lat' dir='ltr'><strong>aqud</strong></span> <span class='ocrx_word' id='word_1_515' title='bbox 1576 1499 1586 1516; x_wconf 93' lang='lat'><strong>,</strong></span> <span class='ocrx_word' id='word_1_516' title='bbox 1599 1472 1702 1520; x_wconf 88' lang='lat' dir='ltr'><strong>quod</strong></span> <span class='ocrx_word' id='word_1_517' title='bbox 1721 1473 1901 1510; x_wconf 78' lang='lat' dir='ltr'><strong>Ciofanus</strong></span> <span class='ocrx_word' id='word_1_518' title='bbox 1911 1473 1971 1510; x_wconf 89' lang='lat' dir='ltr'><strong>hic</strong></span> <span class='ocrx_word' id='word_1_519' title='bbox 1983 1476 2122 1522; x_wconf 83' lang='lat' dir='ltr'><strong>profert</strong></span> <span class='ocrx_word' id='word_1_520' title='bbox 2135 1503 2147 1521; x_wconf 88' lang='lat'>,</span> <span class='ocrx_word' id='word_1_521' title='bbox 2173 1478 2263 1516; x_wconf 88' lang='grc'>1111111</span> <span class='ocrx_word' id='word_1_522' title='bbox 2282 1466 2328 1518; x_wconf 64' lang='lat' dir='ltr'><strong>aid</strong></span> 
     </span>
     <span class='ocr_line' id='line_1_75' title="bbox 1277 1522 2053 1571; baseline 0.001 -11"><span class='ocrx_word' id='word_1_523' title='bbox 1277 1534 1355 1560; x_wconf 89' lang='lat' dir='ltr'><strong>rem</strong></span> <span class='ocrx_word' id='word_1_524' title='bbox 1375 1522 1473 1560; x_wconf 87' lang='lat' dir='ltr'><strong>facit.</strong></span> <span class='ocrx_word' id='word_1_525' title='bbox 1498 1522 1710 1560; x_wconf 69' lang='lat' dir='ltr'><strong>Hfimsxus.</strong></span> <span class='ocrx_word' id='word_1_526' title='bbox 1737 1523 1850 1571; x_wconf 83' lang='lat' dir='ltr'><strong>vulgo</strong></span> <span class='ocrx_word' id='word_1_527' title='bbox 1864 1551 1873 1566; x_wconf 95' lang='lat'>‚</span> <span class='ocrx_word' id='word_1_528' title='bbox 1893 1523 2053 1561; x_wconf 79' lang='lat' dir='ltr'><strong>domitas.</strong></span> 
     </span>
    </p>

    <p class='ocr_par' dir='ltr' id='par_1_21' title="bbox 1282 1572 2334 1774">
     <span class='ocr_line' id='line_1_76' title="bbox 1331 1572 2332 1622; baseline 0.008 -12"><span class='ocrx_word' id='word_1_529' title='bbox 1331 1573 1419 1619; x_wconf 88' lang='lat'><strong>287.</strong></span> <span class='ocrx_word' id='word_1_530' title='bbox 1447 1573 1549 1618; x_wconf 79' lang='lat' dir='ltr'><strong>Jane</strong></span> <span class='ocrx_word' id='word_1_531' title='bbox 1561 1600 1571 1617; x_wconf 92' lang='lat'>,</span> <span class='ocrx_word' id='word_1_532' title='bbox 1590 1575 1672 1620; x_wconf 76' lang='lat' dir='ltr'><strong>sace</strong></span> <span class='ocrx_word' id='word_1_533' title='bbox 1688 1572 1871 1622; x_wconf 64' lang='lat' dir='ltr'><strong>aeternos]</strong></span> <span class='ocrx_word' id='word_1_534' title='bbox 1891 1573 1949 1611; x_wconf 91' lang='lat' dir='ltr'><strong>Sic</strong></span> <span class='ocrx_word' id='word_1_535' title='bbox 1962 1574 2084 1612; x_wconf 80' lang='lat' dir='ltr'><strong>Ursini</strong></span> <span class='ocrx_word' id='word_1_536' title='bbox 2097 1575 2187 1616; x_wconf 87' lang='lat' dir='ltr'><strong>liber</strong></span> <span class='ocrx_word' id='word_1_537' title='bbox 2200 1589 2332 1618; x_wconf 85' lang='lat' dir='ltr'><strong>emen-</strong></span> 
     </span>
     <span class='ocr_line' id='line_1_77' title="bbox 1282 1623 2334 1675; baseline 0.007 -13"><span class='ocrx_word' id='word_1_538' title='bbox 1282 1624 1377 1662; x_wconf 87' lang='lat' dir='ltr'><strong>date.</strong></span> <span class='ocrx_word' id='word_1_539' title='bbox 1405 1624 1582 1662; x_wconf 70' lang='lat' dir='ltr'><strong>CeoFAN.</strong></span> <span class='ocrx_word' id='word_1_540' title='bbox 1618 1624 1689 1661; x_wconf 88' lang='lat' dir='ltr'><strong>Pro</strong></span> <span class='ocrx_word' id='word_1_541' title='bbox 1713 1625 1777 1671; x_wconf 87' lang='lat' dir='ltr'><strong>fac</strong></span> <span class='ocrx_word' id='word_1_542' title='bbox 1800 1651 1811 1669; x_wconf 94' lang='lat'>‚</span> <span class='ocrx_word' id='word_1_543' title='bbox 1853 1623 2018 1662; x_wconf 87' lang='lat' dir='ltr'><strong>additum</strong></span> <span class='ocrx_word' id='word_1_544' title='bbox 2045 1627 2202 1675; x_wconf 85' lang='lat' dir='ltr'><strong>antiquis</strong></span> <span class='ocrx_word' id='word_1_545' title='bbox 2221 1643 2238 1666; x_wconf 91' lang='lat' dir='ltr'><strong>e</strong></span> <span class='ocrx_word' id='word_1_546' title='bbox 2258 1631 2294 1668; x_wconf 88' lang='lat' dir='ltr'><strong>in</strong></span> <span class='ocrx_word' id='word_1_547' title='bbox 2315 1643 2334 1668; x_wconf 83' lang='lat' dir='ltr'><em>c</em></span> 
     </span>
     <span class='ocr_line' id='line_1_78' title="bbox 1283 1673 2334 1720; baseline 0.007 -7"><span class='ocrx_word' id='word_1_548' title='bbox 1283 1675 1557 1713; x_wconf 79' lang='lat' dir='ltr'><strong>desinentibus:</strong></span> <span class='ocrx_word' id='word_1_549' title='bbox 1597 1682 1637 1712; x_wconf 89' lang='lat' dir='ltr'><strong>ut</strong></span> <span class='ocrx_word' id='word_1_550' title='bbox 1662 1675 1760 1712; x_wconf 84' lang='lat' dir='ltr'><strong>hince</strong></span> <span class='ocrx_word' id='word_1_551' title='bbox 1780 1702 1792 1720; x_wconf 93' lang='lat'><strong>,</strong></span> <span class='ocrx_word' id='word_1_552' title='bbox 1829 1673 1950 1713; x_wconf 79' lang='lat' dir='ltr'><strong>hume.</strong></span> <span class='ocrx_word' id='word_1_553' title='bbox 1987 1675 2132 1715; x_wconf 76' lang='lat' dir='ltr'><strong>Blautus</strong></span> <span class='ocrx_word' id='word_1_554' title='bbox 2156 1679 2195 1716; x_wconf 87' lang='lat' dir='ltr'><strong>in</strong></span> <span class='ocrx_word' id='word_1_555' title='bbox 2228 1679 2334 1719; x_wconf 72' lang='lat' dir='ltr'><strong>Persa</strong></span> 
     </span>
     <span class='ocr_line' id='line_1_79' title="bbox 1282 1724 1736 1774; baseline -0.002 -9"><span class='ocrx_word' id='word_1_556' title='bbox 1282 1726 1369 1765; x_wconf 66' lang='lat' dir='ltr'><strong>Aet.</strong></span> <span class='ocrx_word' id='word_1_557' title='bbox 1389 1739 1436 1764; x_wconf 80' lang='lat'><strong>11.</strong></span> <span class='ocrx_word' id='word_1_558' title='bbox 1464 1724 1579 1764; x_wconf 70' lang='lat' dir='ltr'><strong>Scena</strong></span> <span class='ocrx_word' id='word_1_559' title='bbox 1597 1724 1736 1774; x_wconf 66' lang='lat' dir='ltr'><strong>prima:</strong></span> 
     </span>
    </p>
   </div>
   <div class='ocr_carea' id='block_1_10' title="bbox 1333 1792 2200 1892">
    <p class='ocr_par' dir='ltr' id='par_1_22' title="bbox 1333 1792 2200 1892">
     <span class='ocr_line' id='line_1_80' title="bbox 1333 1792 2176 1844; baseline 0.006 -14"><span class='ocrx_word' id='word_1_560' title='bbox 1333 1793 1434 1842; x_wconf 52' lang='lat' dir='ltr'><strong>Quin</strong></span> <span class='ocrx_word' id='word_1_561' title='bbox 1455 1803 1495 1831; x_wconf 79' lang='lat' dir='ltr'><strong>tu</strong></span> <span class='ocrx_word' id='word_1_562' title='bbox 1514 1807 1567 1831; x_wconf 87' lang='lat' dir='ltr'><strong>me</strong></span> <span class='ocrx_word' id='word_1_563' title='bbox 1585 1793 1704 1839; x_wconf 85' lang='lat' dir='ltr'><strong>ducis,</strong></span> <span class='ocrx_word' id='word_1_564' title='bbox 1723 1792 1759 1843; x_wconf 83' lang='lat' dir='ltr'><em>st</em></span> <span class='ocrx_word' id='word_1_565' title='bbox 1779 1794 1846 1843; x_wconf 75' lang='lat' dir='ltr'><strong>qub</strong></span> <span class='ocrx_word' id='word_1_566' title='bbox 1871 1794 2039 1832; x_wconf 62' lang='lat' dir='ltr'><strong>ducturus</strong></span> <span class='ocrx_word' id='word_1_567' title='bbox 2057 1804 2176 1844; x_wconf 79' lang='lat' dir='ltr'><strong>pater.-</strong></span> 
     </span>
     <span class='ocr_line' id='line_1_81' title="bbox 1337 1844 2200 1892; baseline 0.005 -9"><span class='ocrx_word' id='word_1_568' title='bbox 1337 1844 1396 1883; x_wconf 77' lang='lat' dir='ltr'><strong>Vel</strong></span> <span class='ocrx_word' id='word_1_569' title='bbox 1417 1855 1457 1882; x_wconf 89' lang='lat' dir='ltr'><strong>tu</strong></span> <span class='ocrx_word' id='word_1_570' title='bbox 1480 1859 1533 1883; x_wconf 87' lang='lat' dir='ltr'><strong>me</strong></span> <span class='ocrx_word' id='word_1_571' title='bbox 1553 1846 1688 1891; x_wconf 85' lang='lat' dir='ltr'><strong>vende,</strong></span> <span class='ocrx_word' id='word_1_572' title='bbox 1716 1845 1774 1882; x_wconf 81' lang='lat' dir='ltr'><strong>vel</strong></span> <span class='ocrx_word' id='word_1_573' title='bbox 1786 1848 1869 1892; x_wconf 86' lang='lat' dir='ltr'><strong>sace</strong></span> <span class='ocrx_word' id='word_1_574' title='bbox 1889 1846 1980 1892; x_wconf 83' lang='lat' dir='ltr'><strong>quod</strong></span> <span class='ocrx_word' id='word_1_575' title='bbox 1999 1846 2064 1883; x_wconf 80' lang='lat' dir='ltr'><strong>tibi</strong></span> <span class='ocrx_word' id='word_1_576' title='bbox 2085 1849 2200 1887; x_wconf 52' lang='lat' dir='ltr'><strong>lubet:</strong></span> 
     </span>
    </p>
   </div>
   <div class='ocr_carea' id='block_1_11' title="bbox 1278 1906 2337 2467">
    <p class='ocr_par' dir='ltr' id='par_1_23' title="bbox 1282 1906 2335 2110">
     <span class='ocr_line' id='line_1_82' title="bbox 1283 1906 2331 1959; baseline 0.008 -14"><span class='ocrx_word' id='word_1_577' title='bbox 1283 1906 1438 1946; x_wconf 88' lang='lat' dir='ltr'><strong>Additio</strong></span> <span class='ocrx_word' id='word_1_578' title='bbox 1454 1907 1654 1946; x_wconf 86' lang='lat' dir='ltr'><strong>litterarum</strong></span> <span class='ocrx_word' id='word_1_579' title='bbox 1676 1917 1774 1957; x_wconf 87' lang='lat' dir='ltr'><strong>grata</strong></span> <span class='ocrx_word' id='word_1_580' title='bbox 1797 1908 1979 1947; x_wconf 75' lang='lat' dir='ltr'><strong>veteribus</strong></span> <span class='ocrx_word' id='word_1_581' title='bbox 1998 1923 2006 1947; x_wconf 92' lang='lat'>:</span> <span class='ocrx_word' id='word_1_582' title='bbox 2034 1912 2331 1959; x_wconf 81' lang='lat' dir='ltr'><strong>geminationem</strong></span> 
     </span>
     <span class='ocr_line' id='line_1_83' title="bbox 1282 1958 2334 2008; baseline 0.009 -13"><span class='ocrx_word' id='word_1_583' title='bbox 1282 1958 1409 2008; x_wconf 82' lang='lat' dir='ltr'><strong>passim</strong></span> <span class='ocrx_word' id='word_1_584' title='bbox 1430 1959 1585 2007; x_wconf 86' lang='lat' dir='ltr'><strong>legimus</strong></span> <span class='ocrx_word' id='word_1_585' title='bbox 1606 1974 1618 2003; x_wconf 89' lang='lat'>;</span> <span class='ocrx_word' id='word_1_586' title='bbox 1657 1968 1696 1997; x_wconf 90' lang='lat' dir='ltr'><strong>ut</strong></span> <span class='ocrx_word' id='word_1_587' title='bbox 1720 1959 1841 2003; x_wconf 87' lang='lat' dir='ltr'><strong>ollim,</strong></span> <span class='ocrx_word' id='word_1_588' title='bbox 1874 1959 2025 2008; x_wconf 85' lang='lat' dir='ltr'><strong>querella</strong></span> <span class='ocrx_word' id='word_1_589' title='bbox 2047 1989 2056 2005; x_wconf 87' lang='lat'>‚</span> <span class='ocrx_word' id='word_1_590' title='bbox 2085 1962 2234 2000; x_wconf 73' lang='lat' dir='ltr'><strong>zoillus:</strong></span> <span class='ocrx_word' id='word_1_591' title='bbox 2261 1977 2334 2004; x_wconf 89' lang='lat' dir='ltr'><strong>nec</strong></span> 
     </span>
     <span class='ocr_line' id='line_1_84' title="bbox 1283 2008 2335 2060; baseline 0.006 -13"><span class='ocrx_word' id='word_1_592' title='bbox 1283 2008 1405 2047; x_wconf 82' lang='lat' dir='ltr'><strong>miniis</strong></span> <span class='ocrx_word' id='word_1_593' title='bbox 1432 2010 1668 2048; x_wconf 83' lang='lat' dir='ltr'><strong>omissionem</strong></span> <span class='ocrx_word' id='word_1_594' title='bbox 1692 2025 1707 2054; x_wconf 67' lang='grc' dir='ltr'><strong><em>ς</em></strong></span> <span class='ocrx_word' id='word_1_595' title='bbox 1742 2018 1784 2048; x_wconf 88' lang='lat' dir='ltr'><strong>ut</strong></span> <span class='ocrx_word' id='word_1_596' title='bbox 1805 2011 1978 2048; x_wconf 73' lang='lat' dir='ltr'><strong>maselum</strong></span> <span class='ocrx_word' id='word_1_597' title='bbox 1999 2039 2010 2057; x_wconf 93' lang='lat'>‚</span> <span class='ocrx_word' id='word_1_598' title='bbox 2047 2012 2255 2060; x_wconf 82' lang='lat' dir='ltr'><strong>conubium,</strong></span> <span class='ocrx_word' id='word_1_599' title='bbox 2282 2028 2335 2053; x_wconf 85' lang='lat' dir='ltr'><strong>co·</strong></span> 
     </span>
     <span class='ocr_line' id='line_1_85' title="bbox 1286 2060 1576 2110; baseline 0.007 -13"><span class='ocrx_word' id='word_1_600' title='bbox 1286 2060 1369 2110; x_wconf 82' lang='lat' dir='ltr'><strong>lega.</strong></span> <span class='ocrx_word' id='word_1_601' title='bbox 1398 2060 1576 2099; x_wconf 66' lang='lat' dir='ltr'><strong>Neapot..</strong></span> 
     </span>
    </p>

    <p class='ocr_par' dir='ltr' id='par_1_24' title="bbox 1278 2110 2337 2467">
     <span class='ocr_line' id='line_1_86' title="bbox 1335 2110 2332 2162; baseline 0.006 -14"><span class='ocrx_word' id='word_1_602' title='bbox 1335 2111 1420 2158; x_wconf 86' lang='lat'><em>287.</em></span> <span class='ocrx_word' id='word_1_603' title='bbox 1449 2112 1616 2162; x_wconf 73' lang='lat' dir='ltr'><strong>pacisque</strong></span> <span class='ocrx_word' id='word_1_604' title='bbox 1655 2110 1856 2160; x_wconf 64' lang='lat' dir='ltr'><strong>ministros]</strong></span> <span class='ocrx_word' id='word_1_605' title='bbox 1913 2112 2071 2160; x_wconf 84' lang='lat' dir='ltr'><strong>Ministri</strong></span> <span class='ocrx_word' id='word_1_606' title='bbox 2102 2126 2244 2153; x_wconf 89' lang='lat' dir='ltr'><strong>nornen</strong></span> <span class='ocrx_word' id='word_1_607' title='bbox 2275 2116 2332 2154; x_wconf 90' lang='lat' dir='ltr'><strong>in-</strong></span> 
     </span>
     <span class='ocr_line' id='line_1_87' title="bbox 1283 2162 2334 2211; baseline 0.004 -11"><span class='ocrx_word' id='word_1_608' title='bbox 1283 2162 1436 2211; x_wconf 87' lang='lat' dir='ltr'><strong>dignum</strong></span> <span class='ocrx_word' id='word_1_609' title='bbox 1460 2162 1645 2211; x_wconf 78' lang='lat' dir='ltr'><strong>majestate</strong></span> <span class='ocrx_word' id='word_1_610' title='bbox 1669 2163 1802 2201; x_wconf 85' lang='lat' dir='ltr'><strong>domus</strong></span> <span class='ocrx_word' id='word_1_611' title='bbox 1827 2163 2034 2201; x_wconf 81' lang='lat' dir='ltr'><strong>Caesareae.</strong></span> <span class='ocrx_word' id='word_1_612' title='bbox 2088 2165 2135 2202; x_wconf 89' lang='lat' dir='ltr'><strong>Et</strong></span> <span class='ocrx_word' id='word_1_613' title='bbox 2162 2165 2244 2203; x_wconf 83' lang='lat' dir='ltr'><strong>sane</strong></span> <span class='ocrx_word' id='word_1_614' title='bbox 2268 2178 2334 2204; x_wconf 80' lang='lat' dir='ltr'><strong>ve-</strong></span> 
     </span>
     <span class='ocr_line' id='line_1_88' title="bbox 1283 2213 2337 2262; baseline 0.004 -12"><span class='ocrx_word' id='word_1_615' title='bbox 1283 2213 1490 2251; x_wconf 84' lang='lat' dir='ltr'><strong>tustiffimus</strong></span> <span class='ocrx_word' id='word_1_616' title='bbox 1514 2213 1637 2251; x_wconf 84' lang='lat' dir='ltr'><strong>Ursini</strong></span> <span class='ocrx_word' id='word_1_617' title='bbox 1663 2213 1752 2251; x_wconf 86' lang='lat' dir='ltr'><strong>liber</strong></span> <span class='ocrx_word' id='word_1_618' title='bbox 1782 2213 1956 2261; x_wconf 79' lang='lat' dir='ltr'><strong>magistros</strong></span> <span class='ocrx_word' id='word_1_619' title='bbox 1986 2215 2158 2262; x_wconf 86' lang='lat' dir='ltr'><strong>agnoscit.</strong></span> <span class='ocrx_word' id='word_1_620' title='bbox 2185 2216 2245 2253; x_wconf 69' lang='lat' dir='ltr'><strong>sed</strong></span> <span class='ocrx_word' id='word_1_621' title='bbox 2264 2228 2337 2255; x_wconf 89' lang='grc'>1100</span> 
     </span>
     <span class='ocr_line' id='line_1_89' title="bbox 1285 2263 2335 2314; baseline 0.003 -13"><span class='ocrx_word' id='word_1_622' title='bbox 1285 2263 1372 2302; x_wconf 86' lang='lat' dir='ltr'><strong>illud</strong></span> <span class='ocrx_word' id='word_1_623' title='bbox 1392 2264 1544 2313; x_wconf 85' lang='lat' dir='ltr'><strong>quidem</strong></span> <span class='ocrx_word' id='word_1_624' title='bbox 1565 2264 1643 2301; x_wconf 89' lang='lat' dir='ltr'><strong>satis</strong></span> <span class='ocrx_word' id='word_1_625' title='bbox 1663 2272 1803 2312; x_wconf 87' lang='lat' dir='ltr'><strong>aptum.</strong></span> <span class='ocrx_word' id='word_1_626' title='bbox 1830 2263 1934 2312; x_wconf 87' lang='lat' dir='ltr'><strong>Quid</strong></span> <span class='ocrx_word' id='word_1_627' title='bbox 1946 2263 2064 2313; x_wconf 83' lang='lat' dir='ltr'><strong>ergo?</strong></span> <span class='ocrx_word' id='word_1_628' title='bbox 2095 2266 2335 2314; x_wconf 77' lang='lat' dir='ltr'><strong>Opinorscri-</strong></span> 
     </span>
     <span class='ocr_line' id='line_1_90' title="bbox 1284 2312 2333 2365; baseline 0.002 -13"><span class='ocrx_word' id='word_1_629' title='bbox 1284 2323 1387 2364; x_wconf 85' lang='lat' dir='ltr'><strong>ptum</strong></span> <span class='ocrx_word' id='word_1_630' title='bbox 1408 2312 1510 2352; x_wconf 87' lang='lat' dir='ltr'><strong>fuisse</strong></span> <span class='ocrx_word' id='word_1_631' title='bbox 1525 2342 1535 2359; x_wconf 94' lang='lat'><strong>,</strong></span> <span class='ocrx_word' id='word_1_632' title='bbox 1557 2314 1716 2363; x_wconf 83' lang='lat' dir='ltr'><strong>pacisque</strong></span> <span class='ocrx_word' id='word_1_633' title='bbox 1729 2314 1847 2362; x_wconf 83' lang='lat' dir='ltr'><strong>strem.</strong></span> <span class='ocrx_word' id='word_1_634' title='bbox 1860 2325 1927 2362; x_wconf 85' lang='lat' dir='ltr'><strong>pro</strong></span> <span class='ocrx_word' id='word_1_635' title='bbox 1944 2315 2105 2365; x_wconf 81' lang='lat' dir='ltr'><strong>pacisque</strong></span> <span class='ocrx_word' id='word_1_636' title='bbox 2114 2316 2333 2364; x_wconf 79' lang='lat' dir='ltr'><strong>sequestrem,</strong></span> 
     </span>
     <span class='ocr_line' id='line_1_91' title="bbox 1287 2364 2334 2416; baseline 0.004 -14"><span class='ocrx_word' id='word_1_637' title='bbox 1287 2365 1560 2416; x_wconf 70' lang='lat' dir='ltr'><strong>velfiquestrum</strong></span> <span class='ocrx_word' id='word_1_638' title='bbox 1575 2393 1585 2410; x_wconf 94' lang='lat'>‚</span> <span class='ocrx_word' id='word_1_639' title='bbox 1606 2364 1776 2413; x_wconf 87' lang='lat' dir='ltr'><strong>absorptis</strong></span> <span class='ocrx_word' id='word_1_640' title='bbox 1801 2365 1938 2403; x_wconf 86' lang='lat' dir='ltr'><strong>duabus</strong></span> <span class='ocrx_word' id='word_1_641' title='bbox 1955 2367 2132 2414; x_wconf 85' lang='lat' dir='ltr'><strong>prioribus</strong></span> <span class='ocrx_word' id='word_1_642' title='bbox 2145 2367 2282 2415; x_wconf 84' lang='lat' dir='ltr'><strong>syllabis</strong></span> <span class='ocrx_word' id='word_1_643' title='bbox 2294 2369 2334 2407; x_wconf 87' lang='lat' dir='ltr'><strong>in</strong></span> 
     </span>
     <span class='ocr_line' id='line_1_92' title="bbox 1278 2415 2334 2467; baseline 0.003 -15"><span class='ocrx_word' id='word_1_644' title='bbox 1278 2417 1490 2466; x_wconf 78' lang='lat' dir='ltr'><strong>sequestrum</strong></span> <span class='ocrx_word' id='word_1_645' title='bbox 1509 2415 1529 2453; x_wconf 75' lang='lat' dir='ltr'><strong>a</strong></span> <span class='ocrx_word' id='word_1_646' title='bbox 1553 2416 1716 2464; x_wconf 87' lang='lat' dir='ltr'><strong>cognatis</strong></span> <span class='ocrx_word' id='word_1_647' title='bbox 1739 2416 1777 2453; x_wconf 91' lang='lat' dir='ltr'><strong>in</strong></span> <span class='ocrx_word' id='word_1_648' title='bbox 1798 2416 2041 2464; x_wconf 86' lang='lat' dir='ltr'><strong>praecedente</strong></span> <span class='ocrx_word' id='word_1_649' title='bbox 2060 2417 2218 2467; x_wconf 80' lang='lat' dir='ltr'><strong>pacisque</strong></span> <span class='ocrx_word' id='word_1_650' title='bbox 2237 2429 2334 2455; x_wconf 81' lang='lat' dir='ltr'><strong>voce</strong></span> 
     </span>
    </p>
   </div>
   <div class='ocr_carea' id='block_1_12' title="bbox 1286 2466 2337 2561">
    <p class='ocr_par' dir='ltr' id='par_1_25' title="bbox 1286 2466 2337 2561">
     <span class='ocr_line' id='line_1_93' title="bbox 1286 2466 2337 2554; baseline 0.003 -50"><span class='ocrx_word' id='word_1_651' title='bbox 1286 2466 1437 2554; x_wconf 50' lang='lat' dir='ltr'><strong>syuibis&#39;</strong></span> <span class='ocrx_word' id='word_1_652' title='bbox 1489 2467 1550 2504; x_wconf 93' lang='lat' dir='ltr'><strong>De</strong></span> <span class='ocrx_word' id='word_1_653' title='bbox 1571 2478 1647 2504; x_wconf 90' lang='lat' dir='ltr'><strong>uno</strong></span> <span class='ocrx_word' id='word_1_654' title='bbox 1669 2474 1794 2504; x_wconf 86' lang='lat' dir='ltr'><strong>autem</strong></span> <span class='ocrx_word' id='word_1_655' title='bbox 1815 2466 1984 2514; x_wconf 84' lang='lat' dir='ltr'><strong>Augusto</strong></span> <span class='ocrx_word' id='word_1_656' title='bbox 2003 2467 2063 2504; x_wconf 90' lang='lat' dir='ltr'><strong>hic</strong></span> <span class='ocrx_word' id='word_1_657' title='bbox 2075 2479 2129 2516; x_wconf 81' lang='lat' dir='ltr'><strong>agi</strong></span> <span class='ocrx_word' id='word_1_658' title='bbox 2145 2495 2155 2513; x_wconf 90' lang='lat'>‚</span> <span class='ocrx_word' id='word_1_659' title='bbox 2183 2467 2337 2517; x_wconf 73' lang='lat' dir='ltr'><strong>sequens</strong></span> 
     </span>
     <span class='ocr_line' id='line_1_94' title="bbox 1288 2528 1434 2561; baseline 0.007 -7"><span class='ocrx_word' id='word_1_660' title='bbox 1288 2528 1352 2554; x_wconf 84' lang='lat' dir='ltr'><strong>ver</strong></span> <span class='ocrx_word' id='word_1_661' title='bbox 1371 2530 1408 2555; x_wconf 85' lang='lat' dir='ltr'><strong>us</strong></span> <span class='ocrx_word' id='word_1_662' title='bbox 1424 2545 1434 2561; x_wconf 95' lang='lat'><strong>,</strong></span> 
     </span>
    </p>
   </div>
   <div class='ocr_carea' id='block_1_13' title="bbox 1288 2566 2351 3375">
    <p class='ocr_par' dir='ltr' id='par_1_26' title="bbox 1288 2566 2334 2762">
     <span class='ocr_line' id='line_1_95' title="bbox 1339 2566 2095 2616; baseline 0 -13"><span class='ocrx_word' id='word_1_663' title='bbox 1339 2573 1440 2603; x_wconf 85' lang='lat' dir='ltr'><strong>Neve</strong></span> <span class='ocrx_word' id='word_1_664' title='bbox 1447 2568 1557 2614; x_wconf 89' lang='lat' dir='ltr'><strong>suum</strong></span> <span class='ocrx_word' id='word_1_665' title='bbox 1572 2566 1685 2615; x_wconf 75' lang='lat' dir='ltr'><strong>presta</strong></span> <span class='ocrx_word' id='word_1_666' title='bbox 1706 2566 1836 2612; x_wconf 82' lang='lat' dir='ltr'><strong>deserat</strong></span> <span class='ocrx_word' id='word_1_667' title='bbox 1857 2567 1976 2602; x_wconf 70' lang='lat' dir='ltr'><strong>auelor</strong></span> <span class='ocrx_word' id='word_1_668' title='bbox 1996 2575 2095 2616; x_wconf 89' lang='lat' dir='ltr'><strong>opus,</strong></span> 
     </span>
     <span class='ocr_line' id='line_1_96' title="bbox 1288 2615 2334 2665; baseline 0.001 -11"><span class='ocrx_word' id='word_1_669' title='bbox 1288 2616 1369 2654; x_wconf 87' lang='lat' dir='ltr'><strong>satis</strong></span> <span class='ocrx_word' id='word_1_670' title='bbox 1398 2617 1550 2654; x_wconf 86' lang='lat' dir='ltr'><strong>evincit.</strong></span> <span class='ocrx_word' id='word_1_671' title='bbox 1573 2617 1665 2663; x_wconf 79' lang='lat' dir='ltr'><strong>pacis</strong></span> <span class='ocrx_word' id='word_1_672' title='bbox 1687 2615 1854 2665; x_wconf 80' lang='lat' dir='ltr'><strong>sequester</strong></span> <span class='ocrx_word' id='word_1_673' title='bbox 1874 2644 1885 2660; x_wconf 93' lang='lat'>‚</span> <span class='ocrx_word' id='word_1_674' title='bbox 1922 2618 2120 2664; x_wconf 84' lang='lat' dir='ltr'><strong>quomodo</strong></span> <span class='ocrx_word' id='word_1_675' title='bbox 2149 2619 2186 2655; x_wconf 87' lang='lat'>&amp;</span> <span class='ocrx_word' id='word_1_676' title='bbox 2214 2620 2334 2656; x_wconf 58' lang='lat' dir='ltr'><strong>aanor</strong></span> 
     </span>
     <span class='ocr_line' id='line_1_97' title="bbox 1289 2666 2334 2716; baseline 0.006 -15"><span class='ocrx_word' id='word_1_677' title='bbox 1289 2666 1390 2702; x_wconf 83' lang='lat' dir='ltr'><strong>Pacis</strong></span> <span class='ocrx_word' id='word_1_678' title='bbox 1408 2666 1544 2702; x_wconf 86' lang='lat' dir='ltr'><strong>Nostro</strong></span> <span class='ocrx_word' id='word_1_679' title='bbox 1566 2667 1747 2713; x_wconf 80' lang='lat' dir='ltr'><strong>Augustus</strong></span> <span class='ocrx_word' id='word_1_680' title='bbox 1768 2666 1883 2702; x_wconf 60' lang='lat' dir='ltr'><strong>dietus</strong></span> <span class='ocrx_word' id='word_1_681' title='bbox 1902 2667 2007 2703; x_wconf 87' lang='lat' dir='ltr'><strong>Pont.</strong></span> <span class='ocrx_word' id='word_1_682' title='bbox 2030 2679 2058 2704; x_wconf 87' lang='lat'><strong>1.</strong></span> <span class='ocrx_word' id='word_1_683' title='bbox 2083 2667 2184 2716; x_wconf 87' lang='lat' dir='ltr'><strong>Eleg.</strong></span> <span class='ocrx_word' id='word_1_684' title='bbox 2209 2680 2240 2707; x_wconf 91' lang='lat'><strong>1.</strong></span> <span class='ocrx_word' id='word_1_685' title='bbox 2269 2669 2334 2707; x_wconf 56' lang='lat' dir='ltr'><strong>Sc?</strong></span> 
     </span>
     <span class='ocr_line' id='line_1_98' title="bbox 1290 2715 2204 2762; baseline 0.004 -11"><span class='ocrx_word' id='word_1_686' title='bbox 1290 2726 1372 2752; x_wconf 90' lang='lat' dir='ltr'><strong>nec.</strong></span> <span class='ocrx_word' id='word_1_687' title='bbox 1390 2715 1435 2752; x_wconf 88' lang='lat' dir='ltr'><strong>ad</strong></span> <span class='ocrx_word' id='word_1_688' title='bbox 1457 2715 1650 2752; x_wconf 85' lang='lat' dir='ltr'><strong>Neronem</strong></span> <span class='ocrx_word' id='word_1_689' title='bbox 1672 2715 1767 2762; x_wconf 81' lang='lat' dir='ltr'><strong>apud</strong></span> <span class='ocrx_word' id='word_1_690' title='bbox 1779 2716 1983 2754; x_wconf 68' lang='lat' dir='ltr'><strong>Austorem</strong></span> <span class='ocrx_word' id='word_1_691' title='bbox 2000 2716 2204 2755; x_wconf 64' lang='lat' dir='ltr'><strong>Oeiaviae:</strong></span> 
     </span>
    </p>

    <p class='ocr_par' dir='ltr' id='par_1_27' title="bbox 1344 2765 2181 2850">
     <span class='ocr_line' id='line_1_99' title="bbox 1344 2765 2181 2850; baseline 0.005 -49"><span class='ocrx_word' id='word_1_692' title='bbox 1344 2770 1396 2850; x_wconf 61' lang='grc' dir='ltr'><strong>Τῗ</strong></span> <span class='ocrx_word' id='word_1_693' title='bbox 1409 2765 1503 2813; x_wconf 85' lang='lat' dir='ltr'><strong>pacis</strong></span> <span class='ocrx_word' id='word_1_694' title='bbox 1521 2767 1640 2802; x_wconf 66' lang='lat' dir='ltr'><strong>auctor</strong></span> <span class='ocrx_word' id='word_1_695' title='bbox 1653 2765 1852 2815; x_wconf 78' lang='lat' dir='ltr'><strong>generisque</strong></span> <span class='ocrx_word' id='word_1_696' title='bbox 1870 2767 2020 2804; x_wconf 82' lang='lat' dir='ltr'><strong>humani</strong></span> <span class='ocrx_word' id='word_1_697' title='bbox 2051 2767 2181 2805; x_wconf 80' lang='lat' dir='ltr'><strong>arbiter</strong></span> 
     </span>
    </p>

    <p class='ocr_par' dir='ltr' id='par_1_28' title="bbox 1294 2818 2351 3375">
     <span class='ocr_line' id='line_1_100' title="bbox 1344 2818 1491 2853; baseline 0.014 -2"><span class='ocrx_word' id='word_1_698' title='bbox 1344 2820 1373 2851; x_wconf 76' lang='lat' dir='ltr'><em>E</em></span> <span class='ocrx_word' id='word_1_699' title='bbox 1390 2818 1491 2853; x_wconf 61' lang='lat' dir='ltr'><strong>eblus.</strong></span> 
     </span>
     <span class='ocr_line' id='line_1_101' title="bbox 1294 2864 2337 2917; baseline 0.002 -15"><span class='ocrx_word' id='word_1_700' title='bbox 1294 2864 1440 2903; x_wconf 82' lang='lat' dir='ltr'><strong>Gloffae</strong></span> <span class='ocrx_word' id='word_1_701' title='bbox 1453 2867 1625 2915; x_wconf 80' lang='lat' dir='ltr'><strong>Stephani</strong></span> <span class='ocrx_word' id='word_1_702' title='bbox 1640 2895 1650 2911; x_wconf 89' lang='lat'><strong>,</strong></span> <span class='ocrx_word' id='word_1_703' title='bbox 1662 2867 1822 2909; x_wconf 63' lang='grc' dir='ltr'><strong><em>Μεσίτκς</em></strong></span> <span class='ocrx_word' id='word_1_704' title='bbox 1833 2867 1999 2917; x_wconf 82' lang='lat' dir='ltr'><strong>sequester</strong></span> <span class='ocrx_word' id='word_1_705' title='bbox 2010 2896 2020 2912; x_wconf 93' lang='lat'>‚</span> <span class='ocrx_word' id='word_1_706' title='bbox 2033 2868 2244 2917; x_wconf 79' lang='lat' dir='ltr'><strong>arbitrator,</strong></span> <span class='ocrx_word' id='word_1_707' title='bbox 2265 2887 2337 2911; x_wconf 70' lang='lat' dir='ltr'><strong>me„</strong></span> 
     </span>
     <span class='ocr_line' id='line_1_102' title="bbox 1294 2916 2336 2970; baseline 0.003 -18"><span class='ocrx_word' id='word_1_708' title='bbox 1294 2916 1420 2953; x_wconf 81' lang='lat' dir='ltr'><strong>diator.</strong></span> <span class='ocrx_word' id='word_1_709' title='bbox 1433 2917 1544 2954; x_wconf 78' lang='lat' dir='ltr'><strong>rursus</strong></span> <span class='ocrx_word' id='word_1_710' title='bbox 1556 2918 1735 2966; x_wconf 83' lang='lat' dir='ltr'><strong>,sequester</strong></span> <span class='ocrx_word' id='word_1_711' title='bbox 1746 2920 1902 2957; x_wconf 67' lang='grc' dir='ltr'><em>Μεσῐτης</em></span> <span class='ocrx_word' id='word_1_712' title='bbox 1913 2945 1922 2961; x_wconf 91' lang='grc'><em>,</em></span> <span class='ocrx_word' id='word_1_713' title='bbox 1938 2918 2091 2963; x_wconf 74' lang='grc' dir='ltr'><strong>’έντμτος</strong></span> <span class='ocrx_word' id='word_1_714' title='bbox 2106 2948 2114 2963; x_wconf 93' lang='grc'><em>,</em></span> <span class='ocrx_word' id='word_1_715' title='bbox 2125 2923 2336 2970; x_wconf 59' lang='grc' dir='ltr'><strong>συνθιγκσφύ-</strong></span> 
     </span>
     <span class='ocr_line' id='line_1_103' title="bbox 1296 2966 2339 3017; baseline 0.007 -13"><span class='ocrx_word' id='word_1_716' title='bbox 1296 2966 1383 3013; x_wconf 58' lang='lat' dir='ltr'><strong>Axii.</strong></span> <span class='ocrx_word' id='word_1_717' title='bbox 1412 2967 1557 3005; x_wconf 76' lang='lat' dir='ltr'><strong>Gloffae</strong></span> <span class='ocrx_word' id='word_1_718' title='bbox 1586 2969 1675 3006; x_wconf 85' lang='lat' dir='ltr'><strong>Mss.</strong></span> <span class='ocrx_word' id='word_1_719' title='bbox 1696 2968 1864 3017; x_wconf 80' lang='lat' dir='ltr'><strong>sequester</strong></span> <span class='ocrx_word' id='word_1_720' title='bbox 1885 2967 1944 3008; x_wconf 75' lang='grc' dir='ltr'><strong>ἐςῖ</strong></span> <span class='ocrx_word' id='word_1_721' title='bbox 1966 2966 2041 3013; x_wconf 75' lang='grc' dir='ltr'><strong>παρ’</strong></span> <span class='ocrx_word' id='word_1_722' title='bbox 2065 2966 2090 3016; x_wconf 79' lang='grc' dir='ltr'><em>ᾦ</em></span> <span class='ocrx_word' id='word_1_723' title='bbox 2110 2975 2240 3010; x_wconf 73' lang='grc' dir='ltr'>πολλοὶ</span> <span class='ocrx_word' id='word_1_724' title='bbox 2257 2974 2339 3012; x_wconf 80' lang='grc' dir='ltr'>ἐπί-</span> 
     </span>
     <span class='ocr_line' id='line_1_104' title="bbox 1296 3017 2340 3064; baseline 0.008 -9"><span class='ocrx_word' id='word_1_725' title='bbox 1296 3018 1389 3056; x_wconf 74' lang='grc' dir='ltr'><em>δικον</em></span> <span class='ocrx_word' id='word_1_726' title='bbox 1416 3017 1684 3062; x_wconf 57' lang='lat' dir='ltr'><strong>amabe-‘Suetus</strong></span> <span class='ocrx_word' id='word_1_727' title='bbox 1712 3021 1876 3064; x_wconf 63' lang='grc' dir='ltr'><strong>πρᾶγμα.</strong></span> <span class='ocrx_word' id='word_1_728' title='bbox 1938 3019 2037 3057; x_wconf 87' lang='lat' dir='ltr'><strong>Vide</strong></span> <span class='ocrx_word' id='word_1_729' title='bbox 2065 3022 2206 3060; x_wconf 81' lang='lat' dir='ltr'><strong>Festum</strong></span> <span class='ocrx_word' id='word_1_730' title='bbox 2226 3025 2262 3061; x_wconf 91' lang='lat' dir='ltr'><strong>in</strong></span> <span class='ocrx_word' id='word_1_731' title='bbox 2285 3031 2340 3063; x_wconf 85' lang='lat' dir='ltr'><strong>Se-</strong></span> 
     </span>
     <span class='ocr_line' id='line_1_105' title="bbox 1297 3069 2342 3120; baseline 0.009 -15"><span class='ocrx_word' id='word_1_732' title='bbox 1297 3069 1430 3120; x_wconf 68' lang='lat' dir='ltr'><strong>quester.</strong></span> <span class='ocrx_word' id='word_1_733' title='bbox 1462 3071 1498 3106; x_wconf 63' lang='grc' dir='ltr'><strong>ἐκ</strong></span> <span class='ocrx_word' id='word_1_734' title='bbox 1517 3069 1680 3106; x_wconf 79' lang='grc'>6011111111</span> <span class='ocrx_word' id='word_1_735' title='bbox 1701 3069 1762 3106; x_wconf 88' lang='lat' dir='ltr'><strong>lib.</strong></span> <span class='ocrx_word' id='word_1_736' title='bbox 1783 3082 1843 3106; x_wconf 86' lang='lat' dir='ltr'><strong>xx.</strong></span> <span class='ocrx_word' id='word_1_737' title='bbox 1868 3080 1944 3116; x_wconf 88' lang='lat' dir='ltr'><strong>cap.</strong></span> <span class='ocrx_word' id='word_1_738' title='bbox 1971 3071 2033 3108; x_wconf 81' lang='lat' dir='ltr'><strong>uit.</strong></span> <span class='ocrx_word' id='word_1_739' title='bbox 2055 3072 2177 3109; x_wconf 85' lang='lat' dir='ltr'><strong>Obvia</strong></span> <span class='ocrx_word' id='word_1_740' title='bbox 2200 3086 2240 3111; x_wconf 89' lang='lat' dir='ltr'><strong>ea</strong></span> <span class='ocrx_word' id='word_1_741' title='bbox 2264 3087 2342 3114; x_wconf 86' lang='lat' dir='ltr'><strong>vox</strong></span> 
     </span>
     <span class='ocr_line' id='line_1_106' title="bbox 1298 3119 2344 3173; baseline 0.004 -15"><span class='ocrx_word' id='word_1_742' title='bbox 1298 3121 1394 3169; x_wconf 83' lang='lat' dir='ltr'><strong>apud</strong></span> <span class='ocrx_word' id='word_1_743' title='bbox 1431 3119 1719 3167; x_wconf 73' lang='lat' dir='ltr'><strong>Jurisconsultos.</strong></span> <span class='ocrx_word' id='word_1_744' title='bbox 1755 3120 1849 3168; x_wconf 87' lang='lat' dir='ltr'><strong>apud</strong></span> <span class='ocrx_word' id='word_1_745' title='bbox 1890 3120 2065 3159; x_wconf 86' lang='lat' dir='ltr'><strong>Tacitum</strong></span> <span class='ocrx_word' id='word_1_746' title='bbox 2110 3129 2264 3161; x_wconf 82' lang='lat' dir='ltr'><strong>Fortuna</strong></span> <span class='ocrx_word' id='word_1_747' title='bbox 2290 3129 2344 3173; x_wconf 82' lang='lat' dir='ltr'><strong>se-</strong></span> 
     </span>
     <span class='ocr_line' id='line_1_107' title="bbox 1300 3169 2343 3224; baseline 0.005 -15"><span class='ocrx_word' id='word_1_748' title='bbox 1300 3169 1440 3220; x_wconf 81' lang='lat' dir='ltr'><strong>questris</strong></span> <span class='ocrx_word' id='word_1_749' title='bbox 1457 3171 1568 3208; x_wconf 87' lang='lat' dir='ltr'><strong>tertio</strong></span> <span class='ocrx_word' id='word_1_750' title='bbox 1590 3171 1741 3207; x_wconf 80' lang='lat' dir='ltr'><strong>Ann.ut</strong></span> <span class='ocrx_word' id='word_1_751' title='bbox 1767 3171 1853 3208; x_wconf 83' lang='lat' dir='ltr'><strong>illuc</strong></span> <span class='ocrx_word' id='word_1_752' title='bbox 1872 3172 2045 3209; x_wconf 87' lang='lat' dir='ltr'><strong>emendat</strong></span> <span class='ocrx_word' id='word_1_753' title='bbox 2067 3172 2242 3212; x_wconf 86' lang='lat' dir='ltr'><strong>Gruterus</strong></span> <span class='ocrx_word' id='word_1_754' title='bbox 2255 3203 2263 3217; x_wconf 88' lang='lat'><em>‚</em></span> <span class='ocrx_word' id='word_1_755' title='bbox 2278 3177 2343 3224; x_wconf 87' lang='lat' dir='ltr'><strong>qui</strong></span> 
     </span>
     <span class='ocr_line' id='line_1_108' title="bbox 1301 3221 2344 3273; baseline 0.003 -14"><span class='ocrx_word' id='word_1_756' title='bbox 1301 3221 1480 3259; x_wconf 86' lang='lat' dir='ltr'><strong>videndus</strong></span> <span class='ocrx_word' id='word_1_757' title='bbox 1499 3221 1633 3268; x_wconf 83' lang='lat' dir='ltr'><strong>Suspic.</strong></span> <span class='ocrx_word' id='word_1_758' title='bbox 1661 3221 1720 3258; x_wconf 82' lang='lat' dir='ltr'><strong>iib.</strong></span> <span class='ocrx_word' id='word_1_759' title='bbox 1741 3233 1785 3258; x_wconf 84' lang='lat'><strong>11.</strong></span> <span class='ocrx_word' id='word_1_760' title='bbox 1810 3233 1865 3270; x_wconf 86' lang='lat'><strong>13.</strong></span> <span class='ocrx_word' id='word_1_761' title='bbox 1903 3221 2005 3258; x_wconf 84' lang='lat' dir='ltr'><strong>Pacis</strong></span> <span class='ocrx_word' id='word_1_762' title='bbox 2032 3223 2140 3271; x_wconf 83' lang='lat' dir='ltr'><strong>igitur</strong></span> <span class='ocrx_word' id='word_1_763' title='bbox 2155 3224 2344 3273; x_wconf 84' lang='lat' dir='ltr'><strong>sequester,</strong></span> 
     </span>
     <span class='ocr_line' id='line_1_109' title="bbox 1308 3271 2347 3324; baseline 0.002 -14"><span class='ocrx_word' id='word_1_764' title='bbox 1308 3273 1381 3310; x_wconf 83' lang='lat' dir='ltr'><strong>hoc</strong></span> <span class='ocrx_word' id='word_1_765' title='bbox 1395 3272 1465 3316; x_wconf 84' lang='lat' dir='ltr'><strong>est,</strong></span> <span class='ocrx_word' id='word_1_766' title='bbox 1492 3271 1634 3308; x_wconf 88' lang='lat' dir='ltr'><strong>medius</strong></span> <span class='ocrx_word' id='word_1_767' title='bbox 1657 3272 1695 3309; x_wconf 74' lang='grc' dir='ltr'><strong>δε</strong></span> <span class='ocrx_word' id='word_1_768' title='bbox 1715 3271 1858 3310; x_wconf 83' lang='lat' dir='ltr'><strong>arbiter.</strong></span> <span class='ocrx_word' id='word_1_769' title='bbox 1886 3272 2077 3309; x_wconf 84' lang='lat' dir='ltr'><strong>Arbitrum</strong></span> <span class='ocrx_word' id='word_1_770' title='bbox 2089 3275 2347 3324; x_wconf 83' lang='lat' dir='ltr'><strong>&amp;sequestrum</strong></span> 
     </span>
     <span class='ocr_line' id='line_1_110' title="bbox 1309 3321 2351 3375; baseline 0.001 -13"><span class='ocrx_word' id='word_1_771' title='bbox 1309 3322 1457 3364; x_wconf 81' lang='lat' dir='ltr'><strong>Plautus</strong></span> <span class='ocrx_word' id='word_1_772' title='bbox 1480 3322 1673 3373; x_wconf 78' lang='lat' dir='ltr'><strong>conjunxit</strong></span> <span class='ocrx_word' id='word_1_773' title='bbox 1692 3321 1888 3371; x_wconf 81' lang='lat' dir='ltr'><strong>Rudente,</strong></span> <span class='ocrx_word' id='word_1_774' title='bbox 1914 3334 1971 3365; x_wconf 73' lang='lat' dir='ltr'><strong>xv.</strong></span> <span class='ocrx_word' id='word_1_775' title='bbox 1991 3335 2054 3365; x_wconf 82' lang='lat' dir='ltr'><strong>nx.</strong></span> <span class='ocrx_word' id='word_1_776' title='bbox 2076 3327 2136 3375; x_wconf 83' lang='lat'><strong>65.</strong></span> <span class='ocrx_word' id='word_1_777' title='bbox 2172 3330 2223 3364; x_wconf 80' lang='lat' dir='ltr'><strong>Tu</strong></span> <span class='ocrx_word' id='word_1_778' title='bbox 2243 3325 2351 3374; x_wconf 76' lang='lat' dir='ltr'><strong>isthuc</strong></span> 
     </span>
    </p>
   </div>
   <div class='ocr_carea' id='block_1_14' title="bbox 2256 3376 2359 3417">
    <p class='ocr_par' dir='ltr' id='par_1_29' title="bbox 2256 3376 2359 3417">
     <span class='ocr_line' id='line_1_111' title="bbox 2256 3376 2359 3417; baseline 0.049 -4"><span class='ocrx_word' id='word_1_779' title='bbox 2256 3376 2359 3417; x_wconf 71' lang='lat' dir='ltr'><strong>hodio</strong></span> 
     </span>
    </p>
   </div>
  </div>
 </body>
</html>
