2495 3675
509 156 1444 220 FASTOR·UM
1553 161 1745 218 Ltn.

1819 168 1892 225 V.

2141 186 2234 235 311

240 286 270 337 ς
378 265 495 330 Sic,
534 267 657 339 quia
685 266 828 339 poffe
853 265 1010 321 datur
1039 262 1265 319 diversas
1291 261 1524 317 reddere
1550 262 1770 328 cauffaS,

453 340 579 413 Qua
606 339 744 394 ferar
772 340 990 411 ignoro:
1031 336 1294 407 copiaque
1319 334 1425 406 ipsa
1449 347 1628 391 nocet.

379 412 589 477 Dicite,
626 431 762 487 quae
792 412 968 466 fontes
1007 407 1376 481 Aganippidos
1402 408 1786 482 Hippocrenes

449 486 617 541 Grata
648 483 921 541 Medusaei
946 482 1085 554 signa
1111 483 1302 537 tenetis
1329 483 1470 554 equi.
1755 484 1762 491 ⁴

374 559 671 614 Diffensere
699 559 846 611 deae.
883 572 1108 628 quarum
1137 555 1488 627 Polyhymnia
1514 556 1695 628 coepit

236 649 300 686 10

448 633 638 686 Prima.
681 630 828 684 silent
861 631 1026 691 aliae;
1068 627 1316 701 difiaque
1345 642 1526 683 mente
1549 640 1753 684 notant.

374 704 499 759 Post
522 703 711 765 chaOS,
751 715 809 756 ut
837 703 1070 773 primum
1099 701 1220 755 data
1243 700 1362 755 sunt
1388 703 1487 755 tria
1510 720 1736 774 corpora
1761 703 1997 769 mundO,

445 777 609 846 Inque
638 793 798 830 novas
823 777 1022 847 species
1048 792 1209 829 omne
1237 773 1451 829 receffit
1476 792 1642 847 opus;

373 847 621 902 Pondere
651 862 791 902 terra
816 848 909 902 suo
936 848 1194 910 subsedit,
1233 847 1289 901 &
1315 865 1545 921 aequora
1573 849 1758 903 traxit:

445 924 523 975 At
547 923 758 983 coelum
787 921 969 975 levitas
993 922 1046 975 in
1077 922 1195 974 loca
1222 921 1424 984 summa
1449 922 1586 974 tulit.

165 1005 167 1007 ·
231 1010 293 1061 15
370 993 458 1048 Sol
482 1012 701 1067 quoque
726 1012 852 1048 cum
879 993 1032 1048 stellis
1053 995 1194 1048 nulla
1220 994 1478 1066 gravitate
1501 1006 1772 1057 1·etentUS‚

444 1067 515 1121 Et
541 1085 635 1120 vos
662 1069 902 1123 Lunares
934 1065 1202 1121 exsiluistis
1226 1067 1366 1139 equi.

372 1140 478 1195 Sed
506 1158 682 1211 neque
712 1157 851 1195 terra
877 1141 968 1194 diu
997 1142 1182 1203 coe10,
1220 1158 1321 1195 nec
1343 1154 1520 1195 cetera
1547 1138 1771 1193 Phoebo

440 1212 623 1266 Sidera
651 1213 940 1267 cedebant:
982 1231 1074 1285 par
1099 1226 1212 1268 erat
1239 1214 1411 1268 omnis
1440 1213 1627 1267 honos.

368 1285 535 1357 Saepe
560 1286 744 1356 aliquis
769 1286 927 1350 soli0‚
973 1287 1120 1355 quod
1149 1298 1206 1339 tu
1225 1331 1236 1349 ,
1278 1288 1533 1349 Saturne,
1573 1283 1789 1340 tenebas
1805 1322 1824 1350 ‚

221 1376 292 1412 20

68 1621 207 1672 firores.
253 1619 323 1658 Sed
353 1628 443 1668 puto
472 1619 634 1667 Desedere
660 1620 917 1670 reponendum
949 1621 1020 1660 effe
1051 1634 1120 1672 pro

75 1670 268 1718 Consedere.
294 1672 331 1708 in
351 1671 548 1709 Helmaest.
567 1671 740 1721 discessere.
763 1673 909 1712 Hems.
948 1674 1122 1722 Assensere

76 1723 189 1760 etiam
220 1721 385 1760 Beruens.
413 1721 473 1759 sed
504 1721 624 1761 Musas
648 1724 708 1761 hic
732 1723 831 1773 quasi
863 1725 901 1761 in
926 1724 1118 1763 confilium

78 1771 197 1810 missas
227 1771 447 1817 confiderat,
474 1784 570 1821 quae
599 1785 684 1811 cum
709 1775 803 1812 inter
822 1774 856 1812 se
874 1775 1121 1813 consultarent

77 1821 288 1867 diffensere;
318 1823 379 1862 sed
405 1823 556 1862 tandem
587 1824 838 1875 Polyhymnia
862 1853 872 1870 ,
911 1833 951 1863 ut
973 1825 1121 1864 docstior

75 1873 116 1911 ὅ(
134 1873 348 1913 auctoritate
367 1874 450 1913 alias
478 1875 653 1919 vincens,
680 1876 896 1914 sententiam
921 1876 1032 1926 dicit,
1060 1878 1119 1916 cui

73 1922 311 1964 affentiuntur
339 1925 471 1964 deinde
508 1927 592 1965 Clio
627 1928 666 1965 ὅ(
698 1927 845 1966 Thalia.
882 1927 941 1965 sed
977 1928 1117 1966 Uranie

76 1975 159 2013 alias
182 2004 192 2020 ,
219 1977 258 2014 &
286 1976 418 2015 deinde
443 1977 645 2026 Calliopeia
676 1977 829 2017 diversas
866 1977 998 2017 cauffas
1031 1991 1117 2028 pro-

73 2024 174 2064 dunt.
202 2027 262 2064 vel
281 2028 398 2076 potest
414 2029 588 2078 dissensere
609 2029 688 2077 capi
714 2029 759 2066 de
788 2038 926 2067 eventu
945 2058 955 2074 ‚
977 2043 1022 2068 ex
1040 2042 1116 2080 quo

75 2084 196 2126 patet,
225 2077 372 2118 diverfis
389 2079 479 2117 datis
502 2079 649 2125 cauffis,
684 2078 887 2118 dissensisse.
914 2080 1044 2119 Bunm.

124 2140 160 2176 9.
196 2131 363 2177 §Quarum
408 2129 640 2180 Polyhymnia
676 2131 799 2181 cepit.]
875 2131 1023 2170 Graecis
1067 2132 1117 2170 est

75 2179 270 2224 Πολύμνια.
311 2181 368 2219 516
408 2181 594 2219 Herodoti
634 2181 724 2220 liber
749 2182 922 2231 septimus
958 2183 1116 2221 inscribi-

73 2235 142 2267 tur.
194 2230 254 2268 Sic
273 2231 464 2270 Diodorus
484 2231 623 2271 Siculus
646 2260 656 2277 ,
695 2233 905 2272 Plutarchus
933 2246 1014 2272 eam
1047 2246 1111 2283 ap-

73 2279 220 2328 pellant.
270 2282 329 2320 vel
363 2284 474 2321 etiam
504 2284 705 2329 Πολύμνεικ
727 2312 738 2329 ,
783 2286 821 2323 &
857 2285 959 2335 quod
991 2286 1110 2334 poetis

73 2329 233 2370 usitatius
253 2360 263 2376 ‚
304 2333 467 2372 formato
499 2335 683 2375 vocabulo
712 2347 757 2373 ex
797 2341 892 2373 πολι)
924 2337 961 2373 &
1000 2337 1113 2381 μνεῖοι.

72 2378 172 2419 Vide
195 2384 318 2431 magni
339 2384 593 2435 Etymologici
617 2385 808 2424 auetorem
839 2387 875 2424 in
901 2385 1114 2431 Εὐρύπυλος.

73 2429 313 2470 scribendum
346 2434 455 2480 igitur
477 2464 487 2479 ‚
525 2449 678 2486 quarum
705 2436 907 2483 Polymne'z'a
925 2437 1020 2486 cepit.
1047 2449 1118 2476 nee

72 2481 170 2528 apud
191 2481 365 2519 Nostrum
385 2493 527 2523 tantum
543 2514 552 2528 ‚
575 2486 634 2523 sed
647 2485 742 2533 apud
754 2487 952 2524 Horatium
966 2499 1118 2535 quoque

75 2541 118 2567 ac
138 2530 226 2568 alios
246 2535 373 2580 poetas
387 2559 396 2575 ,
420 2544 608 2583 quotquot
626 2547 670 2571 ex
694 2535 832 2572 Latinis
853 2537 926 2573 hoc
955 2537 1116 2575 vocabu-

72 2579 112 2617 10
135 2589 295 2619 utuntur.
317 2581 374 2618 Sic
388 2583 424 2620 in
445 2583 671 2632 polymnestor
681 2584 756 2622 duo
774 2586 931 2631 priores,
945 2594 1019 2623 tam
1035 2587 1115 2624 No-

74 2629 144 2668 stro
162 2642 272 2680 quam
287 2632 433 2680 reliquis
455 2637 576 2683 po'e'tis
590 2663 599 2678 ,
629 2636 881 2684 corripiuntur.
910 2636 955 2673 de
976 2646 1052 2685 quo
1071 2637 1117 2676 ad

74 2681 395 2737 Metamorphoses
416 2684 508 2723 libro
528 2698 609 2724 xxv,
630 2686 805 2724 Horatius
817 2699 863 2726 11.
884 2686 1025 2725 Od.1v.
1044 2688 1116 2736 pti·

76 2741 175 2770 mam
198 2734 373 2780 corripuit
400 2734 436 2770 in
458 2736 631 2784 Tecmeffiz.

127 2803 251 2834 Forma
279 2799 437 2846 captivae
456 2800 638 2839 dominum
671 2803 861 2852 Tecmeffae.

77 2855 207 2893 Noster
233 2857 270 2893 ὃ(
300 2856 490 2894 Petronius
521 2861 682 2906 priorem
714 2862 750 2897 in
785 2866 929 2903 Procne,
956 2866 1005 2906 ut,
1021 2859 1115 2898 libro

76 2917 129 2945 vx.
155 2907 510 2955 Metamorphoseon
532 2909 767 2948 ostendimus.
798 2910 1021 2947 Horatius&
1036 2911 1115 2950 Au-

76 2956 194 2995 sonius
215 2958 377 3005 priorem
407 2959 445 2996 in
466 2971 578 3007 cycno.
631 2960 735 2999 Silius
753 2961 946 3000 secundam
970 2962 1008 2998 in
1028 2960 1115 2999 The·

79 3016 253 3057 rapnaeus.

129 3077 208 3110 Ecce
228 3073 450 3124 interprimos
464 3076 680 3128 Therapnaeo
703 3088 725 3113 a
742 3075 912 3125 sanguine
926 3077 1085 3126 Clausus.

78 3132 259 3174 Ausonius
278 3137 470 3175 secundam
505 3140 541 3176 in
575 3138 837 3187 clytemnestra.
866 3138 1041 3178 Martialis
1064 3140 1113 3178 se-

80 3185 234 3223 cundam
256 3188 291 3224 in
314 3189 514 3238 Smaragdos
534 3190 626 3227 libro
648 3202 682 3227 v.

132 3249 363 3296 sardonychas
382 3280 393 3298 ‚
418 3252 624 3305 smaragdos
646 3283 658 3303 ‚
689 3256 903 3309 adamanus
925 3285 937 3306 ‚
958 3258 1114 3309 jaspides

248 3312 325 3340 nno.

441 1358 616 1414 Ausus
643 1359 712 1413 de
739 1359 918 1414 media
946 1359 1100 1431 plebe
1122 1358 1308 1415 sedere
1334 1359 1499 1415 Deus,

2147 1479 2221 1537 Et

1176 1633 1301 1671 neque
1323 1622 1424 1660 enim
1453 1620 1624 1660 assentior
1654 1621 1744 1665 illis,
1772 1622 1836 1670 qui
1848 1621 2027 1670 smaragos
2049 1621 2096 1660 ibi
2115 1626 2227 1671 reposs

1175 1680 1280 1710 nunt.
1306 1672 1370 1711 etsi
1399 1673 1495 1711 haud
1524 1674 1655 1721 ignoro
1682 1673 1865 1717 σμάραγος
1893 1674 2002 1710 etiam
2032 1685 2052 1710 a
2073 1673 2225 1711 Graecis

1176 1723 1345 1771 usurpari.
1377 1726 1486 1772 Apud
1498 1723 1708 1760 Pausaniam
1722 1723 1913 1760 Phocaicis
1933 1724 1969 1759 in
1991 1725 2106 1761 veteri
2127 1735 2226 1772 quo-

1176 1773 1261 1811 dam
1276 1775 1550 1822 Epigrammate
1572 1774 1765 1822 corripitur
1777 1772 1932 1810 secunda
1949 1774 1986 1810 in
2006 1774 2224 1822 Polygnotus.

1173 1824 1234 1863 sed
1246 1825 1351 1874 plena
1362 1824 1442 1863 sunt
1455 1826 1554 1863 hisce
1566 1825 1796 1863 Graecorum
1808 1833 2065 1863 monumenta.
2077 1825 2226 1864 Hiems.

1176 1875 1264 1915 Vid.
1284 1876 1330 1914 ad
1348 1888 1402 1914 vr.
1425 1878 1523 1914 Met.
1539 1875 1625 1922 468.

1234 1939 1291 1965 12.
1318 1927 1452 1977 Opem]
1482 1933 1579 1964 Onus
1599 1927 1684 1974 Jun.
1705 1926 1847 1965 Moreti
1868 1927 1907 1965 &
1924 1925 2055 1965 decem
2078 1927 2150 1966 alii.

1229 1992 1286 2026 14.
1312 1978 1445 2029 Tulit.]
1476 1985 1580 2015 Tenet
1601 1977 1757 2016 Petavii.

1228 2045 1283 2080 15.
1310 2029 1513 2079 Retentus.]
1545 2028 1696 2066 Retentis
1717 2028 1858 2072 Moreti
1886 2040 1990 2067 unus.
2012 2041 2103 2067 mox
2119 2036 2222 2079 prae-j

1165 2082 1306 2133 filuistis
1325 2081 1436 2127 Junii.
1446 2078 1641 2129 profiluillis
1653 2079 1746 2118 duo,

1225 2147 1283 2184 19.
1310 2138 1412 2181 Saepe
1442 2130 1573 2181 aliquis
1601 2130 1702 2177 solio,
1729 2129 1819 2180 quod
1838 2140 1901 2174 tu,
1928 2135 2097 2176 Saturne,
2125 2134 2220 2169 tene}

1171 2185 1271 2235 bas.]
1310 2184 1420 2220 Unus
1441 2180 1634 2220 Mediceus
1661 2193 1746 2219 cum
1761 2181 1867 2229 prim.
1898 2181 2061 2218 editione
2080 2210 2090 2226 ,
2125 2183 2221 2230 stelio,

1170 2251 1236 2288 quo
1253 2240 1497 2280 tu‚Saturne‚
1509 2231 1648 2280 solebas.
1677 2233 1855 2270 Mazarin.
1886 2231 2055 2269 Strozzae
2078 2234 2115 2271 ὃ(
2147 2241 2218 2270 tres

1167 2288 1249 2332 alii,
1275 2299 1340 2337 quo
1362 2296 1401 2321 tu
1417 2313 1427 2329 ‚
1447 2290 1596 2320 Saturne
1610 2311 1619 2327 ,
1636 2283 1783 2329 sedebas.
1796 2281 1869 2320 vid.
1884 2283 2045 2321 11.Pont.
2059 2295 2222 2332 vlu-J}-

1170 2340 1210 2377 &
1248 2350 1339 2376 vm.
1361 2336 1456 2373 Met.
1477 2347 1532 2381 42.
1562 2334 1693 2372 Euam.

1225 2400 1286 2427 20.
1314 2393 1369 2424 De
1389 2385 1503 2422 media
1519 2385 1647 2434 plebe]
1711 2384 1784 2420 ‘rou
1806 2383 1972 2429 τυχόντα
2000 2384 2132 2437 Graeci
2161 2382 2217 2420 di-

1174 2448 1311 2478 cerent.
1361 2436 1532 2474 Isocrates
1562 2436 1599 2472 in
1631 2435 1798 2472 Helenae
1828 2435 2004 2471 encomio
2030 2447 2038 2470 :
2070 2436 2128 2475 Εἰς
2150 2436 2218 2468 τῶν

1175 2491 1359 2535 τυχὸντων
1379 2513 1391 2530 ,
1425 2486 1531 2521 ἀλλὰ
1563 2486 1611 2527 μῆ
1641 2487 1708 2520 τῶν
1731 2486 1824 2519 πολι)
1855 2483 2111 2528 Σιενεγκόντων.
2140 2483 2218 2520 EO-

1173 2541 1258 2577 dem
1279 2536 1379 2576 sensu
1399 2535 1530 2584 legitur
1551 2562 1562 2579 ,
1598 2533 1638 2570 de
1668 2532 1734 2570 vid
1762 2532 1910 2578 mulier,
1933 2543 2015 2582 puer
2037 2536 2052 2570 e
2085 2533 2221 2583 triviis<

1173 2591 1352 2627 Nestor.

1223 2665 1284 2691 20.
1311 2650 1426 2688 Sedere
1455 2647 1597 2696 Deusfl
1650 2649 1709 2686 Ac
1740 2648 1766 2686 si
1792 2649 1914 2697 postea
1937 2649 2037 2688 sedes
2067 2651 2214 2689 unicui-

1172 2716 1245 2753 que
1272 2715 1339 2752 pro
1370 2701 1507 2739 meritis
1535 2699 1739 2749 affignatae.
1801 2700 1909 2737 Hanc
1938 2701 2214 2740 distinctionem

1171 2754 1265 2792 mihi
1298 2752 1391 2791 visus
1426 2751 1617 2789 Homerus
1656 2749 1910 2799 adfignificaffe
1953 2752 1990 2788 in
2026 2752 2135 2790 lliade
2163 2753 2213 2790 A.

1169 2805 1256 2843 606.
1283 2804 1366 2847 ubi,
1393 2802 1472 2851 post
1494 2802 1663 2840 Deorum
1693 2802 1910 2840 convivium
1938 2801 2066 2840 fictum
2095 2805 2132 2841 &
2161 2804 2218 2852 piz

1171 2855 1297 2894 erum:

1224 2914 1267 2952 Οἱ
1295 2915 1352 2963 μὲν
1372 2944 1383 2964 ,
1422 2914 1587 2960 addidit,
1620 2919 1819 2959 κακκείοντες
1856 2916 1930 2958 ἵζειν
1971 2919 2098 2969 oixo'vdle
2134 2921 2217 2968 ἐ’κοιῆ

1346 2976 1444 3020 569⁴,

1221 3020 1310 3070 ’'Hzt
1332 3021 1438 3073 ἔκσῖΐῳ
1459 3022 1558 3076 salua
1579 3026 1771 3071 dhaem-tog
1793 3027 1996 3079 οἶμῲιγυῆως

1215 3074 1403 3125 ’‘I-lpum&
1421 3083 1524 3122 noi'ne'
1546 3081 1678 3134 εἰδυὶῃσι
1708 3081 1917 3136 πρθιπὲὄέσ-ο-ι.

1168 3156 1270 3193 Hinc
1310 3157 1489 3208 Apulejus
1522 3162 1558 3198 in
1601 3161 1894 3211 Metamorphoii
1918 3177 1926 3201 :
1976 3161 2216 3200 Accumbebxt

1162 3209 1343 3256 summum
1365 3220 1480 3247 torum
1507 3213 1675 3256 maritus,
1712 3214 1872 3260 Ps3=chem
1895 3214 2021 3262 gremio
2042 3214 2101 3259 fiae
2121 3225 2211 3247 com·-

1162 3257 1282 3313 pleoqus
1299 3286 1309 3302 ,
1335 3271 1379 3298 (φ’
1398 3273 1475 3297 cum
1502 3261 1569 3310 sud
1591 3262 1734 3307 Junone
1755 3264 1922 3314 Jupiter,
1948 3275 1987 3300 ac
2013 3261 2131 3299 deinde
2149 3269 2208 3307 pff

1170 3307 1322 3360 ordmem
1343 3310 1405 3362 feti
1425 3311 1503 3350 Dei.
1528 3313 1653 3352 Neela

1397 3360 1404 3363 “
2081 3370 2140 3396 21.
2166 3362 2214 3394 E:
