2495 3675
383 161 946 225 EPISTOLARUM
983 160 1092 220 EX
1129 159 1415 218 PONTO.
1455 161 1576 220 Lm.
1615 167 1674 222 Il.
1715 168 1894 225 Erisr.
1931 168 2003 225 X.

2172 183 2269 240 799

413 267 595 340 Quam
621 279 678 321 tu
703 266 788 321 vel
812 264 959 336 longi
986 263 1147 320 debes
1172 261 1500 319 convictibus
1527 264 1674 326 aevi,

269 356 333 392 to

409 413 516 470 Vel
540 412 720 467 studiis
736 453 749 478 ,

483 340 587 396 Vel
616 357 732 394 mea
756 338 905 411 quod
933 338 1130 408 conjux
1152 353 1260 391 non
1285 337 1450 391 aliena
1474 336 1601 397 tibi;

788 410 978 481 quibus
1003 427 1086 472 ες,
1123 425 1282 480 quam
1307 426 1434 474 n03‚
1471 409 1753 481 sapientius
1779 410 1928 473 usus-‚3

479 485 665 558 thue
690 485 874 545 decet,
910 482 1052 537 nulla
1088 480 1256 536 faetus
1282 499 1336 536 es
1362 484 1498 536 Arte
1525 500 1739 537 nocens,

408 558 501 614 Tu
526 559 667 612 canis
693 569 911 611 aeterno
936 553 1201 626 quidquid
1229 553 1449 608 restabat
1474 554 1726 610 Homero
1747 593 1762 619 ,

482 631 568 686 Ne
591 642 802 684 careant
829 625 1030 679 summ-21
1054 625 1261 679 Troica
1289 626 1421 680 bella
1448 644 1622 682 manu.

264 720 324 769 15
398 702 540 759 Naso
568 718 752 773 parum
780 699 1043 772 prudens,
1080 700 1274 751 Artem
1299 698 1428 752 dum
1453 700 1614 753 tradit
1637 699 1874 761 amandi.

484 774 778 829 Doctrinae
802 772 1034 843 pretium
1062 769 1206 823 triste
1230 770 1472 841 magister
1498 772 1674 827 habet.

409 848 545 904 Sunt
579 861 758 900 tamen
780 845 919 897 inter
943 843 994 896 se
1020 845 1328 897 communia
1352 843 1490 897 sacra
1517 847 1718 915 poetis;

483 917 767 973 Diversum
790 915 1029 987 quamvis
1054 915 1280 987 quisque
1304 915 1580 987 sequamur
1601 919 1718 971 iter.

412 993 665 1063 Quorum
692 1001 746 1042 te
772 1003 1072 1042 memorem
1111 990 1132 1056 <
1147 1004 1467 1059 quamquam
1495 992 1680 1061 procul
1708 989 1984 1059 absumus>
2026 989 2127 1045 effe

267 1081 338 1116 20

483 1061 730 1133 Suspicor
753 1087 765 1125 ς
805 1061 859 1113 &
886 1058 1028 1114 casus
1055 1060 1189 1114 velle
1216 1061 1390 1114 levare
1416 1079 1582 1115 meos,

411 1135 503 1190 Te
529 1134 695 1196 duce,
731 1132 1032 1204 magnificas
1055 1130 1208 1186 Asiae
1235 1132 1598 1204 perspeximus
1623 1134 1801 1189 urbes:

483 1206 760 1260 Trinacris
785 1207 859 1258 est
883 1205 1049 1258 oculis
1075 1219 1129 1258 te
1153 1203 1290 1257 duce
1317 1219 1444 1259 nota
1471 1207 1618 1260 rneis.

416 1279 670 1337 Vidimus
690 1276 922 1333 AEtnaeii
946 1277 1159 1331 coelum
1184 1275 1545 1348 splendescere
1568 1278 1806 1342 flammsu

494 1351 802 1423 Suppositus
826 1350 996 1403 monti
1019 1365 1178 1420 quam
1205 1351 1374 1403 vomit
1403 1367 1496 1404 ore
1520 1352 1690 1422 gigas:

272 1443 340 1495 25
413 1424 818 1495 Hennaeosque
845 1423 1010 1482 lacus,
1050 1421 1106 1474 δε
1133 1421 1330 1476 olentia
1356 1422 1530 1494 stagna
1556 1423 1744 1487 Palici,

490 1497 721 1570 Quaque
751 1494 850 1550 suis
879 1493 1100 1567 Cyanen
1129 1494 1313 1550 miscet
1338 1497 1555 1568 Anapus
1578 1498 1740 1569 aquis.

180 1773 240 1810 19.
266 1761 427 1810 Quorum
447 1768 479 1796 te
499 1770 682 1797 memorem
703 1785 714 1802 ‚
741 1768 949 1809 quanquam
973 1754 1090 1805 procul
1106 1754 1170 1792 ab-

122 1812 272 1863 sumus,
298 1810 354 1861 effi·
375 1809 559 1860 Suspicor]
610 1809 826 1847 Sententia:
864 1809 1038 1856 Quorum
1055 1834 1066 1850 ‚
1095 1805 1170 1843 five

131 1875 289 1914 quarum
308 1872 430 1900 rerum
455 1889 466 1906 ,
504 1860 700 1903 videlicet,
727 1857 830 1908 quod
860 1857 954 1896 sacra
976 1857 1096 1905 poetis
1115 1858 1172 1893 in-

130 1924 188 1954 ter
207 1914 241 1952 se
262 1912 479 1951 communia
495 1910 577 1949 sunt
592 1938 602 1955 ,
630 1910 742 1947 etiam
766 1907 792 1947 si
813 1908 982 1957 ipsiinter
998 1906 1032 1945 se
1050 1907 1171 1945 diver-

131 1965 168 2004 sa
192 1963 368 2003 scribendi
397 1973 530 2012 genera
554 1961 778 2008 sequuntur,
802 1967 840 1997 te
867 1969 1078 1996 memorem
1100 1955 1171 1996 esse

134 2023 255 2065 pum,
287 2024 410 2063 eoque
434 2012 529 2050 velle
556 2011 653 2049 casus
685 2021 791 2048 meos
820 2009 956 2047 levare.
990 2009 1170 2047 Mrcrtr.

135 2065 316 2115 §Quamvis
327 2063 446 2114 procul
463 2062 625 2112 absumus
643 2060 668 2098 ὰ
687 2071 720 2098 te
739 2071 831 2099 unus
852 2059 982 2098 codex.
1007 2059 1171 2105 absumus

135 2115 219 2154 urbe
245 2115 387 2153 Barber.
414 2114 583 2164 quamvis
604 2113 728 2160 sumus
757 2110 834 2148 orbe
865 2110 997 2148 remoti.
1034 2108 1177 2146 Farnes.

135 2166 306 2216 quamvis
324 2166 436 2203 etiam
458 2165 565 2213 prim.
586 2163 655 2201 Ed.
677 2174 769 2200 mox
791 2189 802 2206 ‚
840 2161 930 2198 velle
939 2161 1070 2209 juvare
1088 2171 1178 2209 qua-

136 2225 222 2256 tuor
258 2215 390 2264 scripti.
429 2226 496 2262 pro
535 2213 682 2263 suspicor
704 2240 714 2256 ,
760 2211 911 2259 auspicor
942 2211 1014 2248 Ms.
1047 2209 1180 2248 Bersm.

191 2278 256 2307 21.
284 2264 492 2320 magnificas
505 2263 608 2313 Asiae
621 2263 851 2312 perspeximus
873 2259 1008 2307 urbes]
1038 2260 1180 2297 Patavi·
1226 2271 1230 2274 ·

138 2327 231 2356 num
244 2343 256 2361 ,
278 2324 502 2364 perreximus.
520 2314 686 2352 anc.
715 2312 951 2361 Prospeximus
969 2311 1129 2359 plurimi.

190 2390 253 2416 22,
280 2376 454 2415 Trinacris
473 2375 514 2422 est
534 2374 637 2412 oculis
652 2384 682 2410 te
701 2373 782 2410 duce
793 2372 870 2414 visa
885 2371 1002 2420 meis.]
1032 2371 1180 2410 lnnon-

138 2429 271 2472 nullis,
295 2426 477 2464 Trinacria
495 2424 538 2472 est
558 2424 672 2462 oculis.
700 2424 889 2461 Nauem.
927 2423 1025 2466 Alii,
1055 2423 1180 2459 Trina-

135 2481 216 2518 -cria
233 2479 275 2525 esl
294 2476 398 2514 oculis
416 2486 448 2513 te
469 2474 551 2511 duce
570 2484 651 2511 nota
670 2473 762 2510 meis.
788 2473 955 2511 anc.
983 2473 1025 2510 In
1049 2473 1178 2512 iisdem

139 2531 239 2570 libris
259 2540 337 2567 non
352 2555 361 2571 ,
390 2527 492 2574 visa,
519 2524 578 2563 sed
601 2533 683 2561 nota
701 2524 846 2573 legitur.
871 2523 1040 2562 CiofAN.
1085 2530 1181 2561 Nota

144 2581 318 2620 meliores
339 2577 556 2615 constanter.
585 2576 732 2613 Heius.

199 2658 263 2696 24.
289 2646 411 2694 §Quam
434 2638 585 2690 vomit]
617 2645 739 2676 Movet
755 2646 825 2677 tres
844 2636 924 2677 libri
947 2635 1184 2674 &Bersman-

147 2698 187 2737 ni
207 2700 281 2736 Ms.

199 2771 261 2808 25.
286 2753 557 2806 AEtnaeosque.]
587 2753 739 2792 Peffiine
758 2754 956 2802 usquehuc
976 2753 1026 2790 ita
1044 2751 1183 2789 lesturn

150 2810 199 2848 est
220 2812 257 2848 in
285 2807 423 2847 excufis
445 2806 630 2843 omnibus.
669 2802 788 2841 Ursini
814 2805 926 2848 liber,
956 2799 1186 2852 Henneosque.

150 2861 187 2900 Si
209 2860 489 2909 adspirationem
512 2856 637 2894 demas
652 2883 662 2898 ,
691 2866 775 2892 vera
799 2855 867 2892 erit
886 2854 1011 2891 leciio.
1050 2857 1186 2889 Enneus

151 2913 191 2950 ὅ(
211 2908 378 2958 Ennenfis
405 2909 468 2956 (ut
489 2908 532 2944 ab
566 2906 625 2942 Ilio
647 2906 731 2941 ilius
755 2906 792 2942 &
815 2902 967 2954 Iliensis)
993 2903 1185 2941 deducitur

151 2963 196 3001 ab
225 2965 327 2998 Enna
349 2987 360 3003 ‚
407 2969 502 3007 quae
525 2959 572 2994 est
595 2957 736 2995 Siciliae
754 2954 834 2992 urbs
859 2982 869 2998 ‚
905 2956 943 2992 &
971 2954 1186 2991 umbilicus:

153 3023 268 3061 prope
287 3021 400 3059 quam
422 3008 470 3046 est
488 3008 587 3045 lacus
610 3034 620 3050 ,
656 3007 720 3056 qui
750 3006 792 3042 ab
823 3016 864 3042 ea
883 3009 1020 3042 Enneus
1040 3012 1191 3041 vocatur

155 3062 177 3099 ὲ
199 3066 340 3110 poeta;
389 3059 500 3107 idque
531 3058 594 3096 lib.
621 3067 656 3094 ν.
684 3055 936 3105 Metamorph.
970 3055 1053 3104 385.
1080 3055 1191 3093 etiam

156 3120 278 3160 aperte
298 3110 500 3149 indicatur:

211 3175 317 3212 Haud
332 3174 446 3223 procul
465 3174 592 3212 Enneis
614 3173 707 3210 lacus
727 3172 768 3220 est
789 3172 813 3209 bi
832 3170 1005 3211 moenibus
1023 3172 1116 3210 altus
1130 3199 1141 3218 ,

209 3225 360 3263 Nomine
380 3226 538 3275 Pergusa.

157 3289 214 3328 Sic
237 3289 337 3327 enim
357 3285 408 3324 ibi
427 3296 472 3324 ex
493 3298 582 3326 meo
601 3286 692 3325 libro
717 3288 831 3325 veteri
861 3285 1079 3333 emendavi,
1107 3298 1191 3326 cum

2151 1623 2269 1678 Nec

1225 1757 1263 1794 in
1295 1756 1374 1812 aliis
1402 1755 1499 1794 libris
1536 1757 1633 1794 male
1669 1757 1840 1806 scriptum
1869 1759 1905 1796 &
1944 1757 2120 1798 excusum
2158 1755 2268 1803 effer,

1225 1811 1398 1844 AEtnaezs.
1427 1807 1570 1844 Auftor
1589 1807 1709 1845 lascivi
1731 1810 1922 1848 carminis:

1282 1872 1420 1905 Enneae
1441 1874 1600 1905 Cererem
1622 1882 1733 1906 nurus
1746 1871 1994 1923 frequentant.

1232 1930 1465 1979 Lycophron
1485 1932 1522 1968 in
1548 1931 1782 1972 Alexandra:

1279 2001 1332 2035 023
1351 1992 1490 2034 valamir
1511 1996 1547 2035 esu
1566 2001 1766 2048 ’γαμφκῖσιν
1790 2002 1917 2040 Ἐνναῖοι
1939 2003 2032 2041 ποτ-ί.

1277 2060 1389 2108 cujus
1408 2072 1521 2098 avum
1542 2065 1685 2098 Ennaea
1707 2066 1887 2112 quondam
1909 2073 2105 2116 Hercynna.

1235 2121 1405 2177 Ciorm.
1432 2128 1676 2178 Hennaeosque
1698 2123 1836 2164 Sarrav.
1860 2126 2012 2175 Argent.
2032 2128 2068 2165 ὅ(
2094 2137 2185 2165 unus
2197 2125 2276 2163 Va-

1234 2180 1296 2209 tic.
1319 2171 1395 2209 duo
1426 2173 1485 2210 alii
1514 2201 1524 2217 ,
1560 2176 1792 2224 Ennaeosque.
1834 2176 1975 2215 dictum
2008 2178 2053 2215 de
2081 2179 2150 2215 hac
2178 2187 2275 2214 voce

1235 2222 1358 2260 multis
1379 2222 1424 2260 ad
1446 2224 1606 2273 Raptum
1629 2224 1864 2275 Proserpinae
1877 2227 2081 2266 Claudiani.
2110 2229 2253 2266 Heius.

1257 2340 1264 2346 ·
1285 2301 1347 2331 zr.
1375 2292 1421 2325 Et
1443 2288 1570 2326 olentia
1589 2288 1707 2339 stagna
1731 2291 1896 2342 Palisci.]
1928 2293 2144 2343 Legendum
2164 2322 2174 2337 ‚
2204 2300 2276 2330 Pa-

1235 2341 1295 2377 lici
1318 2338 1338 2378 ὲ
1359 2338 1885 2381 Macrobio.·01entiaautem
1899 2343 2018 2395 stagna
2034 2372 2044 2388 ,
2073 2348 2122 2384 ’ότι
2142 2347 2274 2394 φέρεται

1237 2396 1297 2435 ἐπ’
1315 2395 1422 2434 aih-51«
1442 2392 1529 2445 ῧσμνῖ
1547 2400 1663 2445 βιρεῖσι
1682 2396 1758 2436 θείς
1781 2428 1791 2445 ,
1830 2403 1862 2451 ,ς
1884 2403 1947 2441 τοῖς
1965 2402 2096 2441 πλησίοι
2115 2398 2274 2450 {exafflue-

1238 2449 1480 2502 xaepnCoegnea'm
1499 2454 1671 2499 ἰμποιέσ-οι
1687 2450 1811 2502 ὃεινῖοδ,
1842 2462 1881 2490 ut
1901 2454 2082 2492 Polemon
2103 2455 2150 2491 ait
2180 2455 2272 2491 libro

1235 2506 1281 2543 de
1302 2504 1520 2542 admirandis
1541 2503 1680 2542 Siciliae
1696 2505 1884 2545 Fontibus.
1914 2508 2079 2546 FAssRic.
2108 2509 2179 2546 Per
2200 2509 2273 2545 hoc

1235 2556 1399 2604 stagnum
1422 2555 1459 2592 ὃ(
1491 2554 1661 2608 Enneum
1686 2556 1806 2594 lacum
1839 2559 2047 2608 Proserpina
2067 2558 2086 2596 'a
2109 2559 2271 2598 Plutone

1241 2606 1357 2644 ablata
1377 2604 1436 2642 est.
1466 2604 1625 2642 Ovidius
1639 2606 1797 2645 ibidem:

1292 2674 1425 2716 Perque
1444 2667 1538 2722 lactes
1556 2668 1643 2705 altos
1658 2696 1668 2713 ‚
1696 2680 1737 2708 &⁴
1758 2670 1884 2707 olentia
1901 2671 2033 2720 sulfure
2046 2673 2164 2719 fertur

1291 2725 1422 2768 Stagna
1439 2718 1636 2756 Palicorum
1655 2747 1665 2764 ,
1687 2730 1788 2770 rupta
1801 2724 1980 2769 servenria
1994 2733 2099 2761 terra.

1240 2782 1470 2840 scribendum
1489 2809 1498 2825 ,
1525 2783 1667 2821 Palicos.
1689 2794 1728 2823 ut
1748 2785 1788 2823 sit
1809 2785 2001 2835 appositiO.
2031 2789 2189 2828 vidimus
2211 2783 2277 2828 Pssa-

1241 2834 1329 2871 licos
1344 2861 1354 2877 ,
1382 2835 1501 2890 stagna
1523 2835 1673 2873 olentia.
1701 2842 1831 2885 Stagna
1855 2837 2049 2874 Palicorum
2072 2841 2161 2878 dixit
2185 2843 2278 2879 Met.

1242 2896 1277 2921 v.
1298 2885 1382 2929 406.
1402 2888 1449 2922 iic
1470 2884 1565 2931 apud
1587 2886 1748 2924 Graecos
1776 2887 1916 2935 semper
1946 2891 2062 2932 Λῖμνη
2085 2892 2276 2935 Humum,

1243 2936 1280 2972 ὃς
1305 2937 1472 2977 κρκτῆρες
1502 2938 1681 2973 nmium.
1718 2938 1826 2975 etiam
1855 2942 2031 2980 Πκλικῑνη
2051 2943 2164 2986 κρκνή.
2192 2955 2278 2980 nam

1247 2985 1338 3022 duos
1359 2985 1482 3023 fratres
1515 2985 1618 3024 Deos
1645 2987 1784 3025 Palicos
1814 2988 1916 3026 fuifl'e
1948 2991 2097 3030 constat.
2123 2994 2279 3042 Virgilio

1248 3044 1372 3072 tamen
1402 3034 1490 3072 [En.
1512 3048 1565 3073 ix.
1590 3036 1771 3083 placabilis
1800 3052 1865 3075 ara
1896 3041 2017 3078 Palici.
2058 3043 2115 3081 sed
2148 3045 2184 3080 8<
2208 3042 2278 3079 iilic

1249 3097 1401 3141 quoque
1423 3097 1485 3141 per
1507 3087 1775 3134 appositionem
1811 3089 1900 3128 sumi
1931 3093 2059 3139 potest.
2104 3091 2277 3130 Posset&

1247 3137 1344 3184 legi,
1371 3136 1497 3172 olentia
1510 3138 1633 3185 stagna
1658 3139 1804 3177 l’alicen.
1832 3148 1872 3178 ut
1888 3141 1931 3180 ad
1955 3144 2130 3191 oppidum
2159 3142 2277 3175 Παλί-

1248 3201 1312 3243 κιῆν
1332 3187 1456 3243 stagno
1476 3188 1639 3225 vicinum
1666 3191 1804 3228 innuat.
1858 3191 1929 3229 Adi
1959 3193 2113 3229 Siciliam
2137 3200 2278 3226 accura-

1251 3237 1373 3274 tiffimi
1393 3237 1568 3275 Cluverii.
1614 3239 1757 3277 Torani
1789 3241 1990 3278 Palicorum
2016 3241 2167 3277 fabulam
2192 3251 2284 3285 ope-

1253 3287 1332 3328 rose
1352 3287 1561 3337 prosecutus
1581 3289 1627 3326 est
1646 3291 1755 3340 longa
1774 3293 1978 3329 narratione
1998 3289 2207 3327 Macrobius
2225 3289 2286 3325 Sa·

1431 3338 1539 3377 liiii
1570 3349 1591 3376 2
2214 3348 2286 3376 tui·-
