2495 3675
799 159 859 215 P.
932 157 1350 218 OVIDII
1424 154 1951 218 NASONIS

570 262 624 318 In
649 260 819 318 cauffii
846 262 985 318 facili
1010 263 1176 318 cuivis
1201 262 1325 316 licet
1350 258 1453 313 effe
1477 257 1704 312 diserto:

653 337 721 390 Et
746 335 994 391 minimae
1021 336 1155 388 vires
1181 333 1424 404 frangere
1453 330 1629 401 quass'a
1667 332 1858 387 valent.

577 408 845 464 Subruere
873 409 946 461 est
975 424 1120 460 arces
1147 407 1200 459 &
1219 406 1397 459 flantia
1424 406 1636 459 moenia
1666 405 1858 460 virtus:

646 481 957 555 Quamlibet
984 479 1158 549 ignavi
1184 479 1528 550 praecipitata
1553 492 1731 534 ruunt.

430 575 497 625 25

577 556 707 612 Non
731 555 840 609 sum
874 569 978 621 ego
1002 550 1152 623 quod
1180 550 1403 605 fueram.
1443 551 1574 624 quid
1603 552 1813 606 inanem
1841 553 2069 634 proteris
2097 553 2369 610 umbram?

653 626 802 698 Quid
829 625 1064 678 cinerem
1088 623 1217 679 saxis
1243 624 1494 696 bustaque
1524 624 1698 679 nostra
1721 625 1950 697 premis?

579 700 794 756 Heetor
820 710 961 760 erat,
998 710 1126 751 tunc
1164 715 1287 751 cum
1316 696 1454 751 bello
1481 698 1748 762 certabam
1789 711 1839 751 at
1868 697 2017 753 idem

654 770 877 828 Vinctus
903 770 969 823 ad
998 768 1335 824 Haemonios
1360 788 1469 825 non
1497 785 1605 825 erat
1633 770 1844 825 Hee'tor
1870 788 2056 843 equos,

582 844 682 900 Me
709 860 955 916 quoque,
993 859 1158 914 quem
1181 861 1340 898 noras
1367 845 1525 907 olim,
1565 861 1673 898 non
1702 844 1804 900 effe
1835 857 2127 900 mementO.

654 917 740 972 Ex
764 917 853 971 illo
879 918 1122 987 superant
1149 915 1277 970 haec
1303 916 1570 971 fimulacra
1608 919 1738 972 viro,

579 991 728 1065 Quid
753 989 1054 1052 fimulacra‚
1091 988 1276 1053 ferox,
1316 989 1467 1043 ditiis
1500 989 1708 1044 incestis
1733 993 1942 1045 amaris:

657 1064 822 1118 Parce
846 1101 861 1126 ,
900 1077 1122 1133 precor,
1158 1079 1337 1117 manes
1363 1062 1642 1117 sollicitare
1666 1080 1830 1118 meOS.

586 1137 783 1193 Omnia
817 1152 942 1190 vera
970 1149 1095 1206 puta
1121 1152 1238 1189 mea
1264 1135 1501 1189 crimina.
1530 1135 1599 1189 nil
1625 1134 1684 1189 s1t
1712 1138 1765 1190 in
1792 1136 1920 1201 illis,

660 1208 829 1282 Quod
859 1209 1024 1279 magis
1049 1225 1316 1271 errorem,
1345 1225 1513 1289 ‘quam
1538 1208 1738 1273 scelu3‚
1776 1208 1880 1263 effe
1905 1221 2076 1281 puteS.

583 1283 873 1340 Pendimus
901 1299 966 1334 en
992 1280 1204 1352 profugi
1234 1281 1388 1349 (sana
1417 1294 1505 1335 tua
1531 1280 1780 1352 pefiora)
1819 1299 2015 1354 poenas
2036 1321 2054 1348 ,

662 1354 968 1420 Exsilioque
996 1371 1205 1425 grave8‚
1243 1353 1516 1427 exsiliique
1540 1355 1680 1408 loco,

587 1427 841 1484 Carnifici
865 1424 1103 1480 Fortuna
1128 1425 1304 1498 potest
1333 1443 1450 1480 mea
1472 1425 1651 1481 flenda
1676 1428 1875 1483 videri:

613 1521 619 1526 ’
660 1501 751 1556 Te
777 1514 955 1554 tamen
979 1497 1053 1553 est
1077 1517 1184 1555 uno
1209 1499 1390 1572 iudice
1415 1499 1612 1555 moesta
1636 1517 1838 1573 parurn.

2324 1577 2441 1634 Sae-

347 1731 407 1758 2r.
437 1715 564 1754 Cuivis
585 1714 660 1751 licet
686 1713 744 1762 esJe
766 1710 925 1760 diserta]
981 1711 1072 1750 Mss.
1105 1711 1232 1749 cuivis
1266 1710 1343 1749 licet
1399 1724 1490 1750 ram.
1524 1710 1695 1751 nonnulli
1725 1712 1837 1751 etiam
1862 1714 1874 1757 ζ
1910 1718 1989 1751 Non
2010 1714 2094 1762 sum
2118 1727 2173 1765 ego
2202 1713 2264 1766 qui
2290 1716 2443 1764 fueram.

300 1768 357 1818 else
377 1771 559 1817 disertum.
598 1766 757 1813 Nauger.
784 1761 943 1814 quemvis
974 1762 1051 1799 lieet
1079 1764 1136 1812 effe
1165 1763 1345 1818 disertam.

302 1821 422 1859 Nobis
452 1818 618 1867 placuit,
653 1814 764 1852 cuivis
795 1814 870 1851 licet
903 1811 959 1862 effi
992 1814 1126 1862 diftrto.
1156 1814 1206 1852 ita
1234 1821 1345 1852 etiam

302 1872 419 1909 infra:

356 1941 420 1972 An
439 1932 548 1983 magis
569 1931 706 1981 infirmo
725 1943 794 1968 non
809 1939 915 1967 vacat
938 1929 994 1980 effi
1016 1928 1115 1967 mihi.

303 1998 343 2037 &
368 1999 501 2036 Horat.

357 2062 452 2070 --
486 2047 708 2086 mediocribus
727 2047 785 2096 effe
804 2046 930 2084 Po'e'tis.

303 2100 464 2139 Linacer
485 2100 662 2137 Graecam
684 2097 754 2136 effe
775 2097 1006 2143 ἑννοιλλαγῆν
1028 2104 1130 2145 putat
1150 2096 1262 2135 dativi
1283 2109 1350 2146 pro

304 2151 523 2190 accusativo,
541 2150 664 2198 estque
692 2150 781 2186 haec
806 2149 925 2185 forma
958 2147 1178 2185 Aristotelici
1202 2147 1353 2186 Sermo-

306 2203 361 2241 nis
379 2202 440 2239 lib.
463 2213 494 2238 v.
524 2201 643 2238 Ethic.
662 2201 815 2237 Nicom.
837 2211 913 2247 cap.
936 2211 969 2235 z.
1007 2197 1059 2234 Οὐ
1076 2200 1145 2243 γὰρ
1164 2198 1244 2242 ’ἴσως
1265 2198 1353 2235 ταύ-

308 2253 373 2290 τὸν
392 2251 490 2296 neap}
503 2264 543 2288 τε
558 2252 677 2296 ἀγαθῷ
697 2246 783 2286 εἶναι
806 2250 867 2284 καὶ
888 2249 1023 2293 πολίτῃ
1043 2252 1167 2286 παντὶ.
1204 2250 1355 2289 Bnnsm.

314 2303 490 2351 Qemvis
522 2302 598 2338 licet
628 2301 683 2350 effi>
713 2301 880 2349 disbrtum
907 2300 990 2346 Jun.
1011 2300 1164 2339 Moreti.
1186 2300 1354 2339 Bernens.

311 2355 350 2392 ὃ(
371 2353 460 2391 οέὶο
483 2353 554 2390 alii.
577 2353 689 2389 cuivis
708 2351 874 2397 disertum
904 2350 1063 2398 plurimi.
1086 2351 1161 2389 vid.
1181 2351 1223 2389 ad
1246 2352 1358 2401 Epist.

309 2416 391 2443 xxv.
421 2406 480 2450 64.
509 2415 599 2440 mox
629 2404 765 2439 vincere
797 2401 883 2451 caffiz
912 2401 1056 2448 Junian.
1076 2404 1239 2451 frangere
1268 2403 1356 2453 cassa

312 2456 401 2493 duo.
417 2454 529 2503 solem
551 2456 660 2491 etiam
682 2455 824 2490 Lovan.
846 2455 882 2490 &
906 2453 1008 2491 alius,

361 2518 421 2555 23.
449 2506 682 2553 Praecipitata
701 2502 894 2551 premunt]
927 2503 1014 2540 Duo
1027 2503 1264 2547 libri‚ruunt:
1281 2505 1355 2542 ele-

309 2567 436 2605 ganter
450 2584 459 2600 ‚
470 2556 645 2604 probant:
660 2553 813 2592 Heinsio
828 2582 837 2599 ,
851 2565 916 2602 pro
929 2565 1105 2602 proruunt
1131 2582 1140 2600 ,
1156 2556 1332 2604 dzjiciunt
1347 2584 1357 2601 ‚

312 2607 388 2645 vid.
407 2620 478 2645 xxi.
502 2607 596 2644 Met.
616 2618 695 2655 134.

366 2671 576 2722 Cedentique
588 2671 731 2722 sequens
745 2670 872 2718 instat,
900 2668 1107 2719 turbatque,
1134 2671 1284 2720 ruitque.

315 2735 356 2773 ἃ
376 2736 423 2772 ita
445 2737 568 2784 paffim
589 2737 658 2774 alii.
686 2737 725 2774 &
754 2736 828 2773 hoc
849 2735 978 2772 melius
997 2736 1173 2773 convenit
1193 2737 1243 2782 τῷ
1259 2744 1358 2784 prae-

317 2786 460 2834 oipixaia
483 2815 493 2830 ‚
531 2799 626 2835 quae
659 2799 736 2825 non
768 2794 1006 2833 premuntur,
1034 2786 1091 2823 sed
1113 2795 1278 2823 ruuntur.
1305 2797 1361 2823 re-

317 2838 422 2885 petiit
441 2836 598 2875 librarius
612 2839 684 2875 hoc
697 2837 848 2874 verbum
868 2849 912 2872 ex
932 2835 1094 2883 sequenti
1115 2836 1362 2880 dulit-bombi

321 2887 429 2925 multi
452 2888 596 2924 codices
620 2889 776 2929 habent,
806 2886 967 2936 bustaque
988 2887 1099 2933 nostra
1113 2887 1364 2937 premis.quod

320 2937 556 2986 praetulimus
588 2938 736 2986 vulgato
760 2965 768 2981 ,
794 2937 900 2986 petis,
930 2936 1070 2984 respitit
1097 2940 1197 2975 enim
1222 2939 1266 2976 ad
1296 2947 1366 2975 ter-

321 2998 399 3025 ram
428 2988 550 3024 levem
574 3016 584 3033 ‚
620 3000 731 3037 quam
763 2988 938 3034 optabant
959 2988 1101 3036 sepultis
1122 3017 1132 3030 ‚
1161 2997 1200 3026 ut
1226 2988 1365 3026 notisfi-

322 3049 451 3081 mum,
479 3050 555 3075 non
578 3048 618 3075 ut
647 3039 812 3075 saxorum
838 3038 999 3085 pondere
1018 3047 1269 3086 premerentur
1289 3050 1368 3076 ma-

322 3100 399 3126 nes.
428 3088 583 3136 Qilibet
609 3098 718 3125 etiarn
749 3088 867 3136 scripti
899 3090 935 3124 &
956 3087 1043 3125 editi
1062 3091 1244 3129 nonnulli.
1280 3102 1368 3141 qua-

323 3138 415 3177 libus
433 3139 584 3185 septem.
613 3138 784 3188 quodlibet
805 3149 907 3175 unus.
937 3138 1065 3176 Bunm.

376 3191 440 3233 26,
468 3195 547 3226 Non
564 3190 648 3236 sum
677 3189 735 3237 qui
761 3188 939 3238 ficorum]
995 3195 1074 3225 Non
1098 3191 1176 3235 sum
1206 3205 1259 3241 ego
1278 3191 1368 3243 quod

324 3245 461 3288 sueram
482 3251 568 3277 cum
599 3241 706 3289 prim.
729 3239 847 3276 Vatic.
868 3240 904 3276 ὃ(
924 3251 1000 3276 uno
1025 3240 1211 3278 Mediceo.
1259 3244 1370 3281 Uter-

328 3305 404 3346 que
424 3290 596 3331 Politiani
623 3291 663 3331 δι
690 3290 842 3341 quidam
871 3289 952 3337 alii,
981 3296 1063 3329 Non
1084 3291 1168 3340 sum
1188 3294 1278 3344 quod
1288 3296 1370 3342 sue-

1401 1763 1507 1801 bene.
1527 1763 1690 1813 Propert.
1709 1762 1770 1801 lib.
1790 1775 1819 1801 1.
1841 1763 1945 1815 Eleg.
1962 1777 2033 1803 xu.
2055 1779 2101 1803 η.

1453 1829 1534 1860 Non
1546 1825 1628 1872 sum
1645 1837 1699 1873 ego
1719 1823 1781 1874 qui
1791 1826 1949 1871 fueram.
1968 1835 2087 1863 mutat
2109 1826 2174 1864 via
2192 1825 2292 1876 longa
2308 1827 2449 1876 puellas.

1405 1873 1550 1912 Hms.
1579 1875 1669 1913 Non
1692 1874 1802 1913 video
1820 1876 1951 1914 melius
1972 1875 2448 1929 effe‚quifueram,quam‚

1406 1926 1508 1974 quod.
1527 1925 1599 1963 vid.
1621 1925 1664 1963 ad
1685 1926 1794 1974 Epist.
1813 1938 1866 1965 tx.
1891 1927 1973 1966 106.
2002 1927 2130 1967 Boni«.

1406 1987 1519 2064 Mzgn.
1547 1975 1760 2026 certabat.]
1818 1983 1978 2016 Certant
2012 1979 2124 2027 prim.
2159 1979 2268 2018 Palat.
2296 1981 2334 2018 δί
2362 1990 2451 2020 unus

1456 2038 1475 2063 e
1504 2038 1549 2064 ic.

1455 2076 1514 2114 28.
1542 2081 1588 2114 Et
1609 2077 1702 2116 idem
1734 2080 1880 2117 Trab‘lus
1910 2078 1955 2116 ab
1983 2080 2173 2118 Haemonio
2203 2094 2270 2118 non
2292 2090 2365 2118 erat
2384 2087 2452 2118 Hc·

1406 2129 1478 2164 Hor
1503 2128 1626 2178 equo.]
1682 2133 1738 2166 At
1768 2129 1860 2167 idem
1890 2142 1975 2168 cum
2009 2133 2116 2181 prim.
2147 2132 2268 2169 Vatic.
2297 2131 2453 2176 deinde,

1407 2179 1549 2216 vinftus
1577 2180 1626 2215 ad
1655 2181 1858 2217 Haemonios
1887 2195 1987 2232 equos
2017 2193 2103 2219 curn
2127 2182 2231 2229 prim.
2260 2181 2369 2219 Polit.
2389 2194 2455 2219 eo-

1408 2228 1493 2267 dem
1527 2230 1714 2268 Vaticano
1741 2258 1751 2274 ‚
1788 2232 1827 2268 δε
1857 2231 2146 2280 Rottendorphii
2177 2231 2330 2275 codice,
2358 2233 2454 2280 opti-

1410 2292 1551 2330 moque
1570 2281 1761 2319 Mediceo.
1786 2293 1863 2330 quo
1895 2282 2061 2320 alludunt
2081 2282 2186 2319 multi
2207 2283 2291 2327 alii,
2318 2284 2356 2320 in
2374 2283 2453 2331 qui-

1410 2332 1474 2370 bus
1495 2360 1505 2376 ,
1552 2334 1669 2369 Vastus
1696 2331 1739 2368 ab
1758 2333 1946 2370 Haemonio
1968 2346 2062 2383 equo.
2101 2333 2248 2370 Hfims.
2284 2338 2340 2370 At
2361 2332 2450 2372 idem

1413 2383 1523 2421 redte.
1545 2391 1584 2421 ut
1604 2395 1656 2420 1v.
1675 2383 1765 2421 Fast.
1789 2396 1872 2421 101.

1466 2445 1527 2483 30.
1554 2440 1647 2470 Haec
1659 2432 1852 2483 simulacra
1875 2433 1891 2484 ]
1933 2440 2028 2471 Haec
2045 2433 2172 2482 fimula
2190 2447 2249 2471 ora
2277 2434 2404 2473 Servii.

1465 2497 1523 2534 31.
1551 2486 1665 2521 Dicas
1684 2485 1838 2521 incendis
1857 2484 2020 2535 amaris]
2051 2487 2238 2534 Quattuor
2255 2485 2333 2524 libri
2355 2494 2452 2524 vete·

1413 2546 1490 2579 res,
1520 2536 1649 2583 quibus
1669 2545 1752 2573 utor
1771 2536 1998 2584 potiffimurn
2015 2534 2174 2583 ,inceffis.
2200 2536 2370 2574 C10FAN.
2397 2543 2452 2574 In·

1414 2586 1526 2622 condis
1547 2586 1644 2624 haud
1675 2586 1749 2623 scio
1771 2597 1882 2635 quarn
1906 2586 2027 2630 redie3
2057 2586 2201 2624 tametsi
2221 2588 2328 2624 Maro
2345 2587 2455 2624 incen-

1415 2637 1490 2673 dere
1510 2637 1621 2672 lufflus
1639 2636 1771 2674 dixerit
1802 2639 1838 2673 in
1862 2649 1913 2674 1x.
1936 2636 2027 2675 AEn.
2051 2650 2135 2684 500.
2163 2649 2229 2685 pro
2258 2639 2385 2675 omnia
2402 2638 2455 2675 lu·

1417 2687 1477 2729 <tu
1499 2687 1697 2734 complere.
1726 2687 1875 2725 usam.
1906 2687 2059 2725 Incendis
2078 2688 2162 2735 Jun.
2183 2688 2289 2726 Leid.
2309 2689 2346 2726 &
2365 2699 2455 2726 non-

1416 2737 1503 2774 nulli
1523 2737 1605 2782 alii,
1628 2739 1663 2774 &
1679 2738 1779 2777 Edit.
1802 2738 1945 2788 Micyll.
1964 2739 2244 2787 Gryp.&aliae.
2262 2739 2320 2777 sed
2340 2736 2457 2786 inceffis

1416 2787 1572 2825 redium.
1601 2791 1808 2827 x111.Met.
1838 2801 1925 2839 232.
1961 2790 2063 2836 ausus
2092 2799 2168 2826 erat
2198 2803 2284 2839 reges
2313 2790 2455 2840 inceffere

1417 2839 1530 2877 dic‘lis.
1555 2840 1593 2877 &
1614 2839 1709 2877 alibi.
1737 2840 1869 2877 Bunm.

1474 2900 1532 2937 33.
1560 2889 1685 2938 Vera.]
1717 2896 1815 2927 Vana
1839 2890 1954 2928 Servii
1976 2890 2108 2929 codex.

1473 2951 1532 2988 35.
1561 2942 1657 2976 Satia
1678 2952 1740 2977 tua
1753 2940 1928 2990 pestora]
1978 2942 2210 2981 Exclamat-io
2231 2941 2367 2982 doloris
2387 2939 2460 2992 ple·
2494 2954 2495 2983 ἶ

1421 3001 1480 3028 na.
1509 2991 1562 3029 Ita
1583 2992 1658 3028 fere
1681 2991 1740 3028 lib.
1763 3003 1816 3029 vr.
1841 2993 1936 3030 Met.
1957 2992 2003 3030 de
2026 2993 2174 3031 Niobe:
2435 3000 2438 3010 ¹

1598 3041 1761 3090 satiaque
1783 3055 1854 3080 meo
1873 3053 1936 3080 tua
1948 3045 2082 3092 penora
2103 3043 2200 3081 lustu
2215 3072 2226 3090 ,

1475 3096 1608 3140 Corque
1631 3093 1745 3137 serum
1757 3093 1868 3141 satia.

1425 3143 1518 3190 Quo
1539 3142 1685 3179 videtur
1703 3141 1891 3191 respexisse
1910 3142 2049 3181 Seneca
2070 3145 2107 3182 in
2129 3144 2310 3195 Oedipo;
2337 3143 2397 3184 ubi
2419 3143 2466 3184 ita

1426 3193 1495 3231 est:
1525 3192 1711 3240 sedjuvas
1728 3194 1810 3242 ipfhs
1820 3194 1956 3241 satiare
1975 3199 2075 3232 Deos.
2104 3195 2280 3235 exona.

1477 3243 1537 3293 38.
1565 3245 1680 3291 Mersa
1695 3243 1860 3293 parum]
1897 3244 2024 3291 Moesta
2036 3246 2135 3284 malo
2156 3259 2241 3285 cum
2254 3244 2468 3286 Barberinia·

1425 3305 1478 3335 no
1499 3295 1538 3334 ὅ(
1558 3293 1824 3344 Gottorpienfi.
1850 3303 1944 3342 tres,
1971 3298 2101 3346 measti.
2120 3309 2235 3345 unus,
2263 3299 2373 3352 versa.
2393 3295 2467 3383 ξιι-

2350 3349 2396 3386 iic
2423 3355 2462 3389 eq
