2495 3675
240 214 332 259 ες»,
729 190 789 247 P.
865 180 1272 258 ov⁴1D11

1349 175 1886 240 NASONIS

525 305 627 371 Et,
664 307 801 363 bene
827 322 954 367 nos,
991 301 1226 362 Patriae,
1263 295 1400 352 bene
1428 306 1508 358 te,
1545 291 1739 359 Pater,
1777 299 1981 371 optime
2011 300 2232 372 Caesar,

600 381 782 436 Dicite
804 375 1024 438 suffusO,
1062 390 1157 444 per
1181 372 1324 426 sacra
1348 367 1535 432 verba,
1573 385 1740 424 mem.

234 605 281 632 ex
303 593 459 644 vestigiis
478 593 762 632 veterrimorum
783 591 967 647 codicum.
1007 587 1186 626 Ceterum
1207 595 1274 642 pro

236 645 387 683 Nutriat
408 646 571 683 intinctos
590 645 674 681 cibos
687 672 696 688 ‚
725 641 827 691 quod
846 642 1023 679 Latinum
1045 650 1124 676 non
1137 637 1184 674 est
1198 649 1277 695 ’.m‘

235 705 358 733 ventos
389 697 475 734 cibos
505 696 709 743 Hamburg.
735 694 884 730 intactos
912 691 1007 748 cibos·
1037 688 1181 748 Arond.
1200 701 1279 745 *tm-

236 746 346 795 miffos
366 747 449 784 cibos
471 747 639 784 undecim
663 745 734 782 alii.
771 745 937 793 quinque
958 771 968 786 ,
994 742 1159 798 Jnctneflos
1179 738 1277 775 cibos.

237 796 341 834 Vols.
369 798 531 834 intinctos
567 803 676 833 Lares.
701 794 899 844 quomodo
919 793 1061 831 Zulich.
1083 792 1121 828 &
1141 791 1280 828 Mazar.

238 846 260 885 Ξι
282 860 393 885 manu
414 846 538 896 prima.
569 851 670 894 cujtis
686 847 878 894 scripturae
899 845 1052 894 fugitiva
1073 851 1277 898 etiamnum

238 899 385 946 vestigia
408 898 637 946 apparebant.
676 898 777 945 Lege
798 896 895 934 nulla
917 897 990 933 fere
1013 901 1219 931 mutatione
1240 893 1280 929 &

238 948 451 996 conjectus—:1
471 946 672 986 indubitata
686 976 696 992 ,
723 947 885 984 incinctos
905 953 1019 983 Lares.
1046 944 1158 982 Lares
1181 943 1282 980 enim
1299 982 1312 987 ,

236 1000 274 1037 in
303 999 544 1037 marmoribus
561 1010 603 1036 ac
623 998 728 1047 signis
749 999 871 1036 aeneis
892 997 1049 1046 antiquis
1069 995 1282 1051 exprimun-

236 1058 298 1086 tur
327 1049 510 1096 incincti,
546 1049 606 1088 seu
633 1049 817 1088 succincti.
855 1057 895 1088 ut
930 1046 1067 1087 Persius
1095 1046 1283 1095 loquitur,

238 1100 310 1138 Sat.
332 1112 366 1138 v.
391 1112 451 1150 30.

288 1165 383 1198 Cum
397 1161 553 1211 primum
571 1162 700 1211 pavido
719 1162 822 1209 custos
840 1162 928 1199 mihi
947 1171 1097 1211 purpura
1120 1157 1226 1215 ceffit,

291 1212 655 1262 Bullaquesuccinclis
678 1214 824 1251 Laribus
845 1214 976 1249 donata
992 1210 1165 1260 pependlt.

240 1277 280 1316 δὲ
302 1278 406 1327 plane
430 1280 467 1316 in
489 1279 646 1328 antiquis
665 1277 782 1327 sigillis
801 1279 922 1315 aeneis
937 1305 947 1321 ,
974 1276 1094 1324 qualia
1112 1275 1154 1331 ¹&
1173 1284 1285 1322 penes

240 1339 304 1366 me
327 1330 405 1367 sunt
420 1358 429 1374 ‚
454 1330 563 1367 Lares
585 1329 734 1367 incincti
748 1328 808 1365 seu
827 1327 1000 1365 succincti
1020 1334 1285 1382 exprimuntur.

238 1390 317 1417 non
335 1379 433 1417 reete
456 1392 544 1429 ergo
575 1381 628 1418 vir
655 1380 817 1418 summus
850 1378 1089 1433 Casaubonus·
1117 1375 1163 1413 ad
1185 1376 1285 1433 liabi-

237 1438 318 1468 tum
342 1431 654 1479 peregrinantium
682 1431 792 1468 refert
813 1458 824 1474 ‚
861 1441 938 1477 quo
965 1429 1059 1466 lares
1080 1426 1212 1465 induti.
1235 1425 1284 1464 fic

238 1479 392 1517 incinffa
420 1481 544 1518 Diana
582 1482 651 1530 Ep.
683 1493 737 1518 ιν.
760 1481 820 1526 87.
857 1481 896 1518 &
927 1480 1079 1517 incincta
1114 1476 1200 1533 Hebe
1229 1477 1279 1515 V.

239 1530 327 1568 Fast.
346 1532 431 1579 675.
457 1532 628 1569 incinc‘lus
647 1532 770 1569 tunica
780 1540 970 1574 mercator,
984 1542 1052 1579 pro
1067 1529 1279 1585 siecctnflas,

239 1581 337 1629 apud
353 1583 541 1624 Nostrum.
570 1582 622 1620 bis
637 1583 787 1621 cinctam
800 1583 962 1622 Dianam
984 1581 1078 1621 dixit
1097 1578 1283 1618 Ausonius

239 1631 363 1682 Epigr.
382 1646 528 1674 xxvtxr.

289 1699 363 1730 Nec
384 1693 435 1731 bis
457 1695 568 1732 cinifla
590 1696 712 1734 Diana
724 1697 861 1748 placet,
889 1710 948 1734 nec
966 1695 1062 1734 nuda
1081 1692 1242 1744 Cythere.

238 1767 283 1793 ea
305 1756 404 1793 enim
428 1757 476 1794 est
497 1760 728 1806 optimorum
752 1760 923 1798 codicum
947 1759 1140 1807 scriptura,
1168 1767 1282 1807 quam

239 1806 400 1844 Vinetus
421 1819 499 1845 non
528 1809 730 1856 intellexit,
757 1810 846 1849 dum
859 1810 1038 1859 succincta
1065 1810 1206 1846 mavult
1227 1820 1283 1845 re-

241 1858 344 1945 jlajoni.
375 1857 565 1897 claudian.
585 1872 649 1898 111.
676 1861 718 1899 ln
739 1861 853 1901 stilic.
876 1873 913 1900 v.
928 1860 1013 1908 248.
1048 1860 1109 1898 De
1130 1861 1199 1898 hac
1212 1858 1283 1908 ipsa

283 1919 386 1946 iana:

662 1979 742 2012 Duo
765 1973 901 2024 cingula
920 1973 1046 2023 vestem

294 2028 406 2060 Crure
425 2033 524 2061 tenus
538 2025 681 2074 pendere
700 2024 840 2085 vetant.

244 2087 283 2126 ἃ
303 2087 363 2125 lib.
386 2100 430 2125 ιι.
449 2088 494 2126 de
516 2090 624 2139 Rapt.
643 2089 740 2128 Pros.
763 2102 823 2140 33.

290 2152 475 2200 Crispatur
491 2155 625 2202 gemino
643 2155 743 2204 vestis
761 2156 933 2205 Gortynia
953 2156 1068 2194 cincla

293 2203 422 2252 Poplite
430 2206 513 2253 fusa
526 2217 645 2246 tenus.

240 2268 288 2307 de
310 2269 452 2307 eadem.
481 2270 527 2308 slC
538 2272 706 2320 succincti
718 2283 822 2324 popae
844 2274 1048 2323 Propertio.
1069 2274 1203 2312 lib.111.
1228 2274 1286 2312 El.

240 2333 275 2366 4.
295 2320 488 2367 succinctus
508 2335 675 2360 mercator
709 2325 805 2374 apud
835 2325 925 2363 Pers.
950 2326 1020 2362 Sat.
1041 2337 1074 2362 v.
1099 2325 1287 2374 praecincti

237 2371 333 2419 pueri
363 2371 409 2408 de
437 2372 581 2411 famulis
609 2375 741 2413 Horat.
764 2388 809 2413 11.
855 2376 927 2413 Sat.
953 2388 1042 2413 vm.
1079 2386 1120 2413 ut
1159 2386 1285 2414 contra

241 2421 397 2468 discinl‘li
422 2434 431 2458 :
469 2423 643 2473 Denique
670 2427 758 2464 alter
790 2426 928 2463 Mazar.
957 2428 996 2464 ὃ(
1026 2438 1119 2464 unus
1146 2426 1285 2465 Medic.

241 2474 347 2509 uncta
363 2472 516 2520 patella,
543 2476 742 2523 quomodo
763 2477 800 2513 &
820 2476 962 2521 Persio,

470 2538 580 2575 unc‘ld
600 2540 720 2590 vixiſje
736 2541 868 2589 patella

294 2591 422 2636 Semper
437 2615 446 2631 ,
474 2599 518 2628 (9⁴
536 2587 659 2637 affiduo
676 2603 799 2629 curata
821 2591 972 2630 cuticula
981 2592 1061 2640 fiale.

241 2659 334 2685 unus
368 2650 508 2688 Fames.
535 2653 675 2701 juncta.
708 2654 851 2691 Zulich.
873 2655 982 2703 juffa.
1025 2654 1096 2693 Sed
1117 2667 1203 2694 cum
1230 2656 1286 2693 To

244 2698 341 2746 miffic
363 2712 437 2737 vox
456 2701 495 2738 sit
517 2704 742 2747 convivalis,
770 2703 870 2742 unde
891 2706 928 2741 &
950 2704 1065 2752 miffas
1087 2717 1153 2752 pro
1177 2705 1260 2743 cibo
1274 2733 1285 2749 ,

245 2749 291 2835 δὲ
307 2749 441 2797 missilia
466 2763 532 2799 pro
560 2755 666 2792 donis
687 2783 698 2800 ,
734 2755 785 2792 nil
813 2763 954 2791 temere
985 2763 1143 2793 mutem.
1169 2756 1230 2794 lib.
1251 2767 1286 2794 v.

246 2809 265 2847 3
296 2811 332 2835 0.

297 2867 460 2904 Accidere
480 2869 518 2906 in
538 2873 669 2920 mensas
689 2883 729 2910 ut
750 2872 824 2921 rosa
843 2873 938 2922 miJJa
951 2872 1048 2922 solet.

246 2927 326 2965 Art.
346 2930 405 2966 lib.
428 2943 453 2967 1.
480 2932 560 2979 582.

299 2993 389 3029 Huic
407 2994 506 3031 detur
533 2998 633 3046 capiti
652 2999 748 3047 miffa
767 3013 888 3038 corona
907 3012 977 3039 tuo.

245 3059 332 3096 hinc
353 3061 390 3097 ὃ(
413 3061 526 3109 missae
543 3063 636 3110 pullo
652 3065 767 3112 fruges
787 3066 883 3114 apud
907 3068 1057 3105 Livium
1079 3069 1115 3106 in
1134 3081 1286 3120 augura·

245 3110 286 3146 lis
306 3109 392 3148 sacri
410 3110 661 3159 deteripuone.
692 3117 828 3152 Patella
848 3127 968 3153 autem
993 3121 1137 3167 proprie
1156 3122 1191 3158 in
1207 3122 1284 3161 usus

246 3161 397 3198 Larium
421 3161 580 3200 adhibita
609 3168 644 3199 ‘cx'
665 3164 842 3204 libationi.
890 3168 1007 3205 Varro
1034 3169 1166 3208 Manio
1188 3173 1283 3219 apud

247 3210 418 3249 Nonium
442 3213 658 3251 Marcellum
692 3217 726 3252 in
752 3218 892 3264 patella.
951 3220 1121 3267 Qsocirca
1159 3231 1283 3270 oportet

244 3261 370 3298 bonum
399 3263 511 3299 civem
532 3264 655 3312 legibus
673 3276 791 3313 ‘carere
814 3295 824 3312 ,
861 3279 903 3307 ω’
923 3270 996 3305 deos
1016 3270 1138 3315 colere,
1165 3274 1202 3309 in
1219 3283 1283 3322 pa-

240 3312 362 3351 tellam
382 3314 464 3351 dare
483 3316 604 3361 μικρὸν
625 3327 740 3363 κρεκς.
755 3318 813 3356 sed
827 3319 863 3357 ὃς
881 3319 1012 3359 Vestae
1028 3322 1160 3370 patella
1193 3323 1282 3373 liba7

2250 452 2379 510 Nox

1329 581 1562 631 batur,quae
1574 583 1666 622 focis
1690 584 1934 634 praesidebat,
1961 593 2002 625 ut
2023 586 2148 626 Lares.
2176 590 2279 628 Hinc
2299 591 2384 629 No-

1330 633 1398 671 ster
1417 633 1572 672 Fast.vx.
1592 647 1675 683 310.
1696 642 1773 673 Fert
1787 636 1895 687 misyos
1908 637 2019 684 Vestae
2035 648 2123 688 pura
2129 640 2261 688 patella
2284 642 2382 680 cibos.

1331 684 1500 722 Valerius
1532 686 1720 724 Maximus
1746 688 1838 726 libro
1861 700 1914 725 1v.
1954 701 2031 737 cap.
2053 703 2088 736 4.
2125 695 2167 727 C.
2205 691 2383 730 Fabricius

1330 734 1500 784 patellam
1512 737 1617 782 suam
1636 748 1748 774 corneo
1773 739 1923 788 pediculo
1946 740 2106 787 sustineri
2133 741 2258 778 voluit.
2285 743 2383 790 apud

1336 787 1559 823 Ciceronem
1579 785 1671 824 libro
1688 787 1847 827 secundo
1866 790 1911 828 de
1923 790 2070 828 Finibus
2098 791 2138 828 de
2148 792 2278 841 patella
2291 793 2385 831 edere

1336 836 1469 874 dicitur
1500 838 1537 874 in
1565 838 1737 875 homines
1768 840 1903 889 impios
1942 842 1980 878 ὅ(
2014 843 2247 890 profanantes
2277 844 2386 882 sacra.

1336 888 1417 926 noti
1438 888 1533 935 apud
1554 888 1724 926 Plautum
1735 889 1971 940 diipatellarii
1991 919 2001 935 ,
2026 892 2101 930 hoc
2121 893 2169 931 est
2193 895 2383 932 minorum

1335 939 1518 988 gentium.
1545 939 1681 976 Persius
1704 952 1793 978 vero
1815 942 1917 991 quod
1939 943 2113 980 cultricem
2127 945 2199 991 foci
2211 944 2385 994 patellam

1338 991 1428 1028 dixit
1448 988 1574 1039 Satyra
1595 988 1723 1035 tertia,
1759 992 1979 1031 tantundem
1997 994 2069 1038 est,
2099 1006 2141 1031 ac
2172 994 2198 1032 fi
2229 996 2383 1034 Larium

1340 1041 1528 1078 cultricem
1560 1039 1711 1078 dixiffet.
1746 1053 1832 1081 nam
1870 1055 2006 1093 magno
2036 1044 2254 1084 Casaubono
2283 1046 2386 1086 aliter

1339 1091 1467 1129 locum
1489 1091 1693 1130 Pcrfianum
1715 1094 1871 1141 capienti
1890 1106 1967 1132 non
1980 1095 2131 1133 accedo.
2159 1097 2258 1134 Bene
2271 1098 2388 1135 Scho-

1338 1142 1453 1180 liastes
1475 1142 1613 1180 Pithaei
1628 1171 1637 1186 ‚
1666 1143 1796 1180 cultrix
1808 1144 1880 1191 foci
1898 1145 2028 1194 patella
2045 1173 2056 1190 ,
2081 1146 2164 1195 quia
2183 1147 2388 1188 delibandae

1341 1193 1440 1240 dapes
1461 1193 1498 1229 in
1517 1206 1556 1228 ea
1577 1192 1700 1242 positae
1735 1195 1783 1230 ad
1801 1197 1922 1241 focum
1945 1197 2125 1243 feruntur.
2153 1198 2211 1235 Sic
2230 1199 2387 1237 scriben-

1341 1243 1444 1280 dum.
1472 1244 1584 1291 vulgo
1605 1243 1815 1282 delibantiae
1826 1246 1937 1294 dapes.
1974 1247 2090 1284 Recte
2115 1259 2203 1297 ergo
2223 1249 2388 1296 Juvena-

1339 1292 1381 1330 lis
1402 1292 1517 1340 Satyr.
1538 1305 1574 1330 v.
1592 1302 1631 1331 ut
1651 1296 1772 1342 paullo
1795 1304 1878 1334 ante
1892 1298 1972 1346 Jam
1994 1297 2154 1337 vidimus
2168 1326 2180 1344 ,
2207 1309 2384 1351 tanquam

1341 1343 1387 1382 de
1407 1341 1508 1381 ferali
1528 1343 1691 1381 Hecates
1709 1345 1907 1385 libatione:

1394 1413 1449 1444 At
1469 1407 1532 1445 tibi
1550 1407 1696 1446 dimidio
1719 1409 1913 1457 constrictus
1929 1425 2133 1460 gammarus
2155 1429 2220 1452 ovo

1394 1458 1542 1495 Ponitur
1555 1487 1564 1503 ,
1594 1459 1721 1508 exigua
1738 1460 1856 1505 feralis
1873 1475 1978 1500 caena
1995 1465 2140 1513 patella.

1337 1520 1482 1559 Heius.
1511 1523 1613 1560 Hinc
1636 1523 1771 1562 Cicero
1793 1536 1846 1561 1v.
1863 1525 2023 1565 Ver.22.
2046 1529 2214 1578 patellam
2231 1559 2243 1576 ,
2267 1533 2386 1584 inqua

1329 1569 1447 1620 figilla
1468 1584 1568 1610 erant
1590 1574 1741 1622 egregia,
1769 1583 1909 1621 vocat,
1937 1576 2064 1628 insigne
2077 1581 2261 1630 penatium
2277 1583 2386 1634 hospi·

1338 1622 1539 1674 taliumque
1557 1625 1709 1662 deorum.

1390 1674 1475 1723 634.
1503 1676 1607 1724 Missa
1623 1675 1753 1725 patella
1773 1675 1901 1727 cibos.]
1931 1678 1993 1716 De
2011 1681 2082 1718 ritu
2105 1681 2258 1721 Livius:
2288 1687 2385 1722 Inter

1334 1725 1455 1772 pocula
1485 1735 1590 1776 atque
1619 1726 1733 1776 epulas
1757 1755 1767 1771 ‚
1804 1727 1862 1763 ubi
1888 1728 1997 1766 libare
2022 1731 2102 1768 Diis
2120 1733 2220 1781 dapes
2241 1745 2285 1774 &⁹
2306 1735 2390 1774 bene

1332 1776 1469 1864 prefiari
1488 1790 1560 1814 mos
1577 1777 1662 1827 effer.
1675 1779 1714 1816 &
1732 1777 1975 1819 Tibulluslib.
1993 1792 2023 1820 1.
2044 1793 2125 1833 130.
2146 1783 2259 1824 Lares
2280 1797 2389 1826 com·

1338 1837 1385 1875 pe
1413 1839 1499 1866 ans:

1391 1894 1530 1944 Adfitis
1549 1895 1664 1941 Divi,
1693 1909 1751 1934 nec
1771 1910 1830 1933 vos
1849 1896 1867 1934 e
1879 1907 2023 1949 paupere
2041 1901 2161 1950 mensd

1442 1952 1548 1984 Dona
1561 1975 1572 1992 ,
1590 1960 1650 1984 nec
1669 1948 1686 1984 ὶ
1703 1948 1825 1997 parvis
1838 1948 1986 1997 spernite
1996 1951 2179 1999 ficlilibus.

1343 2011 1447 2060 Quid
1457 2011 1521 2049 hic
1538 2020 1657 2061 parva
1670 2011 1822 2059 fictilia,
1851 2013 1916 2051 nisi
1937 2024 2078 2054 veteres
2098 2018 2280 2067 patellae?
2309 2020 2389 2059 An-

1340 2063 1435 2112 tiqui
1463 2063 1621 2111 magistri
1649 2062 1694 2100 ad
1727 2064 1815 2102 illud
1835 2064 2008 2114 Satyrici,
2038 2068 2234 2120 cultrixque
2249 2073 2320 2117 foci
2332 2073 2389 2121 se-

1342 2125 1425 2149 cura
1442 2113 1573 2162 patella
1595 2129 1606 2157 ;
1644 2114 1742 2162 Qia
1771 2114 1963 2161 delibatae,
1992 2118 2163 2166 inquiunt
2184 2148 2195 2163 ,
2232 2121 2332 2170 dapes
2348 2123 2388 2159 in

1341 2164 1383 2200 ed
1399 2163 1522 2213 positae
1545 2164 1593 2200 ad
1613 2165 1928 2212 focumjfercmtur.
1957 2167 2044 2204 hinc
2064 2196 2074 2212 ‚
2097 2170 2276 2218 patellarii
2294 2172 2359 2207 Dii
2373 2199 2384 2214 ,

1341 2214 1486 2252 Plauto.
1515 2216 1553 2252 &
1571 2213 1592 2251 a
1615 2215 1785 2252 Varrone
1806 2216 1976 2264 scriptum
1994 2245 2003 2260 ‚
2033 2223 2119 2255 Deos
2147 2221 2249 2258 colere
2266 2234 2307 2257 ac
2326 2222 2391 2258 da-

1341 2277 1377 2302 re
1395 2264 1434 2301 in
1445 2265 1634 2315 patellam,
1664 2267 1783 2310 μικρὸν
1805 2269 1921 2309 κρέας.
1950 2268 2125 2307 ΝεΑΡοι..

1392 2316 1477 2364 63ς.
1505 2314 1662 2352 placidos
1682 2328 1749 2352 nox
1769 2314 1917 2352 humida
1932 2318 2108 2370 fhmnos.]
2161 2326 2243 2358 Nox
2259 2322 2391 2359 ultima

1342 2363 1447 2403 Voff.
1469 2365 1646 2403 Arondel.
1669 2366 1808 2403 Mazar.
1829 2378 1920 2404 unus
1940 2367 2058 2406 Vatic.
2081 2371 2119 2407 ὅ(
2140 2370 2391 2412 Fameshaud

1341 2415 1451 2454 dubie
1469 2416 1581 2454 recte.
1617 2417 1746 2464 Atque
1775 2417 1823 2454 ita
1845 2418 1962 2456 fuerat
1994 2420 2031 2456 in
2060 2419 2344 2462 Zulicherniano
2367 2423 2389 2462 a

1342 2478 1456 2504 manu
1477 2468 1604 2515 prima.
1632 2466 1850 2504 Solenniora
1871 2468 1965 2516 apud
1994 2478 2137 2508 veteres
2159 2474 2330 2511 convivia
2351 2476 2387 2513 in

1339 2517 1495 2554 multam
1526 2517 1679 2554 noctem
1715 2525 1778 2555 aut
1815 2518 1971 2565 primam
2010 2521 2236 2572 quandoque
2265 2525 2389 2562 lucem

1340 2567 1643 2615 protrahebantur
1664 2595 1674 2610 ‚
1717 2567 1820 2617 quod
1849 2568 2058 2617 vespertino
2086 2580 2257 2621 tempore
2285 2573 2384 2612 insti·

1340 2627 1540 2656 tuerentur.
1576 2617 1624 2655 fic
1643 2618 1738 2655 Met.
1758 2630 1831 2656 vit.
1853 2620 1937 2656 662.
1964 2621 2082 2659 fabula
2101 2622 2278 2672 Prognes:

1570 2667 1655 2704 lucis
1667 2677 1750 2717 pars
1767 2668 1897 2706 ultima
1917 2672 2052 2719 mensae

1394 2717 1451 2764 Est
1475 2718 1562 2754 data
1576 2745 1586 2761 ,
1613 2719 1826 2766 noxfhmno.

1342 2772 1393 2809 ita
1414 2774 1558 2812 codices
1586 2775 1730 2813 vetusti.
1757 2789 1844 2816 narn
1873 2778 1958 2815 lucis
1980 2787 2061 2827 pars
2087 2780 2215 2827 optima
2233 2810 2245 2827 ,
2280 2785 2386 2834 quod

1340 2823 1454 2873 vulgo
1483 2826 1634 2873 legitur,
1663 2835 1791 2866 contra
1821 2829 1930 2866 ritum
1961 2838 2125 2868 veterem
2155 2843 2315 2881 pugnat,
2341 2844 2384 2874 ut

1341 2872 1416 2912 dixi
1433 2875 1507 2912 illic
1525 2877 1611 2913 loci.
1661 2877 1760 2914 Bene
1787 2879 1895 2925 igitur
1924 2891 1992 2915 nox
2022 2880 2152 2918 ultima
2179 2884 2384 2930 hocloco,

1340 2932 1381 2961 ut
1401 2936 1568 2974 appareat
1590 2935 1735 2975 tempus
1755 2928 1981 2975 indulgendo
2001 2933 2113 2978 genio
2134 2932 2236 2971 fuiffe
2255 2934 2383 2975 datum

1342 2974 1450 3013 solito
1469 2977 1664 3024 spatiosius
1693 2986 1802 3025 atque
1830 2979 1879 3016 ita
1910 2979 2153 3027 Virgilianum
2183 2983 2296 3029 illud,
2323 2987 2385 3026 lib.

1341 3036 1387 3063 11.
1416 3037 1470 3073 pr.
1495 3027 1713 3077 Suadentque
1738 3028 1898 3065 cadentia
1911 3029 2027 3078 fulera
2040 3037 2177 3079 somnos
2197 3061 2209 3078 ,
2245 3036 2383 3074 intelli-

1340 3075 1502 3123 gendum
1525 3076 1595 3113 esse
1622 3079 1767 3125 opinor.
1801 3088 1839 3116 ut
1869 3089 2074 3119 extremam
2095 3083 2215 3121 noetis
2237 3094 2380 3133 partem

1341 3125 1514 3175 defignet.
1541 3127 1704 3176 Propert.
1724 3129 1784 3166 lib.
1806 3141 1859 3166 1v.
1880 3130 1935 3168 El.
1956 3142 2010 3168 iv.

1391 3181 1438 3214 Et
1451 3178 1530 3225 jam
1551 3189 1680 3226 quarta
1702 3179 1797 3216 canit
1814 3191 2004 3217 venturam
2022 3181 2166 3219 buccina
2187 3183 2320 3234 lucem,

1445 3229 1582 3276 Ipsaque
1601 3229 1637 3264 in
1659 3235 1835 3268 Oceanum
1847 3230 1966 3281 fidem
1984 3231 2076 3282 lapsa
2098 3233 2244 3275 cadunt.

1390 3278 1561 3327 Experiar
1574 3281 1752 3329 somnum.

1339 3328 1486 3368 Hiems.

2184 3386 2268 3438 636.
2295 3392 2382 3437 Lar<
