2495 3675
495 166 1128 230 TRISTIUM

1168 167 1398 224 ·L113.

1470 167 1507 224 Ι.
1583 167 1791 225 ELEG.
1829 168 1923 226 Vl.
2143 175 2247 233 477

245 293 276 347 5
388 271 478 327 Te
500 291 646 339 mea,
683 275 945 349 suppofita
971 272 1136 330 veluti
1160 269 1338 334 trabe,
1375 269 1509 324 fulta
1534 270 1682 324 ruina
1711 267 1812 322 est:

453 347 640 421 Siquid
668 350 846 404 adhuc
874 365 979 418 ego
1003 347 1143 408 sum,
1182 343 1417 398 muneris
1440 360 1603 397 omne
1628 342 1705 396 tui
1734 338 1835 394 est:

377 416 471 475 Tu
498 420 651 486 faci5‚
692 436 750 477 ut
775 421 1000 491 spolium
1026 436 1094 472 ne
1119 417 1211 470 s1m
1229 456 1243 480 ,
1280 433 1387 470 neu
1412 415 1584 471 nuder
1608 414 1671 469 ab
1696 414 1793 468 illis
1809 452 1827 477 ,

462 494 736 566 Naufragii
761 492 961 546 tabulas
983 490 1076 562 qui
1101 490 1304 560 petiere
1334 489 1455 543 mei.

382 563 566 639 thue
591 584 777 639 rapax,
815 563 1112 618 stimulante
1138 562 1306 625 fame,
1341 562 1675 634 cupidusque
1706 556 1910 614 cruoris

244 655 307 693 10

449 638 834 694 Incustoditum
866 648 1040 707 captat
1067 635 1203 688 ovile
1231 636 1408 706 lupus:

382 712 497 765 Aut
522 724 582 765 ut
605 711 744 765 edax
765 709 943 763 vultur
968 724 1161 779 corpus
1187 707 1545 779 circumspicit
1573 705 1788 780 ecquod

456 783 564 837 Sub
592 784 731 838 nulla
756 782 983 853 pofitum
1009 796 1232 834 cernere
1257 778 1416 851 poffit
1443 781 1636 835 humo:

383 857 469 911 Sic
494 873 612 910 mea
635 856 812 911 nescio
839 855 984 926 quiS‚
1020 852 1176 907 rebus
1200 853 1334 906 male
1361 852 1497 907 fidus
1523 851 1754 914 acerbiS,

457 929 514 984 In
541 930 677 983 bona
701 940 985 990 venturus,
1023 925 1059 979 fi
1085 926 1326 996 paterere
1345 967 1356 984 ‚
1397 925 1512 980 fuit.

243 1019 304 1069 15

380 1001 550 1059 Hunc
578 1014 666 1056 tua
693 1018 789 1072 per
812 1000 977 1055 fortes
1001 999 1166 1052 virtus
1193 997 1459 1051 submovit
1486 999 1713 1060 amicos·‚

460 1074 615 1129 Nulla
641 1074 833 1146 quibus
859 1071 1016 1127 reddi
1041 1070 1206 1142 gratia
1232 1070 1391 1141 digna
1416 1071 1602 1140 potest.

380 1147 530 1219 Ergo
555 1164 714 1219 quam
741 1145 960 1208 misero,
1002 1157 1110 1197 tam
1140 1160 1296 1206 vem,
1335 1143 1464 1196 teste
1490 1144 1755 1213 probaris:

450 1220 564 1274 Hic
591 1219 806 1291 aliquod
836 1217 1045 1289 pondus
1069 1214 1106 1269 fi
1130 1215 1298 1269 modo
1326 1214 1464 1269 testis
1492 1217 1666 1271 habet.

382 1293 500 1348 Nec
528 1292 791 1363 probitate
820 1293 910 1345 tua
937 1291 1082 1361 prior
1109 1289 1181 1342 est
1207 1301 1295 1341 aut
1321 1287 1572 1344 Hectoris
1600 1306 1767 1352 uxor,

235 1385 307 1421 20

454 1368 567 1419 Aut
593 1382 777 1419 comes
805 1361 1043 1418 extin&o
1070 1361 1364 1415 Laodamia
1389 1362 1520 1416 viro,

384 1439 479 1493 Tu
505 1437 541 1491 fi
568 1437 884 1492 Maeonium
909 1447 1085 1488 vatem
1111 1433 1294 1488 sortita
1323 1433 1527 1497 fuiss'e33

453 1510 748 1583 Penelopes
772 1507 899 1564 ess'et
926 1507 1062 1562 fama
1087 1506 1316 1562 secunda
1340 1519 1479 1562 tuae.

78 1760 83 1765 ,
141 1721 323 1774 Turbaque
341 1721 515 1758 donorum
540 1720 709 1769 Nafimem
720 1719 821 1757 novit
836 1748 846 1765 ,
872 1718 1029 1760 &audet

195 1779 275 1812 Non
286 1773 457 1822 fastiditis
474 1785 707 1810 annumerare
728 1771 829 1810 viris.

91 1823 260 1862 C10FAN.

146 1889 179 1922 ς.
206 1873 377 1924 Sappofitd
401 1873 513 1911 veluti
541 1872 748 1920 trabefulta
770 1871 877 1910 ruina
898 1871 983 1922 est.]
1039 1872 1129 1910 Non

89 1923 229 1962 damno
253 1926 401 1974 quidem
426 1927 519 1963 hanc
536 1925 735 1963 lectionem
751 1953 762 1969 ,
789 1936 900 1974 quam
929 1923 1006 1961 libri
1028 1931 1130 1960 vete-

89 1987 144 2013 res
162 1977 384 2024 agnoscunt,
398 1977 580 2013 veriorem
595 1983 719 2013 tamen
739 1987 897 2023 auguror
910 1975 989 2012 fore
1003 2001 1013 2018 ,
1027 1973 1050 2010 fi
1073 1986 1131 2009 ca-

88 2027 170 2063 rina
191 2039 357 2075 reponas.
395 2027 566 2075 Intelligit
597 2028 712 2064 trabes
741 2026 816 2063 illas
836 2036 931 2074 quae
951 2024 1131 2062 subductis

87 2077 125 2114 in
147 2077 246 2115 littus
266 2078 417 2115 navibus
443 2076 732 2126 subjiciebantur.
774 2077 857 2112 Hae
879 2076 1027 2112 Graecis
1052 2075 1130 2119 Φά·

87 2131 236 2173 λαγγες
260 2129 317 2166 vel
337 2128 555 2174 φκλιὶγγικ.
582 2127 627 2165 de
647 2126 775 2176 quibus
795 2125 921 2163 Pollux
944 2126 982 2162 &
1010 2124 1128 2174 Hesy-

86 2178 209 2216 chius:
237 2179 384 2217 Nonius
404 2190 556 2228 quoque
578 2179 615 2215 in
648 2177 833 2225 Palangae.
869 2177 989 2213 Varro
1007 2174 1052 2213 de
1074 2176 1129 2212 vi·

90 2235 126 2266 ta
148 2229 237 2278 Pop.
264 2230 378 2268 Rom.
405 2235 497 2266 Cum
527 2235 657 2266 Poenus
677 2229 714 2264 in
732 2229 869 2275 fretum
898 2226 1040 2263 obviam
1068 2239 1131 2262 ve-

87 2279 183 2328 nisset
202 2279 321 2327 nostris
342 2309 352 2325 ‚
380 2291 424 2320 (9⁶
447 2280 613 2328 quosdam
636 2278 759 2328 cepiſjet
779 2306 789 2322 ,
838 2275 1057 2324 crudeliffime
1069 2286 1130 2324 pro

82 2331 244 2380 palangis
264 2331 388 2368 carinis
408 2329 600 2379 fiaebjecerat
614 2358 624 2374 ‚
652 2343 716 2378 quo
738 2339 833 2365 metu
856 2328 1050 2365 debilitaret
1070 2339 1129 2362 no-

81 2379 178 2426 stros.
208 2381 363 2420 Isidorus
382 2382 442 2419 lib.
460 2394 536 2418 xxx.
569 2392 646 2428 cap.
669 2392 704 2415 2.
739 2380 866 2428 Etym.
895 2377 1129 2414 Pulvinosvi-

88 2430 194 2468 detur
211 2432 402 2480 appellare.
436 2431 624 2469 Minucius
643 2430 817 2467 Οᾶἒεινίο4
858 2433 901 2464 Et
921 2441 998 2463 cum
1027 2427 1075 2463 ad
1091 2428 1129 2464 id

88 2479 151 2516 loci
170 2491 317 2517 ventum
340 2482 383 2526 est
407 2509 417 2525 ‚
454 2481 512 2516 ubi
535 2480 725 2528 subductae
748 2478 933 2515 naviculae
947 2477 1130 2526 substratis

89 2530 526 2568 roboribusaterrenalabe
539 2530 713 2579 suspensae
733 2528 959 2577 quiescebant.
983 2529 1128 2580 ῌΕΙΝΒ.

88 2580 192 2618 Nihil
211 2582 427 2619 mutandum
451 2580 592 2618 censeo.
625 2591 707 2616 mea
730 2580 830 2616 ruina
846 2607 856 2622 ,
883 2579 919 2616 id
941 2578 989 2615 est
1010 2579 1126 2616 fortu-

88 2642 135 2668 na
155 2643 236 2669 mea
256 2632 347 2681 lapsa
363 2660 372 2675 ,
402 2631 489 2669 fulta
515 2630 563 2668 est
583 2640 642 2674 te,
673 2629 771 2668 velut
789 2630 888 2667 trabe
902 2657 912 2674 ,
934 2628 1128 2678 suppofita.

87 2679 137 2719 fic
159 2683 196 2720 ὃς
214 2682 276 2719 lib.
299 2683 447 2731 Elegv.
463 2693 518 2730 ¹3·

141 2747 272 2796 Qippe
290 2759 367 2785 mea
387 2746 429 2786 eli
449 2745 599 2783 humeris
608 2745 708 2792 fulta
729 2744 832 2783 ruina
853 2744 934 2783 tuis.

88 2806 127 2845 ὃ(
150 2820 181 2844 11
205 2809 313 2846 Pont.
331 2822 394 2846 111.
414 2809 473 2845 60.

138 2858 251 2904 Restat
271 2860 387 2896 adhuc
409 2858 559 2894 humeris
571 2856 672 2903 fulta
693 2857 799 2893 ruina
823 2857 904 2894 tuis.

85 2919 155 2946 nec
175 2909 326 2948 Carinae
345 2909 489 2957 proprie
511 2908 668 2957 palangis
688 2908 926 2946 fulciebantur
939 2934 948 2950 ,
974 2905 1032 2943 sed
1053 2905 1132 2943 sub-

84 2958 303 3006 jiciebantur
330 2961 410 2997 illae
424 2987 434 3003 ,
462 2970 546 2996 cum
567 2958 760 2996 subductae
784 2961 820 2995 in
838 2959 944 2995 litore
963 2956 1126 3006 quiesce-

89 3007 197 3053 bant,
225 3010 263 3047 &
283 3023 345 3059 per
357 3021 465 3059 (μιῆς,
494 3021 578 3046 cum
597 3009 833 3047 deducendae
844 3007 976 3052 ell'ent,
998 3007 1127 3045 devol-

89 3059 266 3098 vebantur
283 3063 319 3098 in
343 3073 454 3098 mare.
484 3060 613 3096 Burin.

92 3120 175 3196 H7.
202 3113 244 3146 Ut
255 3112 400 3160 spolium
423 3125 490 3148 non
504 3109 616 3160 βω]
668 3116 712 3147 Ut
733 3123 774 3146 ne
787 3108 854 3158 fim
882 3117 952 3147 tres
975 3118 1127 3146 veteres.

138 3172 237 3197 Eius.

143 3221 178 3256 9.
203 3211 420 3261 cupidusque
447 3210 611 3261 cruoris.]
665 3209 854 3260 sitiensque
883 3221 975 3247 unus
1004 3208 1129 3246 Medi-

90 3270 186 3297 ceus.
213 3263 371 3298 venuste.
405 3263 489 3299 vide
511 3263 627 3299 Notas
651 3261 785 3298 nostras
806 3261 850 3298 ad
883 3259 1128 3298 Claudianum

90 3308 150 3348 lib.
169 3321 234 3348 111.
258 3310 303 3350 de
322 3312 442 3361 Raptu
464 3312 714 3361 Proserpinae.
731 3311 787 3355 ΧΤ.
807 3311 891 3350 282.
920 3311 1064 3349 Hem-s.

2109 1574 2231 1632 Sive

1241 1729 1295 1756 12.
1323 1718 1390 1756 Sub
1410 1716 1550 1767 nulla]
1596 1716 1663 1755 sub
1684 1715 1778 1754 nuda
1798 1714 1953 1763 Scaliger
1982 1712 2020 1751 &
2050 1710 2232 1749 editiones

1186 1769 1397 1807 nonnullae.
1422 1780 1625 1818 perperam.
1653 1779 1782 1816 corpus
1804 1766 1864 1803 sub
1895 1764 1992 1802 nulla
2019 1763 2145 1801 tellure
2161 1773 2232 1809 po-

1186 1819 1293 1858 fitum
1319 1847 1330 1864 ,
1359 1819 1407 1857 est
1437 1820 1669 1857 inhumatum
1699 1829 1841 1865 corpus.
1874 1816 2014 1853 Huius.
2067 1820 2109 1849 In
2132 1813 2230 1847 nuda

1186 1871 1335 1909 volebat
1354 1870 1536 1908 Francius.
1573 1871 1642 1909 Sed
1655 1869 1722 1920 sub
1735 1871 1782 1907 cst
1794 1879 1859 1918 pro
1870 1867 1919 1905 in.
1942 1865 2014 1904 vicl.
2031 1864 2075 1902 ad
2093 1863 2232 1901 1.Met.

1242 1983 1299 2020 13.
1328 1971 1570 2023 Malefidas.]
1627 1972 1688 2010 An
1721 1983 1798 2009 non
1829 1969 1982 2012 reetius,
2012 1966 2102 2004 male
2122 1964 2227 2013 fisus:

1188 2022 1338 2060 credens
1361 2025 1398 2060 &
1420 2023 1608 2062 confidens
1630 2024 1663 2061 se
1686 2022 1772 2060 ideo
1794 2018 2116 2059 faciliusinvadere
2127 2013 2228 2065 poffe

1187 2085 1271 2111 mea
1291 2074 1387 2110 bona
1402 2101 1413 2118 ,
1440 2075 1524 2122 quia
1545 2075 1712 2112 acerbam
1735 2074 1920 2110 fortunam
1950 2069 2130 2118 experior.
2166 2065 2229 2104 sed

1186 2125 1225 2161 &
1254 2124 1398 2172 vulgata
1428 2124 1556 2161 servari
1587 2125 1702 2171 potest
1726 2151 1736 2167 ‚
1783 2131 1822 2159 ut
1857 2121 1897 2158 sit
1926 2120 1963 2157 in
2001 2120 2104 2156 rebus
2133 2118 2225 2155 meis

1184 2174 1319 2212 acerbis
1334 2203 1344 2217 ‚
1371 2174 1501 2223 quibus
1514 2174 1601 2213 fides
1623 2175 1700 2224 ejus
1719 2173 1874 2211 debebat
1895 2171 1928 2209 se
1948 2170 2227 2214 ostendere,in-

1183 2225 1287 2263 fidus.
1312 2224 1444 2262 Bunm.

1241 2287 1297 2323 15.
1325 2282 1400 2312 Tna
1420 2275 1575 2326 virtus.]
1608 2275 1743 2315 Nostro
1765 2274 1943 2312 idiomate
1964 2300 1974 2316 ‚
2001 2272 2029 2309 il
2047 2281 2103 2308 tuo
2127 2268 2227 2305 valo-

1186 2341 1230 2363 re.
1258 2327 1316 2365 Sic
1336 2328 1469 2364 Cicero
1493 2329 1582 2364 item
1609 2327 1651 2364 ad
1672 2337 1849 2364 uxorem:
1879 2329 1934 2361 Ex
1954 2324 2077 2359 litteris
2098 2320 2227 2357 mutto-

1185 2390 1263 2413 mm
1283 2405 1294 2421 ,
1322 2389 1366 2417 θ’
1387 2379 1541 2425 sermone
1560 2378 1715 2415 omnium
1742 2377 1910 2422 perfertur
1938 2374 1986 2409 ad
2013 2386 2087 2414 me,
2115 2370 2225 2405 incre-

1184 2427 1321 2465 dibilem
1339 2439 1440 2465 tuam
1460 2428 1632 2464 virtatem
1651 2425 1953 2472 &fortitudinem
1976 2424 2042 2471 effe.
2078 2420 2224 2458 Plautus

1183 2480 1221 2516 in
1241 2479 1402 2526 Prologo
1424 2477 1732 2525 Amphitruonis:

1236 2542 1370 2578 Virtute
1389 2540 1520 2577 ambire
1537 2549 1662 2590 oportet
1674 2567 1684 2584 ,
1711 2551 1779 2575 non
1786 2533 2016 2584 favitoribus.

1184 2591 1356 2629 Crorrm.

1238 2654 1295 2688 17.
1324 2645 1444 2691 (Qam
1468 2641 1585 2690 misero
1605 2651 1678 2677 tam
1701 2637 1819 2686 vera]
1868 2635 2026 2672 Videtur
2052 2634 2156 2671 color
2175 2645 2222 2673 ex

1183 2691 1245 2730 illo
1269 2693 1413 2730 Sinonis
1433 2693 1529 2740 apud
1549 2692 1675 2740 Virgil.
1698 2704 1743 2727 ιι,
1761 2686 1991 2741 flixieid379.
2018 2684 2168 2722 duetus:

1416 2742 1521 2791 necfi
1539 2743 1700 2789 miserum
1714 2742 1862 2785 fortuna
1885 2742 2042 2772 Stnonem

1237 2795 1359 2832 Finxit
1372 2824 1380 2838 ,
1393 2807 1529 2831 vanum
1542 2794 1647 2830 etiam
1662 2791 1924 2834 mendacemque
1943 2785 2094 2834 improba
2102 2785 2224 2835 finget.

1187 2867 1263 2893 tam
1284 2857 1402 2904 misero
1421 2883 1430 2899 ‚
1466 2869 1573 2905 quam
1603 2869 1681 2890 vero
1708 2854 1871 2903 quinque
1890 2850 2047 2890 codices.
2074 2852 2148 2889 vid.
2179 2852 2225 2888 ad

1188 2919 1259 2945 xix.
1277 2908 1371 2944 Mer.
1389 2919 1472 2943 220.
1499 2906 1631 2942 ssunm.

1236 2970 1292 3004 19.
1320 2955 1536 3004 Probitate]
1590 2955 1759 2992 Francius
1792 2953 1918 3000 pietate
1946 2951 2115 2989 malebat.
2142 2963 2217 2989 non

1181 3008 1292 3045 video
1323 3005 1491 3043 caussam.
1520 3005 1716 3042 castitatem
1745 3005 1843 3040 enim
1873 3005 1994 3039 uxoris
2017 3002 2147 3039 laudat.
2181 3005 2222 3038 ὅ(

1179 3058 1298 3106 probas
1312 3057 1443 3094 Noster
1462 3056 1584 3104 passim
1601 3083 1610 3099 ‚
1631 3055 1874 3092 Terentius&
1888 3053 1945 3089 alii
1960 3080 1968 3095 ‚
1992 3052 2096 3088 castas
2110 3064 2222 3089 voca·

1183 3121 1220 3146 re
1240 3108 1367 3145 solent.
1396 3114 1680 3149 omnesauteni,
1706 3105 1834 3153 quibus
1853 3104 1948 3140 suam
1965 3103 2131 3145 confert,
2152 3114 2219 3150 pu·

1184 3159 1331 3196 dicitiae
1356 3158 1464 3194 laude
1494 3158 1595 3194 fuere
1625 3155 1906 3199 memorabiles,
1934 3155 1970 3190 ὅ(
1988 3154 2061 3190 hoc
2084 3154 2221 3201 praeci-

1184 3221 1298 3258 puum
1322 3208 1452 3245 Liviae
1472 3207 1594 3244 decus.
1623 3207 1749 3244 Euam.
1952 3211 1959 3217 '

1239 3271 1297 3296 21.
1325 3256 1424 3306 Tufi
1454 3257 1653 3294 Maeonium
1683 3268 1805 3293 vatem
1826 3254 1953 3304 fhrtita
1974 3253 2110 3302 fuisses,
2138 3252 2226 3303 Fffet

1190 3309 1360 3359 Penelopes
1372 3310 1475 3354 sama
1487 3308 1639 3355 secunda
1660 3308 1777 3358 tuae]
1807 3307 1842 3345 Si
1857 3307 2064 3345 Homerum
2078 3305 2227 3342 laudum

1377 3359 1412 3396 O
1427 3370 1486 3397 oo
1517 3370 1534 3408 3
2157 3364 2238 3393 tua-
