2495 3675
179 179 280 251 846

651 182 711 237 P.
782 177 1196 238 OVIDII
1270 172 1818 234 NASONIS

329 296 358 347 5
469 279 593 335 Sive
620 279 779 334 trahis
804 280 1013 340 vultus;
1056 276 1312 349 equidem
1336 274 1573 348 peccasse
1601 276 1827 334 fatebor.

548 351 742 408 Deliffi
771 367 949 407 tamen
977 350 1052 404 est
1073 347 1242 403 causs'a
1270 348 1540 418 probanda
1566 351 1687 405 mei.

475 425 603 481 Non
632 427 808 499 potuit
834 441 948 478 mea
975 438 1152 484 mens,
1189 421 1319 494 quin
1354 421 1480 476 esset
1509 431 1686 494 grata,
1727 424 1919 480 teneri.

548 499 626 554 Sit
659 515 848 571 precor
875 493 1069 548 officio
1094 512 1206 549 non
1234 496 1405 566 gravis
1432 496 1506 549 ira
1534 514 1642 568 plo.
1827 514 1830 515 ⁷

478 572 532 628 O
559 573 769 644 quoties
797 567 940 621 libris
969 584 1073 638 ego
1099 567 1210 622 sum
1238 567 1368 622 mihi
1396 568 1532 623 visus
1557 570 1612 623 in
1639 568 1745 625 istis

336 662 399 698 10

544 643 768 715 Impiu5‚
806 641 861 695 in
887 641 1036 695 nullo
1063 640 1211 711 quod
1241 641 1481 712 legerere
1510 642 1658 696 loco!

475 717 529 772 O
553 715 794 787 quotieS,
832 714 972 768 aliud
1003 715 1196 769 vellem
1224 731 1349 768 cum
1379 713 1638 779 scribere,
1674 732 1879 772 nomen-

551 788 762 843 Retulit
787 788 840 841 in
867 804 1012 841 ceras
1036 787 1197 842 inscia
1228 787 1417 842 dextra
1447 790 1627 842 tuum!

482 861 595 933 Ipse
622 860 752 915 mihi
778 860 973 932 placuit
999 860 1206 914 mendis
1232 861 1286 914 in
1313 860 1502 915 talibus
1526 878 1709 925 error;

557 932 629 989 Et
655 934 745 987 vix
771 932 937 986 invit-21
961 932 1094 986 facta
1118 934 1272 988 litura
1299 950 1459 988 manu
1486 934 1576 988 est.

342 1025 402 1076 ις
479 1005 696 1062 Viderit
726 1005 790 1059 ad
821 1006 1083 1059 summum
1103 1045 1119 1069 ,
1157 1006 1287 1061 dixi.
1313 1007 1437 1061 licet
1463 1006 1570 1077 ipse
1596 1018 1882 1079 queratur;

560 1078 718 1133 Hanc
743 1078 912 1149 pudet
938 1077 1190 1133 offensam
1215 1096 1326 1134 non
1351 1078 1595 1133 meruiffe
1621 1083 1795 1152 prius;

479 1152 566 1208 Da
594 1151 751 1215 mihi,
790 1150 826 1205 fi
851 1152 982 1224 quid
1008 1169 1067 1205 ea
1092 1151 1196 1216 est,
1232 1151 1574 1206 hebetantem
1603 1153 1819 1225 pectora
1845 1152 2097 1220 Lethem

563 1225 777 1279 Oblitus
802 1238 998 1295 potero
1024 1241 1134 1278 non
1160 1237 1337 1277 tamen
1365 1222 1468 1278 effe
1495 1225 1596 1280 tui..

490 1298 660 1370 quue
687 1297 814 1351 sinas
843 1314 976 1362 0r03
1018 1314 1117 1351 nec
1143 1295 1369 1350 fastidita
1395 1299 1614 1369 repellas

343 1393 412 1430 20

566 1373 599 1426 Ns
619 1370 769 1424 erba:
811 1388 910 1425 nec
938 1368 1128 1424 officio
1153 1370 1358 1424 crimen
1380 1368 1550 1453 inesse·
1569 1385 1738 1442 putes,

493 1444 563 1501 Et
591 1443 719 1499 levis
745 1443 874 1497 haec
902 1443 1102 1497 meritis
1127 1443 1392 1497 referatur
1420 1457 1586 1515 gratla
1611 1445 1795 1501 tantis:

557 1520 648 1573 Sin
676 1515 881 1578 minus;
921 1517 1092 1570 invito
1121 1530 1174 1570 te
1197 1533 1416 1588 quoque
1440 1529 1618 1587 gratus
1644 1537 1757 1574 ero,

495 1593 808 1663 Numquam
834 1589 984 1662 pigra
1012 1591 1108 1643 tuit
1135 1587 1324 1645 nostris
1351 1604 1438 1642 tua
1461 1591 1628 1661 gratia
1658 1592 1816 1648 rebus
1833 1609 1854 1645 :2

560 1665 678 1719 Nec
703 1662 833 1718 mihi
858 1663 1132 1719 munificas
1157 1681 1278 1718 arca
1302 1664 1516 1735 negavit
1542 1680 1688 1738 opes,

259 1942 296 1983 4.
325 1937 416 1969 Haec
438 1940 568 1979 quoque
581 1923 769 1976 summm]
829 1931 896 1963 Hoc
925 1925 1073 1965 Lovan.
1102 1925 1141 1964 &
1175 1924 1252 1965 duo

209 1993 363 2024 veteres.
402 1990 440 2018 ut
459 1991 505 2016 ιι.
527 1980 594 2027 Ep.
617 1978 675 2027 56.

259 2045 388 2083 Debuit
410 2044 469 2082 hoc
487 2043 605 2080 meriti
618 2045 763 2092 summa
778 2041 880 2092 fuiffe
903 2042 983 2080 mei.

208 2097 400 2198 Βυςιῗῆἓὶυε
416 2142 569 2194 trahis.]
599 2145 633 2182 Si
651 2144 802 2182 retrahis
820 2144 975 2193 Regius.

262 2220 294 2253 7.
326 2210 411 2257 Effet
433 2206 560 2257 quim]
592 2207 692 2255 §Quin
712 2207 785 2257 esset
805 2220 850 2247 ex
873 2209 1009 2258 scriptis
1029 2208 1106 2248 fere
1126 2208 1252 2248 omni-

217 2262 281 2300 bus
303 2259 402 2297 dedit
424 2257 608 2295 Heinsius.

266 2321 301 2363 8.
333 2320 431 2372 Pia]
467 2328 563 2367 Meo,
588 2322 646 2360 vel
662 2322 716 2372 pio
738 2323 777 2360 P.
795 2323 894 2362 Dan.

263 2399 304 2438 9.
335 2395 365 2425 O
385 2387 554 2439 quoties.]
598 2387 647 2425 Di
669 2388 797 2439 quoties
817 2389 922 2438 prim.
949 2389 1090 2432 Medic,
1111 2390 1258 2429 Herus.

270 2465 325 2490 11.
355 2459 384 2489 O
407 2453 553 2502 quoties,
572 2453 651 2490 aliis
671 2453 797 2490 vellem
821 2466 898 2489 cum
913 2454 1093 2504 scribere]
1124 2455 1165 2493 In
1181 2467 1262 2494 ma-

216 2504 401 2552 nuscripto
417 2532 425 2547 ‚
455 2504 519 2540 alii
542 2504 667 2541 vellem
692 2518 769 2541 cum
791 2505 941 2551 scribere.
969 2505 1138 2546 FABMC.
1177 2507 1261 2545 Sca-

216 2556 305 2604 liger
329 2557 364 2593 in
386 2555 468 2594 libri
491 2555 540 2594 sui
563 2556 727 2605 margine
749 2565 965 2601 annotarat,

270 2629 300 2659 O
318 2624 445 2673 quoties
458 2652 467 2668 ‚
482 2622 583 2660 aliud
603 2636 680 2660 cum
699 2622 826 2660 vellem
838 2621 1007 2669 scribere,
1034 2636 1158 2662 nomen

325 2675 483 2711 Rettulit.

218 2725 269 2763 D.
294 2725 547 2762 Hans-&Cum
565 2724 748 2774 Scaligero
771 2725 1121 2766 faciuntPuteaneus
1138 2727 1263 2766 &duo

221 2777 305 2818 alii;
337 2788 479 2823 nosque
500 2779 706 2824 recepimus
727 2786 766 2814 ut
785 2788 908 2814 veram
930 2778 1133 2816 lectionem
1184 2779 1266 2816 aliis

223 2826 367 2872 Junian.
412 2828 449 2864 ὅ(
492 2826 623 2864 Bersm.
655 2828 691 2864 &
726 2827 816 2865 aliae
846 2828 944 2865 Edit.
980 2829 1108 2878 conscia
1140 2831 1267 2866 dextra

225 2888 328 2913 unus.
356 2876 475 2924 lingua
507 2879 615 2914 etiam
643 2878 789 2916 Lovan.
810 2889 895 2917 am.
915 2881 1020 2927 prim.
1051 2882 1167 2918 ssuam

282 2950 337 2986 13-
370 2943 434 2987 Ipse
453 2942 591 2990 quidem
608 2941 740 2990 placuit
765 2941 778 2991 ]
809 2944 967 2988 Rursus,
995 2945 1060 2993 ipse
1081 2945 1170 2982 mihi
1191 2945 1269 2994 pla-

228 2989 308 3026 mit.
336 2989 496 3029 Fame.
537 2995 601 3041 Ipse
631 2993 772 3042 quidem
801 2997 906 3041 prim.
936 2995 1051 3033 editio
1073 3023 1083 3040 ‚
1123 2998 1160 3034 &
1192 2997 1269 3035 duo

228 3039 364 3087 scripti.
393 3040 523 3084 Forte,
553 3045 619 3091 Jpſse
633 3043 698 3092 fibi
713 3044 858 3092 placuit.
889 3047 1032 3083 Heius.

285 3113 340 3150 ¹3·
369 3104 544 3153 Memiis.]
597 3107 694 3144 vitiis
723 3107 811 3147 duo.
844 3111 989 3148 maculis
1010 3123 1116 3151 unus.
1142 3112 1271 3150 vinclis

230 3153 382 3202 Regius.
401 3156 534 3201 magnis
558 3157 663 3194 Leid.

287 3235 343 3265 ις.
373 3222 502 3259 Viderit
521 3224 568 3259 ad
581 3226 793 3274 summum]
816 3229 878 3265 Ad
892 3230 1074 3276 summam
1089 3258 1100 3274 ,
1127 3231 1162 3268 in
1176 3243 1271 3268 non-

231 3273 348 3312 nullis.
375 3273 567 3313 Nauem.
620 3275 673 3314 Ita
702 3278 739 3314 ὃς
772 3277 916 3324 Junian.
947 3281 1055 3321 Leid.
1086 3283 1125 3320 ὃ(
1155 3282 1274 3332 plures

233 3324 303 3362 alii.

2194 1792 2359 1850 Nune

1363 1923 1420 1962 16.
1449 1931 1551 1964 Hanc
1565 1926 1673 1976 pudet
1691 1928 1895 1979 offensam]
1940 1930 2163 1970 Patavinum
2179 1959 2191 1977 ,
2219 1938 2274 1971 Ha
2289 1939 2360 1982 pua

1309 1973 1378 2010 det.
1404 1987 1475 2014 nec
1497 1977 1600 2015 aliter
1621 1979 1902 2029 Hervagianum
1927 2010 1938 2026 ‚
1974 1993 2069 2028 quae
2099 1991 2190 2021 nota
2218 1983 2358 2023 doloris

1309 2024 1396 2062 huic
1414 2026 1502 2065 loco
1526 2028 1678 2075 pulchre
1697 2033 1887 2070 convenit.
1916 2032 2084 2072 Fessmc.
2122 2041 2225 2072 Hanc
2248 2035 2357 2084 pudet

1309 2075 1417 2123 prim.
1441 2078 1583 2117 Medic.
1616 2080 1654 2118 &
1674 2089 1835 2130 quatuor
1854 2083 1926 2122 alii.
1958 2085 2102 2124 Hmus.
2133 2091 2215 2123 Non
2235 2087 2360 2124 memi-

1310 2125 1391 2175 niffe
1409 2131 1464 2167 tui
1484 2141 1590 2169 unus·

1360 2203 1424 2232 21.
1450 2201 1544 2233 Haec
1563 2196 1734 2249 meritis.]
1775 2200 1941 2239 Emeritis
1960 2201 1999 2240 P.
2020 2202 2119 2241 Dan.
2138 2203 2176 2241 ὅ(
2197 2203 2297 2242 alius.
2316 2217 2359 2242 ex

1310 2244 1445 2282 meritis
1466 2247 1541 2284 Ms.
1562 2247 1696 2286 Bersm.
1720 2261 1765 2289 (9⁰
1787 2252 1920 2288 meritis
1944 2253 2051 2291 Polit.
2077 2255 2114 2290 δί
2144 2253 2360 2295 duodecim.

1311 2308 1328 2332 e
1350 2296 1482 2334 meritis
1505 2297 1664 2336 Heinsio
1687 2311 1763 2338 non
1785 2301 2003 2350 displicebat.
2033 2302 2154 2340 Gloria
2179 2304 2306 2344 Fesch.

1364 2361 1424 2399 26.
1452 2366 1599 2413 Fertque
1616 2365 1818 2415 refiertque]
1849 2366 1910 2404 Ad
1929 2366 1988 2404 lib.
2013 2380 2039 2405 ι.
2060 2368 2170 2407 Trist.
2193 2368 2295 2420 Eleg.
2308 2383 2361 2410 vr.

1313 2412 1445 2450 monui
1468 2413 1582 2451 videti
1611 2414 1839 2455 scribendum
1864 2445 1875 2462 ‚
1906 2419 2048 2468 fertque
2064 2420 2228 2470 feretque.
2255 2423 2361 2470 quod

1314 2462 1504 2551 {eiqigentia
1546 2466 1749 2514 requirunt.
1802 2468 1945 2507 Herus.
2035 2475 2165 2521 Perque
2208 2473 2363 2523 referque

1360 2526 1376 2551 a
1397 2527 1433 2552 n.

1368 2596 1430 2629 27.
1457 2586 1553 2623 Unde
1572 2601 1669 2636 rogas
1681 2588 1842 2639 farsam]
1874 2596 1975 2639 Reges
1994 2588 2254 2631 Bafi1.H1=.ms.
2283 2599 2367 2640 Fore

1310 2634 1408 2684 fitan
1428 2637 1519 2673 unde
1543 2653 1639 2687 rogas
1658 2639 1890 2688 duo.futura
1907 2652 2062 2679 novem.

1373 2696 1431 2735 28.
1465 2699 1712 2750 {Quodsecitff
1745 2701 1784 2738 ln
1805 2703 1991 2741 nonnullis
2005 2731 2015 2747 ,
2043 2704 2134 2753 quod
2144 2703 2267 2752 finxit.
2286 2706 2366 2744 sen-

1319 2749 1434 2786 tentia
1452 2750 1497 2786 de
1519 2750 1721 2789 Aristotelis
1746 2752 1875 2791 Ethica
1894 2755 2059 2793 sumitur.
2080 2755 2245 2795 Fame.
2275 2757 2367 2797 Vid.

1319 2799 1411 2848 supr.
1432 2799 1492 2837 lib.
1517 2813 1581 2838 111.
1600 2801 1702 2850 Eleg.
1726 2815 1777 2841 1x.
1800 2815 1862 2851 47.

1377 2873 1437 2909 30.
1466 2862 1597 2898 Premit
1617 2864 1763 2915 imbre]
1811 2872 1952 2905 Premat
1972 2868 2078 2916 prim.
2100 2868 2169 2907 Ed.
2191 2869 2267 2919 igne
2288 2870 2362 2908 Re-

1325 2913 1415 2963 gius.
1433 2925 1539 2961 genas
1559 2913 1648 2952 duo.

1381 2989 1440 3024 31.
1469 2979 1525 3015 Vel
1541 2992 1649 3016 aenea
1669 2982 1810 3033 custos.]
1852 2988 1973 3022 Aenea
1999 2985 2117 3034 scripti
2146 2985 2366 3033 complures.

1326 3028 1384 3065 sed
1408 3029 1550 3066 videtur
1580 3044 1687 3068 aurea
1719 3033 1962 3072 scribendum.
1993 3036 2131 3082 signum
2157 3037 2255 3072 enim
2294 3036 2370 3073 hoc

1296 3103 1305 3106 -
1327 3079 1476 3117 Palladis
1497 3093 1541 3117 ex
1563 3082 1672 3119 ebore
1694 3084 1732 3120 &
1755 3097 1845 3123 auro
1868 3086 2062 3123 constitisse
2084 3084 2255 3123 testantur
2274 3086 2369 3124 Pau·

1327 3129 1438 3167 sanias
1466 3131 1500 3168 in
1537 3133 1668 3170 Atticis
1697 3134 1755 3171 lib.
1786 3148 1813 3172 1.
1848 3148 1882 3173 2.
1909 3137 1947 3173 δε
1981 3135 2113 3172 Plinius
2143 3135 2203 3173 lib.
2240 3149 2369 3174 xxxvi.

1327 3192 1406 3228 cap.
1431 3194 1484 3218 νι,
1506 3182 1720 3222 Chronicon
1745 3185 1984 3223 Eusebi-anum
2009 3193 2131 3222 tamen
2155 3185 2215 3223 sub
2232 3199 2372 3225 annum

1331 3244 1503 3270 mntxxx.
1518 3234 1747 3283 Olympiade
1760 3247 1894 3273 Lxxxv.
1925 3234 2070 3271 Phidias
2088 3235 2275 3274 eburneam
2299 3239 2374 3275 Mi-

1331 3295 1478 3320 nervam
1497 3284 1596 3330 facit.
1637 3284 1848 3324 scholiastes
1879 3284 2129 3335 Aristophanis
2161 3289 2204 3327 ad
2234 3290 2293 3327 illa
2319 3288 2376 3325 Εἶ-

1334 3345 1464 3379 μήνης),

2239 3390 2374 3436 Πρῶτκ
