2495 3675
229 207 329 257 1262

754 191 814 248 P.
888 178 1294 245 OVIDII
1363 174 1897 235 NASONIS:

507 308 639 366 Inde
665 323 813 381 pares
837 317 1054 359 eentum
1081 298 1248 355 denos
1274 293 1496 349 secrevit
1523 290 1578 345 in
1602 289 1759 346 orbes

584 381 873 438 Romulus:
912 374 1162 430 Hastatos
1185 366 1513 439 instituitque
1538 363 1745 418 decem.

512 457 584 513 Et
613 455 841 509 totidem
869 450 1150 517 Princeps,
1189 440 1419 494 totidem
1446 438 1653 493 Pilanus
1677 435 1910 491 habebat·

370 550 468 598 130

574 528 846 598 Corpora:
884 519 1125 591 legitimo
1148 514 1350 588 quique
1379 509 1612 565 merebat
1638 525 1797 581 equo.

518 601 665 675 Quin
692 598 851 651 etiam
876 605 1051 664 partes
1076 587 1306 644 totidem
1331 582 1657 638 Titienfibus
1683 583 1859 644 idem,

591 673 852 743 Quosque
877 677 1070 719 vocant
1097 662 1362 720 RamneS,
1399 655 1807 736 Luceribusque
1833 652 2004 709 dedit.

518 747 786 802 Adiuetos
809 739 971 810 igitur
997 749 1250 792 numeros
1275 729 1497 784 servavit
1522 744 1577 781 1n
1596 744 1757 807 ‚anno

596 815 724 871 Hoc
749 815 894 883 luget
924 810 1088 881 spatio
1114 804 1310 861 femina
1337 799 1534 854 moesta
1558 816 1747 854 virum.

378 912 472 962 135
511 891 634 947 Neu
661 886 899 947 dubiteS„
936 882 1140 955 primae
1166 875 1361 932 fuerint
1392 873 1522 946 quin
1546 885 1668 926 ante
1694 871 1959 927 Kalendae

631 959 815 1020 flat-tm
857 956 925 1011 ad
948 955 1079 1009 haec
1104 951 1340 1007 animum
1364 945 1504 1018 figna
1534 943 1735 999 referre
1761 958 1930 1017 potes.

229 1183 268 1221 in
290 1177 488 1228 Epistol-is:
530 1180 726 1212 Numerare
756 1170 849 1207 docet
877 1163 1209 1217 meArithmetie-a.
1237 1168 1281 1198 ev·

232 1230 412 1270 avaritiae
435 1225 647 1265 commodare
666 1221 808 1269 digium
836 1219 946 1268 potius
966 1217 1104 1271 doceat,
1132 1211 1222 1269 nihil
1233 1209 1281 1246 ad

234 1297 306 1321 rem
329 1280 496 1331 pertinere
522 1277 600 1323 istas
623 1271 885 1321 computationes
907 1297 916 1313 ‚
949 1281 1016 1304 non
1038 1268 1095 1312 effe
1110 1265 1254 1322 ‘felicem
1270 1287 1280 1305 ,

239 1335 336 1382 cujus
350 1329 603 1379 patrimonium
632 1322 820 1361 tabularios
848 1321 958 1369 laffat.
995 1319 1032 1355 &
1055 1317 1200 1373 ‘Plinius
1219 1313 1283 1359 Ju-

233 1386 317 1422 nior
339 1384 374 1420 in
397 1381 533 1418 eisdem
564 1376 609 1414 ad
642 1373 864 1411 Calvisium:
894 1370 956 1406 Ubi
976 1368 1120 1405 audivit
1142 1394 1153 1411 ,
1191 1377 1281 1420 com-

236 1434 330 1470 vonit
347 1431 513 1474 vultum„
541 1426 694 1465 intendit
725 1424 854 1466 oculos,
881 1430 997 1458 mozet
1018 1417 1117 1454 labra
1132 1444 1142 1460 ,
1170 1425 1282 1463 agitat

230 1472 378 1532 ‘digitoss
408 1489 579 1529 computat
603 1493 613 1521 ;
654 1474 743 1513 nihil
772 1472 837 1522 nisi
860 1482 900 1510 ut
929 1471 1090 1520 miseram
1112 1466 1283 1516 eat-speeta-

234 1537 325 1573 sione
335 1533 535 1582 suspendat.
566 1530 742 1567 NEAPOL.

290 1599 370 1637 126.
400 1593 614 1643 Principium
632 1589 749 1638 spatiis
760 1586 919 1637 sumitur
937 1583 1018 1622 inde
1034 1581 1172 1633 novis.]
1214 1583 1280 1621 Li-

236 1649 299 1687 ber
320 1648 410 1686 Stat,
431 1644 642 1694 Principium
662 1640 826 1677 numeris.
855 1638 1024 1674 Crornn.

293 1710 374 1749 126.
401 1706 527 1757 spatiis
544 1702 682 1754 novis.]
732 1702 821 1740 Hoc
842 1700 914 1746 est,
943 1698 988 1737 ad
1009 1710 1126 1738 unum
1146 1699 1280 1737 iterum

234 1760 383 1799 reditur.
412 1759 590 1796 vaor.

293 1830 373 1861 127.
402 1819 484 1854 Inde
500 1826 616 1866 patres
637 1812 811 1863 centum]
837 1811 993 1861 Scaliger
1024 1811 1284 1862 malebat‚pa-

239 1883 312 1913 res,
340 1869 442 1909 ἰ’σιυς.
470 1876 588 1905 aetate
608 1866 739 1904 scilicet
756 1893 766 1909 ,
796 1872 859 1902 aut
880 1863 1002 1900 censu.
1028 1864 1092 1911 qui
1107 1863 1283 1901 Senatum

240 1920 519 1957 constituebant.
547 1918 651 1955 DAN.
673 1918 818 1953 Heras.
857 1914 1071 1951 Centuriam
1105 1923 1223 1952 aetate
1248 1917 1285 1951 δε

239 1972 375 2008 robore
398 1970 588 2019 aequalem
613 1966 730 2005 divisit
751 1968 786 2004 in
817 1965 994 2003 decurias.
1029 1965 1154 2002 Nun.
1183 1971 1287 2002 Pares

243 2032 380 2059 sentum
398 2033 443 2058 ex
467 2019 667 2068 potioribus
688 2018 833 2065 scriptis.
852 2015 1051 2066 quomodo
1073 2018 1109 2052 ὅ(
1130 2016 1288 2065 Scaliger

242 2072 425 2121 castigarat
444 2071 480 2108 in
504 2083 568 2108 ora
593 2069 729 2107 codicis
749 2068 822 2110 sui,
850 2069 888 2105 ὅτ,
919 2065 1062 2114 Lipfius
1084 2066 1131 2104 de
1154 2068 1286 2105 Militia

244 2123 417 2160 Romana
436 2122 496 2159 lib.
520 2134 561 2159 11.
581 2132 659 2169 cap.
680 2132 715 2158 2.
752 2118 850 2156 Vide
871 2118 1026 2156 Livium
1054 2117 1147 2155 libro
1165 2118 1290 2166 primo

243 2185 321 2222 cap.
344 2173 381 2211 8.
411 2174 448 2210 ὃς*
473 2183 526 2217 17.
555 2172 701 2209 Herm.

301 2223 381 2261 128.
407 2223 567 2269 Hastatos
586 2222 802 2271 instituitque
820 2218 969 2268 decem]
1000 2219 1052 2257 Hi
1070 2219 1108 2256 in
1125 2219 1204 2256 acie
1214 2220 1287 2268 pri-

242 2275 295 2312 mi
321 2285 480 2322 pugnarn
502 2270 748 2322 capellebant,
777 2271 910 2308 deinde
932 2271 1135 2318 principes,
1164 2269 1288 2317 postea

243 2326 367 2363 triarii.
395 2324 453 2362 sed
474 2325 548 2361 hoc
575 2323 687 2360 stante
711 2319 933 2370 Republica:
960 2332 1044 2358 nam
1076 2320 1137 2357 sub
1159 2321 1290 2358 Caesaa

245 2376 341 2413 ribus
364 2375 541 2424 principes
556 2373 697 2411 hastatis
715 2374 752 2410 ὅ(
774 2372 898 2410 triariis
919 2370 1124 2419 antepositi.
1150 2372 1289 2409 Accre-

246 2426 292 2463 de
314 2427 400 2463 huic
422 2425 529 2463 succo
545 2422 734 2472 ‚expresso
745 2435 789 2460 ex
810 2423 916 2460 variis
935 2424 1172 2470 antiquorum
1186 2422 1289 2460 locis.

246 2477 425 2514 Ceterum
447 2475 671 2512 hastatorum
683 2474 829 2512 ordines
849 2472 978 2510 decem
999 2485 1160 2510 numero
1183 2471 1288 2510 fuiffe

245 2527 392 2565 testatur
413 2528 523 2564 etiam
548 2525 676 2563 Livius
708 2525 743 2562 in
777 2525 849 2561 his:
878 2523 1066 2560 Biennium
1091 2522 1190 2560 miles
1212 2537 1287 2571 gre-

246 2578 362 2625 garius
379 2577 440 2623 fui
465 2576 632 2624 adversus
660 2574 858 2623 Philippum
889 2580 1006 2622 Regem
1028 2589 1039 2617 ;
1074 2574 1174 2611 tertio
1195 2587 1289 2611 anno

247 2627 394 2663 virtutis
416 2626 527 2676 cauffei
550 2626 639 2663 mihi
661 2631 697 2662 T.
711 2625 881 2673 Qintius
904 2624 1099 2661 Flaminius
1115 2624 1288 2662 decimum

248 2677 423 2724 hastatum
453 2677 606 2714 ordinem
635 2676 829 2724 assignavit.
882 2674 940 2711 Sic
955 2676 1089 2724 primus
1110 2675 1289 2720 hastatus,

247 2738 314 2775 pro
336 2729 456 2775 primo
483 2728 613 2766 ordine
638 2727 858 2764 hastatorum
874 2752 884 2768 ,
913 2724 950 2761 in
980 2725 1131 2761 Caesare
1160 2725 1220 2761 lib.
1242 2736 1290 2765 Π,

253 2776 437 2815 Bellorum
459 2780 660 2816 Civilium:
687 2777 843 2819 Cecidit,
872 2774 1015 2823 inquit,
1043 2777 1094 2823 {Q
1114 2774 1292 2821 Fulginius

251 2841 292 2863 ex
309 2828 420 2876 primo
444 2828 575 2876 hastato
602 2828 737 2876 legionis
757 2825 950 2876 secundae,
979 2825 1039 2874 qui
1059 2825 1097 2861 ob
1122 2825 1291 2861 eximiam

254 2878 425 2914 'virtutem
463 2893 503 2915 ex
535 2878 749 2925 inferioribus
779 2875 957 2914 ordinibus
984 2878 1032 2912 ad
1065 2889 1143 2912 eam
1181 2875 1292 2912 locum

248 2938 466 2977 pervenerat.
492 2930 528 2966 id
541 2930 611 2974 est,
642 2928 662 2966 {t
686 2929 835 2967 decimo
853 2927 991 2965 hastato
1013 2938 1074 2975 per
1094 2938 1224 2964 omnes
1238 2939 1293 2964 re-

250 2980 371 3027 liquos
391 2980 535 3017 ordines
556 2991 669 3028 usque
691 2979 734 3017 ad
756 2979 928 3026 primum.
957 2978 1029 3016 Adi
1047 2989 1141 3027 quae
1159 2976 1292 3015 adrem

256 3029 461 3066 observavit
481 3031 532 3067 tui
552 3028 664 3076 grati-i
693 3030 808 3067 Aldus
836 3030 1026 3066 Manutius
1053 3030 1090 3066 in
1113 3027 1294 3074 Quaesitis

252 3080 344 3117 libro
377 3081 497 3128 primo
530 3077 689 3128 epistola
720 3091 783 3116 111.
820 3080 998 3117 Nuper..
1041 3078 1295 3129 constituitque

255 3131 426 3168 Vatican.

309 3193 392 3229 429.
422 3185 467 3217 Et
486 3178 627 3216 totidem
645 3179 833 3229 princeps.]
864 3180 965 3218 Hinc
977 3181 1116 3229 primus
1131 3208 1142 3226 ‚
1167 3180 1296 3218 secun-

256 3230 346 3275 dus,
373 3233 497 3269 tertius
517 3232 680 3279 princeps
711 3243 824 3280 usque
842 3232 886 3268 ad
904 3231 1106 3270 decimum.
1159 3232 1293 3269 Cicero

256 3282 301 3319 ad
325 3283 380 3319 M.
403 3282 577 3320 Brutum:
609 3281 802 3330 Naftnnius
824 3280 977 3329 Cretensi
1003 3282 1085 3319 bello
1105 3310 1115 3325 ‚
1154 3283 1294 3319 Metello

258 3339 483 3385 Imperatore,
513 3335 675 3371 octavum
697 3333 883 3383 principem
914 3331 1029 3372 duxit.
1076 3333 1198 3381 Caput
1218 3343 1295 3373 erat

2225 1018 2377 1075 Lau.»

1331 1154 1454 1194 oetavi
1474 1154 1634 1194 ordinis:
1662 1154 1750 1192 hinc
1770 1154 1968 1193 universim
1988 1153 2114 1193 dixere
2141 1156 2306 1207 principes
2335 1157 2377 1196 &

1332 1206 1546 1251 ordinarios,
1574 1207 1660 1244 teste
1682 1206 1845 1254 Vegetio
1867 1205 2017 1244 infinitis
2044 1206 2146 1244 locis.
2193 1208 2379 1245 Peculiare

1334 1258 1445 1294 etiarn
1475 1257 1541 1294 illis
1572 1268 1713 1295 nomen
1741 1283 1751 1300 ,
1782 1257 1985 1306 principales
2021 1258 2058 1294 &
2081 1258 2250 1308 principia
2281 1258 2381 1307 legio—

1334 1320 1432 1344 num.
1458 1306 1557 1343 Vide
1577 1307 1650 1356 leg:
1667 1308 1822 1355 primam
1843 1307 1887 1344 C.
1901 1308 1946 1346 de
1968 1309 2150 1345 Veteranis.
2167 1310 2283 1359 &leg
2298 1321 2379 1348 xvr.

1337 1358 1380 1395 C.
1399 1357 1440 1394 de
1459 1357 1660 1405 Erogatione
1678 1357 1843 1394 militaris
1865 1371 2033 1395 annonae.
2061 1360 2183 1397 ΝΕΑΡ.

1346 1434 1352 1453 ,
1395 1420 1475 1455 129.
1503 1407 1656 1451 Totidem
1670 1407 1811 1456 pilanus
1833 1407 2017 1457 habebat.]
2047 1409 2281 1448 Pilaniiidem
2294 1421 2382 1448 cum

1336 1458 1462 1497 triariis
1487 1486 1497 1502 ‚
1534 1467 1573 1496 ut
1602 1470 1648 1497 ex
1677 1459 1733 1495 M.
1756 1458 1926 1496 Varrone
1956 1459 2193 1508 colligimu33
2234 1463 2270 1499 ὃς
2293 1473 2381 1499 cum

1337 1510 1551 1551 vexillariis.
1581 1518 1621 1547 ut
1652 1520 1696 1546 ex
1729 1510 1842 1547 Livio
1865 1537 1876 1553 ‚
1915 1509 2053 1547 Tacito
2083 1511 2121 1547 &
2148 1511 2234 1549 aliis.
2289 1513 2381 1550 Non

1336 1570 1500 1610 repetam
1521 1559 1584 1598 hic
1601 1560 1742 1598 labores
1762 1561 2000 1599 Criticorum.
2036 1561 2160 1599 Nem.
2194 1562 2381 1600 Pilumnus

1336 1613 1476 1649 Mazar.

1395 1675 1477 1712 130.
1505 1661 1669 1711 Legitima
1691 1661 1815 1712 quique
1834 1661 1986 1699 merebat
2004 1661 2119 1712 equos]
2149 1661 2382 1712 Legitimum

1337 1714 1584 1762 interpreteris
1615 1713 1801 1762 publicum
1841 1715 1878 1750 &
1909 1713 2047 1762 legibus
2079 1713 2243 1752 datum..
2270 1713 2402 1764 Equo>

1337 1765 1484 1812 publico
1515 1775 1656 1802 merere
1683 1763 1805 1801 dixere
1827 1764 1958 1801 Graeci
1980 1792 1990 1806 ‚
2019 1766 2178 1811 Δημσσὶςι
2208 1765 2405 1804 inermem..

1340 1817 1427 1853 hinc
1452 1843 1462 1861 ,
1507 1815 1658 1863 δημοσίᾳ
1690 1814 1902 1858 ἱππεύοντες
1937 1816 2077 1864 equites
2112 1816 2288 1853 Romani.
2324 1827 2388 1864 pa-

1338 1875 1392 1904 tet
1420 1867 1456 1904 id
1478 1877 1523 1903 ex
1547 1866 1760 1904 Philostrato
1779 1867 1816 1903 in
1843 1866 2010 1903 Adriano
2031 1865 2194 1915 sophista
2214 1879 2222 1904 x
2257 1868 2406 1904 Φοίνενι->

1342 1929 1401 1957 τος
1416 1911 1461 1953 ὀὲν
1481 1918 1562 1963 περὶ
1582 1922 1646 1958 τῆν
1664 1920 1792 1958 σκκνῆν
1814 1919 1877 1953 τοῦ
1896 1918 1960 1959 τῆς
1982 1918 2180 1962 ἀκροάσεως
2201 1917 2386 1964 ἀγγέλου,

1343 1967 1558 2015 §gasse-ecura
1579 1971 1643 2014 μὲν
1665 1967 1740 2005 ἀπὸ
1772 1968 1838 2010 τῆς
1854 1968 2065 2012 συγκλήτου
2086 1968 2241 2014 βουλῆς,
2268 1968 2387 2016 §Savi-

1343 2031 1456 2061 ςαντο
1473 2019 1514 2056 δὲ
1537 2022 1605 2057 τῶν
1626 2018 1780 2066 δημοσίᾳ
1807 2019 2041 2058 ἱππευόντων.
2067 2021 2193 2057 ΝΞΑΡ.
2230 2020 2402 2070 §Quisque-

1343 2071 1462 2108 multi.

1398 2133 1481 2171 130.
1507 2120 1664 2158 Merebat
1685 2118 1808 2172 equo.]
1855 2120 1945 2158 Non
1964 2120 2079 2159 solum
2111 2132 2199 2170 ergo
2219 2120 2390 2170 peditum

1342 2184 1475 2221 genera
1497 2174 1533 2210 in
1556 2173 1685 2210 decem
1704 2182 1874 2222 quaeque
1896 2180 2011 2219 partes
2034 2171 2216 2209 distributa
2238 2199 2248 2216 ‚
2276 2171 2388 2208 sed&

1342 2235 1470 2272 eques,
1498 2223 1693 2271 Polybius:
1734 2222 1998 2266 Παραπλκσὶως
2016 2220 2057 2258 Σὲ
2078 2223 2140 2257 καὶ
2161 2224 2242 2263 τοῦς
2263 2221 2406 2265 ἱππεῖς,

1343 2272 1393 2316 εἷς
1411 2273 1497 2316 ’ίλκς
1516 2273 1609 2310 δέκα
1634 2272 1773 2309 διεῖλον.
1801 2273 1838 2309 &
1860 2273 1914 2310 M.
1927 2272 2046 2310 Varro
2066 2272 2127 2309 lib.
2141 2284 2194 2309 xv.
2221 2272 2268 2310 de
2282 2272 2388 2310 L.L.

1343 2330 1476 2361 Turma
1497 2334 1610 2361 terma
1626 2323 1691 2370 est3
1722 2327 1751 2359 E
1769 2322 1808 2359 in
1832 2328 1871 2362 V.
1898 2322 2008 2359 abiit.-
2036 2323 2126 2371 quod
2146 2322 2279 2359 terdeni
2291 2323 2389 2373 equi·

1344 2384 1394 2412 tes
1413 2388 1456 2412 ex
1475 2374 1586 2413 tribus
1622 2373 1779 2411 tribubus
1804 2401 1814 2418 ‚
1848 2372 2058 2423 Tatiensium
2086 2401 2096 2418 ,
2124 2374 2317 2410 Ramm'um
2344 2383 2407 2414 cr>

1346 2430 1537 2471 Lucerum,
1558 2424 1704 2472 fiebant.
1726 2430 1847 2474 Itaque
1872 2425 1979 2473 primi
1993 2422 2213 2473 fingularum
2234 2425 2392 2461 decuria-

1344 2489 1424 2512 rum
1463 2476 1667 2513 Decuriones
1688 2475 1772 2511 dieti
1793 2490 1803 2518 ;
1847 2476 1907 2522 qui
1926 2475 1969 2510 ab
1994 2488 2027 2511 eo
2048 2476 2085 2511 in
2098 2473 2244 2524 fingulis
2264 2475 2393 2512 turmis

1336 2528 1424 2575 sunt
1450 2527 1559 2563 etiam
1589 2539 1682 2562 nunc
1710 2525 1811 2563 terni.
1840 2525 1960 2563 firmat
1987 2525 2088 2563 idem
2121 2525 2239 2564 Festus
2259 2525 2389 2564 iisdem

1343 2588 1459 2626 prope
1479 2577 1596 2615 verbis
1625 2578 1663 2613 &
1683 2575 1850 2614 Isidorus.
1877 2577 2001 2613 Nem.

1401 2640 1483 2677 131.
1510 2625 1827 2676 Tat1enfibusille.]
1856 2626 2056 2674 Titiensibus
2074 2626 2206 2675 optimi
2226 2624 2335 2662 codd.
2352 2625 2391 2663 ὅζ

1347 2679 1460 2716 reete.
1487 2678 1684 2727 quomodo
1708 2679 1746 2715 ὅ(
1766 2677 1861 2726 apud
1879 2679 1966 2715 alios
1984 2677 2217 2723 scriptoresin
2241 2676 2409 2713 vetent-⁷

1348 2729 1418 2765 mis
1449 2728 1672 2765 membranis
1705 2738 1891 2766 exaratum
1926 2727 2093 2765 occurrit.
2130 2734 2170 2762 ut
2200 2726 2295 2773 apud
2328 2727 2394 2763 Li-

1349 2778 1453 2815 vium
1469 2806 1478 2822 ,
1508 2779 1658 2816 Florum
1675 2806 1685 2822 ,
1712 2779 1941 2828 Propertium
1955 2805 1965 2820 ‚
1986 2776 2128 2814 Festum
2142 2777 2176 2813 in
2191 2777 2392 2823 Sext'estae,

1348 2828 1515 2866 Servium
1543 2829 1587 2866 ad
1608 2829 1710 2877 Virg.
1732 2841 1767 2867 v.
1795 2829 1882 2866 AEn.
1904 2829 1986 2875 560.
2014 2828 2050 2864 &
2067 2828 2154 2864 Mss.
2176 2829 2389 2866 Varronem

1348 2879 1394 2917 de
1418 2880 1464 2917 L.
1479 2881 1524 2916 L.
1552 2880 1598 2917 Et
1611 2880 1654 2916 L.
1677 2878 1890 2927 Ampeliuin
1912 2881 1946 2915 in
1967 2878 2040 2915 fine
2058 2878 2167 2916 libelli
2191 2879 2393 2916 memoria-

1347 2930 1401 2967 lis.
1429 2932 1466 2967 δε
1487 2931 1569 2968 sane
1598 2942 1682 2968 cum
1718 2930 1846 2966 Livius
1868 2928 1926 2966 lib.
1949 2943 1974 2966 1.
2003 2941 2080 2976 cap.
2105 2941 2160 2977 ¹3·
2187 2929 2410 2976 Ramnenses

1349 2980 1374 3017 ὰ
1397 2981 1561 3023 Romulo,
1587 2980 1632 3015 ab
1664 2979 1752 3015 Titio
1784 2980 1882 3016 Tatio
1912 2979 2071 3028 Titienses
2099 2980 2280 3027 appellatos
2297 2980 2394 3018 affir-

1350 3040 1447 3074 mat,
1475 3031 1563 3068 nihil
1590 3029 1730 3067 neceffe
1757 3040 1832 3068 erat
1854 3031 1926 3067 Titi
1947 3042 2172 3078 praenomen
2193 3030 2300 3075 addi,
2327 3029 2395 3069 nifi

1351 3093 1398 3119 eo
1425 3080 1622 3129 Titienfium
1653 3081 1800 3118 relatam
1833 3079 2002 3119 voluiffet
2029 3081 2224 3128 originem.
2252 3081 2326 3119 vid.
2348 3081 2395 3120 ad

1350 3132 1410 3170 lib.
1430 3131 1518 3169 Fast.
1541 3144 1568 3168 1.
1592 3132 1677 3168 260.
1704 3132 1973 3170 Mazarinianus
2005 3131 2042 3167 ἃ
2072 3139 2141 3168 tres
2172 3131 2232 3168 alii
2265 3140 2394 3170 tamen

1350 3183 1552 3224 hocloco,
1580 3182 1814 3231 cupientibus.
1850 3194 1870 3219 a
1899 3183 1974 3218 Tito
2002 3181 2110 3229 igitur
2137 3189 2175 3218 ut
2209 3181 2392 3231 Titienfis,

1352 3233 1400 3270 fic
1420 3233 1591 3269 Titianus.
1618 3233 1716 3270 unde
1726 3233 1881 3269 thermae
1894 3231 2053 3268 Titianae
2065 3243 2084 3268 a
2097 3231 2192 3269 Tito
2207 3232 2396 3281 Vespafia-

1349 3296 1400 3321 no
1420 3283 1629 3320 exstrue'tae.
1658 3283 1833 3320 Carisius:
1864 3288 1956 3319 Cum
1977 3281 2025 3330 fit
2048 3288 2140 3319 Nero
2162 3293 2201 3318 ut
2230 3283 2299 3328 leo,
2321 3282 2396 3333 pel·

1351 3335 1396 3372 les
1431 3333 1584 3372 leoninas
1621 3332 1775 3372 thermas
1805 3334 2025 3371 Neronianas
2051 3333 2260 3383 appellamus
2278 3349 2290 3371 :
2337 3332 2415 3368 Τι’-»-

2313 3392 2415 3429 ικ3,,
