2495 3675
731 164 792 221 ι».
867 160 1282 220 ov1D11
1357 128 1883 221 NAs‘onis

523 264 628 321 Sed
659 265 788 321 soler
814 264 1086 320 interdurn
1113 262 1226 317 fieri
1252 257 1504 329 placabile
1529 276 1758 320 numen:

594 339 748 394 Nube
776 340 906 393 solet
932 335 1071 408 pulsa
1097 331 1353 388 candidus
1380 332 1458 385 ire
1484 332 1612 387 dies,

518 410 651 468 Vidi
685 429 789 483 ego
818 408 1106 482 pampineis
1134 416 1404 458 oneratam
1431 405 1621 460 vitibus
1646 409 1884 473 ulmum,

600 486 756 557 Quae
792 483 962 537 fuerat
988 482 1143 533 saevo
1168 476 1388 532 fulmine
1416 477 1550 531 tac'ta
1569 478 1733 548 Jovis.

383 574 478 627 145
518 555 627 630 lpse
660 559 784 611 lieet
810 555 1016 623 sperare
1043 563 1223 611 vetes;
1264 549 1611 625 sperabimus:
1651 566 1811 625 atque

599 629 727 683 Hoc
755 641 919 679 unum
947 623 1089 686 fieri,
1125 635 1178 676 te
1206 621 1553 694 prohibente,
1593 626 1781 696 potest.

527 703 657 774 Spes
682 698 811 754 mihi
837 714 1025 768 magna
1051 695 1215 759 subit,
1253 711 1379 749 cum
1406 709 1490 760 te,
1529 698 1797 754 mitissime
1824 698 2109 773 Princeps;

599 774 727 843 Spes
756 769 916 833 mihi,
952 768 1177 840 respicio
1204 785 1329 822 cum
1354 785 1470 822 mea
1495 768 1628 833 fata,
1675 772 1833 826 cadit.

524 847 611 902 Ac
639 843 803 901 veluti
833 842 1003 897 ventis
1027 840 1345 913 agitantibus
1371 858 1604 912 aequora
1625 861 1735 898 non
1765 845 1840 899 est

602 916 855 990 Aequalis
881 914 1074 977 rabies,
1114 913 1506 986 continuusque
1531 915 1715 978 furor;

524 990 631 1046 Sed
660 989 829 1044 modo
852 987 1154 1049 sublidunt,
1198 987 1584 1059 intermiflique
1618 990 1889 1055 silescunt,

598 1064 836 1134 Vimque
865 1074 1018 1134 putes
1044 1061 1159 1114 illos
1191 1058 1484 1131 deposuisse
1512 1061 1686 1123 suam;

528 1136 614 1192 Sic
641 1136 836 1190 abeunt
853 1174 867 1197 ,
905 1133 1242 1204 redeuntque
1268 1133 1404 1195 mei,
1445 1133 1756 1205 variantque
1781 1136 2028 1194 timores:
2490 1144 2495 1193 l

599 1208 672 1264 Et
697 1208 844 1281 spem
869 1205 1109 1278 placandi
1135 1207 1371 1277 dantque
1396 1220 1700 1277 negantque
1727 1211 1819 1264 tui.
2490 1207 2495 1258 2

2281 1338 2386 1399 Per

1392 1477 1473 1515 144.
1500 1472 1607 1507 Saevo
1619 1470 1814 1523 fulmine.]
1868 1473 1973 1513 Saevi
1996 1474 2105 1521 Jovis
2135 1475 2387 1527 castigatiores.

1338 1519 1484 1576 Heius.
1529 1520 1637 1570 Ego,
1674 1523 1759 1561 licet
1777 1537 1903 1573 parurn
1933 1527 2065 1564 referre
2089 1529 2258 1574 arbitrer,
2279 1532 2386 1579 saevo

1339 1579 1495 1609 retineo.
1523 1572 1648 1629 saevus
1668 1575 1821 1623 quidem
1841 1578 1980 1626 Jupiter
1999 1577 2131 1616 dicitur
2150 1578 2281 1618 lib.111.
2296 1582 2386 1621 Fast.

1339 1634 1424 1670 209.
1449 1622 1509 1660 sed
1529 1623 1589 1660 hic
1606 1625 1758 1671 praestat
1771 1627 1924 1672 ‚fulmen
1937 1629 2086 1676 saevum
2102 1641 2235 1668 vocare
2248 1659 2257 1676 ‚
2271 1643 2386 1681 quam

1341 1673 1476 1720 Jovem
1493 1700 1501 1714 ,
1516 1675 1573 1710 cui
1595 1685 1784 1723 comparat
1798 1678 2019 1728 Augustum,
2033 1680 2135 1728 cujus
2149 1681 2386 1722 clementiam

1344 1723 1462 1761 modo
1491 1723 1712 1763 laudaverat.
1741 1728 1781 1765 δε
1809 1730 1857 1766 ita
1889 1742 1979 1766 mox
2009 1730 2063 1771 ΥΤ.
2087 1742 2167 1778 179.
2203 1731 2272 1769 tela
2284 1735 2388 1780 fera,

1344 1775 1485 1813 fulmen
1510 1775 1665 1823 Augusti
1695 1786 1819 1816 vocat.
1843 1780 1882 1817 &
1915 1780 2041 1829 paffim
2063 1792 2172 1830 agens
2198 1782 2244 1823 de
2265 1784 2390 1825 fulmi-

1343 1837 1415 1871 ne,
1444 1834 1484 1863 ut
1506 1824 1607 1874 supra
1626 1826 1686 1865 lib.
1708 1840 1736 1865 1.
1758 1840 1850 1868 vm.
1877 1842 1937 1869 21.
2255 1836 2260 1838 ’
2387 1828 2391 1832 ’

218 183 252 236 5
258 184 324 220 ,Χῖ-Ζ

391 937 490 987 150

234 1475 326 1515 tisin
339 1474 414 1513 hoc
433 1471 519 1512 tristi
548 1484 636 1512 meo
661 1473 749 1511 fato.
767 1481 994 1524 quamquam
1015 1468 1184 1508 nondum
1206 1467 1284 1518 ple-

235 1537 283 1564 ne
303 1526 393 1564 mihi
412 1526 449 1563 in
470 1527 543 1563 hoc
562 1525 649 1563 loco
670 1523 862 1564 satisfacio.
890 1524 1023 1561 Eum.

295 1605 377 1643 ¹39·
405 1600 516 1631 sanae
531 1594 674 1645 gravior
694 1593 870 1642 mentique
883 1589 1044 1641 potentat]
1061 1590 1141 1628 Nos
1154 1601 1198 1627 ex
1209 1589 1284 1626 Ms-

237 1645 418 1690 fedrnus,
438 1648 526 1693 sano
553 1644 696 1694 gravior
722 1643 913 1691 mentisque
937 1641 1092 1692 potenti,
1120 1650 1159 1679 ut
1187 1639 1283 1678 sitin

235 1695 291 1733 his
313 1695 530 1743 ἐπεξῆγησις
561 1695 755 1746 quaedam.
799 1694 936 1732 Sanitas
968 1693 1067 1730 enim
1097 1692 1212 1729 animi
1231 1689 1284 1727 se-

237 1747 402 1784 cundum
423 1747 565 1785 Stoicos
587 1746 681 1795 apud
704 1747 925 1784 Ciceronem
950 1743 1064 1792 polita
1085 1743 1180 1780 estin
1192 1750 1289 1780 tran-

240 1797 420 1845 quillitate
442 1797 601 1846 quadarn
624 1796 911 1843 constantiaque.
942 1803 982 1831 ut
1003 1794 1105 1832 sanus
1135 1792 1198 1837 sit,
1224 1792 1287 1841 qui

238 1848 374 1884 mentis
395 1859 551 1896 compos
574 1847 644 1889 est;
671 1847 744 1885 sive
767 1846 869 1894 cujus
900 1856 1004 1882 mens
1027 1852 1157 1887 motu,
1185 1841 1284 1891 quasi

237 1898 397 1941 morbo,
427 1898 632 1946 perturbata
662 1897 764 1934 nullo
793 1896 846 1933 fit.
883 1895 1035 1933 Bfinsm.
1087 1900 1175 1931 Sana
1195 1893 1286 1930 liber

237 1947 423 1986 Strozzae.
462 1949 610 1994 Scribe,
639 1954 728 1985 sano
748 1946 939 1996 mentisque
957 1945 1102 1996 potenti.
1150 1945 1288 1982 Seneca

236 1997 433 2050 Thyeste,
464 2001 547 2047 546.

587 2086 686 2133 serus
705 2083 761 2121 ille
777 2092 820 2123 Ψ
841 2095 917 2119 acer
929 2110 939 2125 ,

290 2141 364 2174 Nec
378 2144 494 2186 potens
512 2137 635 2173 mentis
655 2135 873 2173 truculentus
894 2137 1037 2170 Atreus.

241 2212 456 2251 Macrobius
481 2212 654 2250 Saturnal.
685 2212 747 2250 lib.
767 2224 794 2248 1.
817 2222 893 2258 cap.
915 2221 994 2246 χιιι.
1022 2207 1086 2245 etsi
1115 2207 1291 2246 sententia

244 2264 415 2302 nonnihil
438 2264 596 2307 diversa,
632 2270 728 2300 Nam
750 2262 833 2308 quia
855 2260 980 2297 mentis
1005 2267 1172 2307 potentem
1198 2266 1292 2295 Mer-

243 2314 380 2351 curium
401 2315 589 2358 credimus,
612 2311 948 2361 appellatumqueita
972 2309 1196 2357 intelligimus
1215 2310 1291 2347 ἀπὸ

244 2366 310 2402 τοῦ
335 2364 538 2410 ἑρμευέυειν.
572 2371 737 2413 Impotens
757 2362 880 2398 animi.
915 2359 1010 2408 apud
1042 2360 1209 2397 Curtium
1231 2361 1293 2398 lib.

243 2427 336 2453 vm.
357 2426 433 2462 cap.
458 2428 487 2453 ι.
513 2417 551 2453 &
578 2416 643 2452 lib.
664 2427 698 2451 x.
719 2426 796 2459 cap.
819 2424 852 2459 7.
882 2419 920 2448 ut
946 2411 1016 2448 illic
1047 2410 1291 2459 castigandum

242 2478 339 2505 reor.
367 2467 513 2504 Heius.
538 2473 666 2503 Famae
681 2464 823 2512 gravior
840 2463 989 2500 Lovan.

302 2554 384 2588 140.
412 2545 533 2592 Qum
553 2551 653 2579 tanto
675 2539 872 2592 displicuiffi’
892 2537 1000 2588 vim]
1031 2538 1114 2577 Lib.
1133 2550 1171 2576 v.
1191 2538 1296 2588 Eleg.

247 2603 332 2631 xri.

298 2657 465 2695 Maxima
492 2667 598 2706 poena
631 2656 719 2694 mihi
746 2655 789 2704 est
820 2655 928 2706 ipsum
959 2654 1124 2705 0ff27²d¹ffi
1145 2682 1156 2700 ‚
1180 2655 1294 2704 prius-

423 2723 442 2743 Ζ(

351 2722 503 2807 Vegtffirtn
512 2758 653 2796 mallem
663 2755 802 2804 funeris
823 2757 907 2794 hora
926 2754 1027 2794 mihi.

246 2838 420 2875 Croni«.
448 2839 634 2876 B21rrh.iib.
649 2850 683 2876 2.
701 2837 798 2875 Adv.
820 2851 850 2886 ς.
879 2848 922 2873 ex
937 2834 1111 2874 suislibris
1129 2836 1292 2883 profert,

251 2895 365 2926 Poma
379 2887 426 2937 fit
447 2902 486 2923 ac
506 2899 604 2924 tanto
622 2888 817 2937 displicuisse
839 2888 916 2923 viro
931 2915 940 2928 ‚
968 2886 1066 2924 unde
1097 2887 1156 2924 ille
1179 2898 1291 2923 exco—

249 2941 338 2989 gitat
355 2966 364 2983 ,
387 2938 496 2974 menti
518 2952 602 2988 quae
619 2939 748 2988 potenti
763 2948 866 2986 poena
886 2937 938 2980 sui
952 2965 961 2981 ‚
980 2945 1019 2974 ut
1033 2936 1093 2980 fit,
1121 2937 1229 2973 menti
1242 2936 1297 2983 sui

246 2990 388 3039 potenti.
420 2990 467 3025 ita
489 2989 620 3025 Horat.
642 3001 705 3026 ux.
726 2989 869 3036 Od.25.
891 2997 1008 3036 potens
1021 2987 1091 3036 sui.
1111 2987 1170 3026 sed
1183 2998 1224 3025 ac
1237 2999 1296 3025 ce-

253 3041 305 3078 do
332 3038 502 3078 Heinsio.
521 3037 650 3076 ssusm.

247 3158 261 3199 l
306 3121 388 3156 140.
418 3108 519 3146 Nube
541 3108 627 3157 sbiet
642 3107 740 3157 pulsa
763 3106 932 3144 candidus
952 3107 999 3145 ire
1017 3106 1124 3158 dies.]
1163 3106 1298 3147 Tibul·

265 3170 303 3197 uS
317 3173 326 3196 :

302 3222 399 3259 Venit
418 3221 488 3271 post
506 3219 634 3257 multos
655 3233 725 3257 una
744 3220 866 3268 serena
890 3219 971 3258 dies.

246 3291 419 3343 §sorm-
448 3287 586 3328 clarior
610 3288 661 3327 ire
690 3299 780 3328 unus
801 3287 954 3326 Heinfii.

1394 1911 1508 1943 Saeva
1528 1919 1587 1943 nec
1612 1907 1768 1948 admiror
1790 1921 1951 1951 metuunt
1960 1913 1995 1964 fi
2001 1914 2177 1962 fulmina.

1344 1969 1382 2008 δί
1402 1968 1463 2007 lib.
1486 1983 1550 2009 111.
1577 1984 1631 2010 ιν.
1651 1984 1684 2022 3.

1396 2036 1549 2070 Saevum
1565 2035 1748 2084 praelustri
1756 2038 1899 2086 fulmen
1915 2040 1961 2079 ab
1987 2056 2064 2081 arce
2081 2044 2195 2085 venit.

1345 2106 1400 2133 ιν.
1423 2106 1487 2131 ιιι.
1509 2096 1569 2145 69.

1397 2157 1502 2207 Qod
1514 2159 1635 2207 saevis
1662 2174 1716 2209 ego
1729 2163 1812 2210 sum
1832 2163 1944 2209 Jovis
1961 2163 2096 2213 ignibus
2115 2164 2217 2204 istus.

1348 2229 1481 2267 Horat.
1500 2240 1527 2265 1.
1551 2229 1625 2267 Od.
1650 2232 1707 2269 16.

1398 2315 1468 2347 Nec
1482 2310 1612 2358 saevus
1633 2312 1718 2360 ignis
1731 2341 1740 2358 ,
1769 2326 1828 2350 nec
1845 2316 2021 2354 tremendo

1448 2361 1614 2411 Juppitcr
1631 2363 1694 2413 ipsi?
1713 2378 1813 2402 ruens
1833 2368 2005 2406 tumultu.

1350 2443 1388 2481 ὃ(
1410 2443 1457 2480 ita
1475 2443 1576 2489 saevi
1602 2444 1733 2489 venti,
1769 2446 1897 2493 saevae
1926 2447 2040 2486 undae
2069 2450 2108 2488 ὃ(
2140 2450 2266 2491 fimilia
2287 2453 2396 2494 obvia

1350 2494 1446 2542 apud
1467 2494 1610 2532 Poetas.
1636 2496 1673 2531 in
1694 2496 1927 2543 praecedenti
1957 2500 2060 2538 versu
2083 2514 2174 2540 unus
2195 2503 2313 2542 codex
2333 2507 2396 2543 ha·
2435 2512 2442 2515 χ

1350 2544 1481 2587 bebat‚
1504 2544 2096 2604 panapineis'oneratamfrondibus
2125 2552 2274 2593 ulmum.
2295 2555 2398 2606 quod

1353 2596 1449 2633 forte
1471 2603 1669 2643 repetitum
1690 2609 1735 2634 ex
1756 2598 1817 2635 lib.
1838 2611 1901 2636 111.
1923 2601 2017 2639 Met.
2037 2603 2122 2650 667.

1400 2676 1596 2726 Pampineis
1617 2678 1728 2727 agitat
1748 2678 1906 2716 velatam
1925 2679 2107 2723 frondibus
2127 2681 2275 2731 hastam.

1351 2749 1410 2787 sed
1430 2752 1467 2788 &
1498 2753 1702 2800 pampineas
1727 2753 1818 2790 vites
1849 2753 1941 2791 dixit
1973 2766 2008 2791 x.
2041 2754 2134 2792 Met.
2165 2768 2247 2794 100.
2276 2758 2314 2795 ὃ(
2335 2761 2399 2797 nti

1350 2801 1460 2888 gont.
1489 2815 1580 2842 vm.
1618 2815 1675 2854 13.
1711 2816 1780 2853 pro
1810 2807 1905 2841 tacta
1934 2805 2044 2842 etiam
2081 2808 2170 2853 secia
2200 2808 2398 2848 Leidenfis.

1383 2865 1483 2892 uam.

1410 2929 1488 2964 145.
1516 2918 1753 2965 sperabimus.-
1782 2928 1886 2965 atque
1908 2924 1978 2954 Hoc
1995 2932 2107 2956 unum
2122 2919 2241 2971 fieri.]
2271 2921 2398 2971 Lege,

1351 2968 1566 3014 sperabimus
1593 2981 1706 3017 aeque.
1734 2970 1977 3007 nihilominus
2002 2970 2232 3018 sperabimus.
2260 2982 2397 3019 praeter

1351 3029 1495 3054 morem
1521 3018 1650 3055 Ovidii
1673 3020 1710 3055 in
1741 3019 1874 3056 ultimo
1903 3020 2006 3057 versu
2035 3032 2135 3057 nova
2155 3023 2325 3068 periodus
2343 3023 2399 3060 in·

1351 3067 1454 3115 cipit.
1491 3066 1610 3104 Posset
1635 3069 1744 3105 etiam
1763 3069 1858 3116 legi,
1881 3069 2093 3118 sperabimus
2112 3084 2230 3118 usque.
2254 3074 2317 3108 τοῦ
2334 3086 2397 3116 us,

1351 3118 1478 3155 ultima
1500 3117 1627 3165 syllaba
1650 3120 1686 3155 in
1699 3119 2086 3167 sperabimusiteranda
2108 3122 2179 3158 fuit
2201 3134 2219 3158 a
2241 3122 2402 3167 librario,

1350 3167 1621 3256 quamsssolennsi
1644 3180 1766 3206 errore
1787 3169 1921 3207 omisit.
1949 3169 2090 3207 Heius.
2118 3171 2398 3221 sperabimusin·

1351 3229 1428 3271 gun
1481 3229 1591 3255 ernen
1612 3248 1619 3256 .

1408 3291 1493 3332 ⁴147·
1521 3276 1698 3328 Mitiffime
1728 3278 1897 3331 Casan]
1950 3278 2112 3330 Princeps
2151 3281 2331 3372 melicsires.
2359 3280 2399 3320 δε

2262 3343 2398 3383 equenf
