2495 3675
378 170 941 237 EPISTOLARUM
979 169 1098 227 EX·
1125 164 1411 223 PONTO.
1448 163 1570 222 Lus.
1609 165 1703 224 IV.
1742 166 1922 223 Emsr.
1957 168 2087 228 XV.

484 278 557 334 Et
583 277 778 349 pudet,
815 272 871 328 &
899 286 1117 334 metu0,
1155 270 1468 341 semperque
1486 307 1499 329 ‚
1517 268 1814 344 eademque
1836 271 2073 342 precari;

555 352 641 406 Ne
663 350 881 404 subeant
907 345 1086 399 animo
1112 342 1287 397 taedia
1306 343 1437 413 justa
1468 357 1578 396 tuo,

481 424 690 481 Verum
719 419 849 494 quid
876 418 1090 473 faciam:
1131 433 1216 471 res
1241 415 1592 469 immoderata
1617 413 1817 486 cupido
1842 414 1930 470 est.

550 497 637 551 Da
663 495 871 549 veniam
896 491 1058 552 vitio,
1100 489 1242 543 mitis
1270 489 1470 551 amice,
1509 504 1649 542 meo,

477 569 721 624 Scribere
747 567 898 635 saepe
922 562 1064 617 aliud
1092 561 1312 632 cupiens
1338 560 1556 615 delabor
1583 558 1807 614 eodem:

547 641 654 713 Ipsa
681 641 859 694 locum
885 654 980 707 per
1003 637 1055 689 se
1088 636 1238 688 litera
1267 633 1440 688 nostra
1464 647 1635 704 rogat.

334 733 358 778 3
369 731 396 782 5
471 714 576 768 Seu
602 726 780 766 tamen
804 707 1021 765 effefius
1045 708 1284 761 habitura
1311 706 1385 760 est
1407 708 1604 776 gratia;
1646 705 1734 759 seu
1760 721 1846 759 me

547 786 694 839 Dura
714 784 864 854 jubet
892 781 1071 854 gelido
1097 780 1260 834 Parca
1288 779 1379 832 sub
1409 796 1507 834 axe
1533 779 1702 842 mori;

471 859 694 930 Semper
717 857 937 911 inoblita
962 869 1199 924 repetam
1226 866 1313 905 tua
1339 868 1560 906 munera
1586 864 1795 905 mente:

539 930 612 984 Et
640 946 757 982 mea
781 945 867 982 me
893 928 1047 982 tellus
1074 925 1253 979 audiet
1277 923 1379 978 esse
1407 938 1574 979 tuum.

468 1002 673 1058 Audiet
699 1002 754 1053 &
778 1000 935 1055 coelo
961 998 1125 1070 posita
1149 997 1222 1051 est
1250 1013 1620 1068 quaecumque
1643 995 1734 1049 sub
1760 996 1880 1050 illo:

536 1073 750 1127 Transit
776 1072 949 1126 nostra
972 1072 1112 1124 feros
1137 1069 1172 1123 fi
1197 1069 1365 1123 modo
1395 1069 1548 1124 Musa
1575 1068 1758 1123 Getas,

462 1147 661 1219 Teque
686 1162 836 1200 meae
859 1142 1082 1198 caussam
1111 1143 1543 1214 servatoremque
1568 1140 1767 1194 salutis:

536 1221 744 1291 Meque
769 1232 923 1272 tuum
949 1216 1078 1270 libra
1102 1217 1245 1269 norit
1275 1214 1329 1267 &
1358 1231 1479 1268 aere
1506 1214 1693 1268 minus,

1267 1310 1390 1346 Minus
1413 1310 1532 1359 major
1562 1310 1777 1356 scriptorum
1809 1324 1886 1360 pars
1908 1340 1919 1357 ,
1949 1312 1985 1349 &
2007 1312 2187 1352 editiones
2207 1326 2301 1354 non-

1265 1362 1397 1398 nullae.
1449 1359 1552 1409 quod
1583 1360 1757 1400 Salmafio
1796 1363 1831 1400 in
1873 1363 2036 1411 Epistolis
2067 1376 2101 1402 n.
2136 1367 2217 1403 106.
2253 1369 2297 1405 ad

1267 1412 1506 1449 Gronovium
1528 1411 1746 1459 probabatur
1769 1442 1779 1458 ,
1806 1415 1843 1451 ὃ(
1863 1414 1927 1461 ipsi
1949 1414 2145 1453 Gronovio
2168 1416 2301 1454 Obser-

1267 1471 1340 1499 vat.
1364 1462 1420 1500 lib.
1437 1474 1480 1501 11.
1503 1474 1579 1510 cap.
1599 1472 1630 1500 1.
1658 1464 1712 1501 Ut
1734 1463 1848 1502 sensus
1867 1465 1907 1502 sit
1922 1493 1931 1508 ,
1960 1466 2027 1502 Me
2049 1468 2101 1503 tui
2124 1468 2297 1515 mancipii

2231 171 2328 243 895

343 370 409 414 30

321 1095 391 1145 40

220 1316 279 1363 ⁷41.
307 1313 631 1366 Servatoremque.]
679 1313 965 1363 salvatoremque
994 1312 1034 1350 P.
1052 1311 1149 1350 Dan.
1171 1312 1210 1349 ὅ(

171 1377 328 1418 quatuor
347 1367 476 1417 scripti.
493 1365 670 1404 monachi
688 1376 841 1403 manum
862 1363 963 1412 sapit.

220 1431 279 1466 42.
314 1425 437 1470 Meque
457 1429 560 1455 tuum
580 1415 673 1453 librd
693 1416 785 1453 norit
803 1425 846 1455 ω’
870 1427 946 1451 aere
966 1411 1111 1462 magis.]
1167 1412 1209 1451 In

169 1470 355 1507 nonnullis
378 1499 387 1513 ,
426 1469 555 1507 minus.
595 1467 782 1505 Nauem.
836 1465 891 1502 Ita
922 1465 1074 1513 quidem
1108 1465 1208 1501 hunc

170 1520 314 1558 versum
330 1548 340 1565 ,
369 1533 453 1558 cum
468 1518 614 1557 caeteris
627 1515 923 1566 plerisquelego,
953 1524 992 1552 ut
1014 1514 1206 1553 sitdietum

168 1568 414 1613 ἔλλειπτικῶς
429 1599 438 1616 ,
467 1581 533 1618 pro
547 1596 558 1613 ‚
588 1567 691 1605 Norit
703 1581 757 1604 me
766 1567 875 1616 magis
887 1577 987 1603 tuum
1008 1566 1064 1615 effe
1077 1579 1207 1616 ‚quam

160 1618 197 1670 si
222 1633 281 1667 per
308 1634 363 1658 aes
393 1634 433 1658 ac
460 1620 589 1657 libram
618 1627 750 1667 emptus
761 1616 844 1667 sim.
898 1616 1065 1654 Tametsi
1084 1629 1205 1665 neque

167 1671 243 1718 ipse
267 1671 418 1716 dubito,
447 1670 621 1708 mendam
644 1679 705 1707 aut
723 1670 855 1706 vitium
875 1668 1026 1717 aliquod
1046 1668 1132 1704 huic
1149 1668 1206 1704 lo-

167 1732 214 1758 co
237 1719 383 1760 subeffe.
429 1723 626 1759 Caeterum
651 1720 697 1759 de
723 1719 915 1767 emptione
942 1729 1035 1766 quae
1060 1730 1121 1765 per
1146 1730 1204 1755 aes

164 1783 208 1809 ac
226 1770 352 1810 libram
382 1771 490 1810 fiebat
512 1799 522 1816 ,
559 1770 737 1808 Boethius
772 1771 811 1808 in
837 1769 986 1816 Topica
1017 1768 1208 1807 Ciceronis

168 1823 342 1860 meminit
370 1824 422 1860 his
455 1821 571 1860 verbis
594 1834 603 1858 ι
633 1819 792 1869 Mancipi
819 1833 870 1857 res
896 1829 1026 1855 veteres
1059 1819 1207 1866 appella-

168 1871 279 1916 bant,
307 1886 394 1923 quae
426 1873 478 1910 ita
497 1870 793 1909 abalienabantur
813 1897 825 1914 ‚
862 1879 903 1906 ut
934 1881 973 1904 ea
993 1867 1206 1905 abalienatio

163 1932 223 1970 per
243 1925 424 1973 quandam
445 1936 552 1960 nexus
568 1921 665 1968 fieret
680 1920 952 1968 solemnitatem.
980 1924 1102 1955 Nexus
1122 1932 1203 1955 vero

166 1975 210 2020 est
237 1974 410 2023 quaedam
433 1974 523 2022 juris
545 1972 758 2019 solennitas,
788 1982 874 2017 quae
893 1967 998 2014 fiebat
1017 1981 1052 2003 eo
1079 1969 1202 2012 modo,

166 2037 232 2074 quo
250 2024 288 2060 in
316 2022 587 2071 institutionibus
615 2022 722 2068 Casus
750 2019 899 2068 exponit.
951 2017 1112 2065 Ejusdem
1138 2032 1205 2054 au·

167 2085 237 2111 tem
261 2075 341 2124 Caji
363 2074 448 2111 libro
465 2074 574 2122 primo
601 2071 860 2117 Institutionum
882 2069 921 2106 de
941 2081 1030 2105 nexu
1045 2069 1203 2114 faciendo

167 2124 275 2162 verba
293 2131 377 2170 lunt
397 2124 478 2161 haec
499 2140 510 2160 .·
551 2122 605 2166 Eli
625 2133 741 2159 autem
765 2120 973 2169 mancipatio
987 2146 998 2162 ‚
1024 2130 1062 2154 ut
1084 2122 1202 2167 &su-

161 2186 227 2224 pra
247 2189 377 2224 quoque
402 2173 639 2212 indicavimus
653 2201 662 2216 ‚
691 2172 902 2220 imaginaria
923 2170 1095 2221 quaedam
1116 2183 1202 2207 ven-

165 2226 276 2270 ditio,
305 2225 394 2275 quod
414 2225 523 2272 ipsum
548 2238 606 2271 jus
628 2224 804 2272 proprium
829 2221 870 2267 est
903 2221 1203 2257 Romanorumn-

165 2277 280 2313 vium.
307 2289 411 2324 eaque
430 2289 480 2311 res
511 2274 563 2311 ita
593 2273 742 2322 agitur:
773 2270 957 2308 Adhibitis
988 2284 1056 2306 non
1087 2271 1202 2309 minus

167 2339 274 2375 quam
296 2327 446 2375 quinque
467 2324 626 2370 testibus,
655 2322 788 2358 civibus
814 2328 1048 2358 Romanorum
1065 2322 1200 2369 puberi-

167 2380 229 2413 bus
247 2403 256 2420 ,
293 2387 334 2414 (φ
354 2385 527 2423 praeterea
557 2373 625 2410 alio
648 2373 795 2419 ejusdem
816 2371 1019 2408 conditionis
1042 2400 1051 2414 ,
1079 2372 1139 2421 qui
1159 2373 1199 2409 li-

165 2426 267 2463 bram
294 2439 437 2462 aeneam
467 2435 581 2461 teneat
602 2452 612 2468 ,
640 2425 700 2474 qui
717 2423 911 2471 appellatur
941 2422 1121 2470 libripens,
1149 2423 1200 2467 is,

166 2478 228 2528 qui
248 2476 459 2522 mancipium
488 2474 632 2523 accipit,
660 2487 715 2510 aes
745 2473 928 2510 tenensita
952 2473 1048 2510 dicit.
1101 2480 1202 2510 Hunc

166 2541 219 2576 ego
239 2527 412 2563 hominem
443 2538 485 2562 ex
509 2526 585 2572 jure
605 2524 801 2572 {Quiritium
832 2537 944 2560 meam
973 2526 1031 2570 esse
1051 2525 1127 2573 ajo,
1155 2527 1200 2560 is-

167 2591 232 2626 que
251 2577 338 2612 mihi
350 2585 480 2623 emptus
503 2576 544 2621 esi
566 2575 624 2611 hoc
647 2589 741 2616 aere,
769 2587 938 2623 aeneaque
958 2574 1059 2610 libra.
1093 2576 1199 2611 Dein-

168 2629 206 2664 de
219 2641 293 2663 aere
308 2626 456 2675 percutit
477 2626 604 2662 libram
620 2625 743 2676 ,idque
758 2638 811 2661 aes
829 2624 891 2660 dat
914 2624 998 2669 εἰμὶ
1020 2640 1084 2673 quo
1097 2639 1198 2661 man-

169 2678 292 2727 cipium
323 2677 445 2726 accepit
467 2704 478 2721 ‚
513 2674 609 2725 quast
635 2675 739 2725 pretii
771 2675 837 2711 loco
858 2703 869 2720 ,
904 2687 974 2714 σε.
1019 2677 1198 2714 Micrtt.

1264 1512 1334 1551 effe
1352 1514 1474 1557 norit,
1500 1514 1669 1561 quamvis
1693 1525 1751 1552 aes
1773 1516 1810 1552 ὅ(
1832 1516 1919 1553 libra
1941 1517 2204 1564 mancipationi
2222 1530 2298 1555 non

1263 1564 1462 1602 adfuerint.
1511 1563 1608 1601 Vide
1639 1575 1723 1602 eum
1749 1567 1906 1604 omnino
1935 1567 1980 1603 de
2003 1566 2065 1603 usu
2086 1571 2146 1603 τοῦ
2169 1569 2299 1604 minus.

1263 1613 1387 1702 Isbipse
1401 1615 1615 1653 Gronovius
1635 1615 1770 1654 eodem
1792 1618 1909 1666 capite
1931 1617 2024 1655 curis
2043 1616 2298 1656 secundisten-

1260 1674 1294 1703 ta
1322 1675 1379 1710 at,

1317 1736 1442 1779 Meque
1455 1760 1465 1777 ,
1477 1743 1578 1769 tuum
1599 1730 1689 1769 libra
1703 1760 1713 1777 ‚
1741 1731 1841 1770 novit
1854 1760 1865 1777 ,
1893 1743 1936 1773 (9·
1954 1745 2028 1770 aere
2042 1759 2052 1776 ‚
2064 1732 2192 1770 minus.

1260 1793 1321 1832 ubi
1344 1796 1491 1843 copiose
1510 1796 1664 1843 disputat
1680 1797 1726 1834 de
1747 1797 1936 1834 hocloco.
1977 1798 2210 1837 Twisdenius
2232 1811 2298 1837 co-

1259 1843 1329 1881 dex
1346 1872 1356 1888 ,
1386 1857 1430 1884 (9¹
1449 1859 1524 1881 aere
1543 1846 1683 1884 datum.
1710 1846 1769 1883 De
1799 1848 2071 1895 mancipatione
2085 1877 2094 1893 ,
2121 1861 2214 1898 quae
2235 1862 2297 1898 per

1258 1905 1316 1931 aes
1341 1895 1378 1931 δε
1400 1896 1526 1933 libram
1550 1895 1681 1939 fiebat,
1708 1897 1805 1944 pleni
1825 1897 2167 1943 Jurisconsultorum
2190 1911 2296 1937 com-

1259 1946 1443 1981 mentarii.
1472 1945 1650 1984 videndus
1669 1947 1706 1984 ὅ(
1722 1947 1908 1986 Salmasius
1923 1948 1966 1986 de
1980 1950 2100 1987 [Esuris
2115 1963 2192 1998 cap.
2206 1963 2297 1991 vnt-

1260 1993 1362 2031 Hinc
1386 1995 1581 2033 Horatius:

1312 2053 1346 2090 Si
1357 2057 1534 2104 proprium
1550 2060 1593 2104 est
1605 2087 1615 2104 ‚
1643 2061 1734 2111 quod
1750 2062 1826 2111 quis
1845 2063 1937 2101 libra
1949 2074 2123 2101 mercatur
2142 2077 2185 2105 v'
2202 2080 2275 2104 aere
2286 2082 2297 2104 .-

1309 2106 1495 2152 §Quaedam
1525 2110 1575 2158 (fi
1593 2113 1700 2163 credis
1719 2114 1903 2163 consultis)
1931 2117 2106 2165 mancipat
2127 2118 2217 2165 usus.

1258 2170 1362 2217 Fuit,
1392 2185 1475 2211 cum
1494 2175 1721 2214 scribendum
1744 2186 1904 2225 putatern
1920 2206 1931 2222 ,

1310 2229 1436 2269 Meque
1454 2236 1556 2263 tuum
1574 2227 1667 2263 libra
1687 2229 1778 2265 norit
1791 2256 1801 2272 ,
1829 2240 1872 2269 (φ
1890 2243 1964 2265 aere
1982 2239 2096 2269 tuum.

1256 2275 1528 2330 uteneglexerit
1559 2278 1731 2326 posterius
1761 2288 1862 2316 tuum
1895 2281 2083 2328 geminare
2119 2281 2288 2321 librarius.

1257 2335 1319 2370 qul
1343 2337 1442 2362 error
1463 2326 1511 2364 est
1534 2328 1854 2376 fsequentiffimus.
1883 2331 2024 2368 Hem.
2056 2332 2095 2368 ln
2122 2332 2289 2370 Francos.

1258 2384 1333 2411 erat
1347 2403 1357 2418 ‚
1381 2382 1505 2423 Meque
1525 2389 1627 2414 tuum
1650 2379 1739 2414 libra
1762 2382 1852 2418 noris
1871 2393 1913 2420 ω’
1927 2395 1999 2416 aere
2019 2384 2153 2419 datum.
2167 2385 2201 2419 in
2216 2384 2288 2421 Ms.

1259 2424 1390 2463 Bersm.
1410 2434 1533 2474 Meque
1554 2440 1655 2465 tuum
1685 2444 1811 2466 munus
1844 2445 1908 2467 non
1931 2443 2094 2468 tenuante
2112 2433 2210 2469 libra.
2239 2435 2285 2471 de

1261 2477 1309 2521 τῷ
1331 2478 1446 2514 minus
1477 2479 1547 2516 vid.
1577 2480 1621 2517 ad
1655 2481 1733 2517 Art.
1767 2484 1849 2517 Am.
1874 2495 1899 2518 1.
1932 2483 2020 2530 644.
2063 2483 2227 2521 trat‘tavit
2250 2485 2288 2522 ὅ(

1261 2526 1359 2583 hunc
1382 2528 1507 2566 locum
1546 2530 1576 2576 J.
1602 2530 1700 2578 Bapt.
1724 2532 1802 2568 Pius
1824 2531 1866 2567 ad
1890 2533 1999 2568 Plaut.
2020 2533 2094 2570 Cas
2122 2546 2152 2570 11
2190 2546 2222 2571 v.
2246 2534 2282 2571 8.

1262 2578 1449 2633 ubi-magis
1472 2581 1597 2627 probat
1620 2609 1629 2624 ‚
1673 2582 1708 2618 ὃς
1733 2581 1927 2630 significare
1953 2583 2132 2622 Ovidium
2155 2586 2225 2626 ait,
2252 2585 2286 2622 se

1260 2639 1382 2715 ῡέῒηιεο
1408 2641 1529 2716 Bquam
1573 2633 1736 2669 maxime
1777 2634 1956 2671 devotum
1995 2632 2063 2672 effe
2103 2638 2140 2672 ὅ(
2187 2636 2288 2675 addlv

1301 2690 1376 2715 um.
1439 2694 1537 2718 uam.

809 2757 1386 2824 Eius-roro.
1484 2760 1661 2826 XVI.

616 2877 836 2956 AD
949 2877 1842 2959 INVIDUM.

511 3007 718 3071 Nvide‚
755 3005 883 3076 quid
910 3007 1103 3059 laceras
1126 3005 1344 3061 Nasonis
1371 3010 1598 3061 carmina
1627 3008 1792 3077 rapti?

585 3081 710 3135 Non
737 3079 865 3133 solet
891 3080 1112 3150 ingeniis
1141 3079 1338 3133 summa
1364 3098 1557 3134 nocere
1584 3081 1710 3135 dies,

220 3247 261 3286 In
284 3250 351 3287 hac
371 3253 497 3290 ultima
523 3257 647 3299 Elegia
678 3257 727 3296 sui
755 3258 931 3306 temporis
960 3260 1087 3306 pc'c'tas
1106 3269 1194 3295 enu-

163 3308 290 3339 merat.
319 3301 387 3340 Sed
409 3306 556 3353 quinam
576 3309 633 3345 ille
648 3335 659 3352 ,

2191 3157 2286 3212 Fa-

1304 3259 1378 3305 Qui
1399 3258 1539 3307 Lyffsicas
1557 3259 1644 3295 acies
1659 3287 1668 3304 ‚
1700 3265 1922 3300 Romanaque
1943 3259 2074 3303 praelia
2094 3261 2177 3296 Afric
2192 3278 2202 3298 .-

1250 3312 1388 3360 quique
1420 3311 1620 3345 Trinacrius
1652 3313 1816 3360 Perseidos
1842 3314 1958 3346 aucior
1977 3320 2019 3348 (θ’
2053 3313 2167 3355 affor,
2195 3325 2291 3350 non-

1426 3361 1647 3398 Xxxxx2
2200 3364 2289 3402 dum
