2495 3675
374 153 935 221 EPISTULARUM
970 163 1079 221 EX
1117 158 1398 219 PON'FO.
1439 162 1560 218 [1113.⁴
1596 164 1632 218 Ι.
1671 163 1845 221 Emer.
1884 163 1965 221 ΠῘ.

2105 185 2110 190 -
2146 169 2240 225 721

239 276 306 326 95-
384 264 749 338 Quocumque
775 262 1055 338 adspicias,
1093 264 1265 335 campi
1291 263 1499 317 cultore
1521 275 1790 326 carentes,

464 337 757 411 Vastaque,
795 357 931 411 quae
956 355 1118 392 nemo
1144 335 1408 398 vindicet,
1447 353 1567 390 arva
1594 335 1779 398 iacent.

381 407 568 465 Hostis
593 412 737 465 adest
764 413 952 465 dextra
975 411 1224 480 laevaque
1250 410 1279 462 a
1307 422 1457 480 parte
1482 408 1780 468 timendu53

455 482 762 556 Vicinoque
788 497 935 536 metu
960 495 1124 534 terret
1154 494 1443 552 utrumque
1469 481 1615 535 latUS.

379 554 564 609 Altera
595 555 848 610 Bistonias
871 571 986 624 pars
1013 552 1086 606 est
1112 553 1317 607 sensura
1342 551 1562 616 lai-iffaS‚

237 624 304 672 60

453 628 636 682 Altera
662 627 948 682 Sarmatica
971 626 1164 697 spicula
1188 625 1330 678 missa
1361 641 1532 678 mann.

374 697 397 750 I
423 716 593 762 nune,
631 700 686 752 &
714 712 957 753 veterum
980 697 1131 752 nobis
1157 697 1400 766 exempla
1428 697 1694 761 virorum,

450 771 560 843 Qui
585 771 712 825 forti
737 770 911 824 casum
939 782 1119 824 mente
1149 769 1345 830 tulere,
1384 768 1538 822 refer.

378 841 451 895 Et
476 861 635 913 grave
658 843 976 913 magnanimi
1004 840 1167 894 robur
1194 840 1384 895 mirare
1409 839 1611 905 Rutili,

446 915 573 968 Non
597 915 670 968 ufi
696 914 898 968 reditsis
925 912 1239 967 conditione
1264 913 1388 967 dati.

233 985 299 1048 65
371 986 594 1057 Smyrna
622 988 794 1042 virum
824 986 1023 1048 tenuit,
1066 1002 1172 1038 non
1204 985 1406 1039 Pontus
1433 985 1487 1039 δε
1513 985 1711 1040 hostica
1738 983 1928 1048 tellus&

445 1058 590 1113 Pene
614 1060 786 1114 minus
811 1060 957 1113 nullo
984 1057 1203 1131 Smyrna
1232 1059 1464 1128 petenda
1489 1060 1626 1113 loco,

367 1130 494 1184 Non
519 1132 689 1186 doluit
715 1132 881 1203 patria
904 1130 1140 1204 Cynicus
1167 1131 1354 1201 procul
1380 1129 1481 1183 effe
1503 1130 1791 1203 Sinopeus:

438 1202 601 1275 Legit
629 1205 770 1258 enim
797 1203 944 1258 sedes
963 1242 976 1265 ‚
1013 1203 1195 1257 Attica
1221 1216 1400 1264 terra,-
1425 1214 1553 1256 tuaS.

368 1275 534 1329 Arma
561 1276 848 1331 Neoclides
876 1277 969 1349 qui
995 1274 1197 1329 Perfica
1221 1273 1470 1328 contudit
1499 1275 1684 1339 armi3‚

234 1361 300 1409 70

448 1349 704 1419 Argolica
731 1349 955 1420 primam
981 1346 1130 1402 sensit
1153 1347 1206 1400 in
1230 1347 1361 1401 urbe
1387 1346 1584 1417 fugam.

365 1418 546 1473 Pulsus
579 1420 833 1475 Aristides
858 1421 1018 1492 patria
1050 1419 1461 1473 Lacedaemona
1485 1419 1651 1491 fugit:

438 1491 579 1547 Inter
612 1510 738 1565 quas
763 1493 1011 1558 dubium,
1050 1510 1186 1565 quae
1212 1492 1359 1564 prior
1383 1489 1540 1557 effet,
1579 1504 1704 1547 erat,

73 1750 179 1806 multi
201 1752 271 1808 alii.
298 1753 440 1791 Herns.
468 1753 552 1805 Ego
570 1768 662 1793 uvas
682 1757 825 1796 retineo
839 1785 849 1803 ,
878 1759 1004 1808 eisque
1026 1770 1107 1797 me-

72 1800 140 1837 lius
160 1804 347 1857 epitheton
378 1805 512 1851 dulces,
540 1818 652 1855 quam
680 1808 797 1845 herbis
818 1811 1019 1846 convenire
1041 1822 1108 1857 pu-

69 1853 217 1939 berig?
240 1855 277 1891 ὃ(
299 1856 378 1893 infr.
402 1856 509 1904 Epist.
531 1869 603 1895 vix.
627 1868 685 1907 13.
713 1859 752 1895 δε
771 1870 838 1897 111.
862 1859 970 1898 Trist.
992 1871 1027 1899 xz
1049 1870 1108 1907 71.

122 1978 180 2014 54.
208 1971 392 2021 Tument.]
423 1972 544 2022 Rigent
559 1974 633 2013 duo
652 1974 748 2014 libri*

121 2043 180 2079 59.
206 2035 334 2090 Altera
374 2038 540 2084 Bistonias
565 2050 648 2090 pars
687 2042 729 2087 est
749 2041 893 2090 finsura
912 2043 1102 2093 flagitem]

66 2079 333 2138 manuscripta.
363 2090 610 2139 nescioquam
634 2092 751 2136 bene,
777 2093 916 2140 sensura
934 2095 1104 2142 sacriffas.

66 2130 126 2166 12st
148 2141 268 2170 autem
292 2138 433 2185 sacrisla
455 2167 465 2183 ‚
503 2141 596 2179 hasta
618 2143 790 2190 perlonga
806 2171 815 2186 ‚
845 2153 884 2180 ut
907 2145 1034 2182 Livius
1056 2145 1103 2182 de

64 2177 160 2217 bello
181 2183 442 2226 Macedonico.
472 2192 585 2229 Ovid.
607 2204 678 2229 κιμ-
705 2193 897 2239 Met.466.

113 2245 189 2291 Qi
209 2246 336 2294 clypeo,
362 2250 564 2302 gladioque,
591 2254 867 2305 Macedoniaque
882 2255 1018 2306 sarissa.

63 2306 226 2347 Thraces
242 2311 362 2366 sariffis
386 2313 464 2351 usos
485 2315 555 2353 effe
575 2330 651 2355 non
675 2318 758 2368 legi.
790 2322 952 2358 Famam.
988 2323 1028 2360 In
1053 2324 1103 2361 aI-

61 2365 142 2395 tero
166 2360 280 2398 Vazic.
305 2363 509 2409 pharetras.-
538 2369 573 2404 in
601 2369 715 2406 altero
737 2398 747 2414 ,
779 2372 925 2419 sarissas.
959 2375 1101 2422 vulgata

61 2419 183 2447 aurern
207 2411 317 2448 let-³110
349 2417 523 2460 reperitur
543 2418 581 2454 in
613 2419 735 2457 Ursmi
758 2422 875 2467 libro,
906 2433 1000 2470 quae
1020 2436 1101 2462 cor-

60 2459 161 2499 recta
181 2473 288 2509 atque
311 2466 503 2502 emendata
525 2467 584 2504 est.
613 2469 786 2510 Cxorau.

76 2577 81 2582 .
111 2528 172 2582 69.
199 2528 334 2583 Spicula
358 2531 456 2576 mista
479 2534 630 2584 mama]
678 2536 781 2587 Lege
799 2551 843 2578 ex
865 2551 1038 2592 quattuor
1058 2545 1101 2583 iis

58 2576 175 2621 libris,
205 2579 312 2626 mtffa.
343 2581 513 2621 Ciofan.

108 2658 168 2695 61.
197 2665 354 2697 Veterum
385 2662 478 2699 nobis
507 2667 664 2714 exempla
693 2668 892 2722 virorum]
949 2674 1094 2721 Scribe,

56 2718 214 2763 veterum
234 2724 390 2767 reorum,
420 2714 475 2749 vel
500 2716 620 2755 invitis
644 2721 889 2768 membranis,
917 2724 955 2762 δε
977 2725 1093 2765 Notas

56 2758 115 2795 adl
135 2759 179 2798 ad
204 2761 290 2799 Fast.
312 2763 370 2801 lib.
392 2775 427 2800 v.
448 2764 501 2805 Y'l'·
523 2768 606 2804 621.
634 2769 779 2808 Heme.

24 2832 28 2836 ·
105 2823 165 2862 62.
192 2826 360 2875 Casum]
392 2828 499 2875 Cafics
522 2830 594 2868 Ms.
616 2830 797 2872 Berl'inan.

102 2903 163 2950 63.
192 2908 235 2939 Et
256 2917 360 2951 grave
380 2906 635 2956 magnanimi.]
665 2914 803 2957 Igrave
817 2913 958 2961 malim,
975 2926 1089 2964 appo-

53 2950 116 2990 fita
138 2955 356 3002 repetitione
372 2982 382 2997 ,
410 2955 433 2991 fi
457 2957 546 3004 quid
567 2957 688 2996 video.
719 2960 859 3001 Hmiss.

103 3013 163 3061 63.
190 3015 314 3052 Rutuli
342 3020 560 3066 magnanimi
588 3022 688 3072 eya]
743 3025 866 3061 Rutuli
895 3028 1006 3077 vulgo
1036 3030 1087 3067 le·

51 3065 290 3121 guntuquafi
310 3068 417 3114 liujus
437 3072 598 3108 nominis
621 3071 662 3109 sit
691 3075 861 3120 Rutulus,
889 3088 951 3116 aut
973 3086 1086 3117 Rutu·

13 3121 18 3126 ·
51 3112 126 3149 ltus.
155 3114 376 3170 Lago-autern
399 3120 514 3156 Rutili
540 3121 737 3170 legendum
769 3136 884 3171 pure,
910 3139 974 3176 per
1004 3131 1086 3179 syn-

48 3171 166 3218 copen
187 3163 317 3222 scilicet
334 3195 343 3210 ,
371 3177 431 3206 aut
456 3182 650 3220 apocopen
675 3202 685 3217 ,
713 3173 733 3211 ‘a
754 3178 991 3217 nominativo
1016 3187 1086 3218 Ru·

44 3212 151 3268 ulma.
179 3212 231 3268 lta
250 3226 355 3271 ennii
374 3220 411 3255 ὃς
425 3222 519 3267 apud
540 3222 730 3261 Valerium
745 3253 754 3269 ‚
788 3228 826 3264 &
848 3228 1086 3276 Ciceronem,

43 3261 81 3299 ὃ(
104 3263 253 3303 Livium
288 3266 418 3316 legatur
439 3296 451 3316 ‚
485 3271 578 3311 libro
607 3273 889 3327 septuagesimo.
917 3281 955 3318 ἃ
991 3283 1086 3331 apud

2074 1616 2210 1672 Cae-⁵

1165 1757 1341 1796 Tacitum
1364 1757 1451 1795 item
1467 1785 1476 1801 ‚
1503 1760 1567 1808 qui
1587 1756 1633 1795 de
1665 1755 1798 1794 eodem
1830 1756 2001 1794 meminit
2024 1753 2116 1792 libro
2137 1763 2211 1797 ter-

1163 1809 1231 1845 tio.
1261 1809 1351 1845 Sunt
1371 1817 1554 1854 praeterea
1580 1809 1617 1845 &
1635 1809 1696 1855 qui
1718 1808 1871 1854 gemino
1891 1807 1916 1843 ll
1933 1806 2083 1843 scribant
2105 1832 2115 1848 ,
2140 1811 2210 1842 Ru-

1164 1858 1256 1895 tilli:
1287 1857 1389 1907 quod
1410 1858 1570 1904 ipsorum
1590 1858 1735 1906 juditio
1749 1857 1929 1906 relinquo.
1954 1856 2120 1893 Tamerfi
2132 1867 2209 1893 non

1163 1910 1331 1957 ignorem
1346 1936 1357 1951 ,
1385 1908 1554 1957 syllabam
1577 1920 1658 1946 eam
1680 1907 1762 1946 alias
1783 1909 1938 1955 corripi,
1967 1907 2050 1944 alias
2073 1905 2208 1953 produ-

1162 1960 1194 1996 ci
1214 1959 1327 1996 solere
1348 1972 1357 1996 ι
1394 1960 1543 2006 perinde
1563 1961 1601 1997 &
1622 1959 1719 1996 illam
1736 1985 1746 2002 ,
1778 1969 1872 2004 quae
1891 1958 2006 2005 prima
2038 1957 2204 2005 ejusdem

1161 2010 1326 2047 nominis
1346 2008 1395 2046 est
1418 2037 1428 2052 ‚
1465 2017 1506 2047 ut
1532 2010 1623 2047 libro
1653 2009 1754 2046 sexto
1777 2007 1988 2045 Fastorum:
2028 2014 2128 2044 Hanc
2160 2006 2207 2044 ti-

1161 2058 1218 2103 bi,
1248 2073 1312 2108 quo
1338 2068 1492 2107 properas
1514 2086 1524 2102 ‚
1560 2069 1756 2096 memorant
1777 2059 1895 2107 dixisse
1920 2086 1930 2102 ‚
1960 2057 2082 2095 Rutili.
2137 2063 2205 2094 Lix-

1162 2123 1194 2145 ce
1213 2122 1289 2146 mea
1316 2111 1436 2156 Mar-fh
1457 2109 1571 2158 consul
1591 2108 1635 2146 ab
1654 2108 1741 2153 hoste
1769 2109 1878 2145 cades.
1916 2109 1962 2145 Et
1983 2107 2080 2156 apud
2102 2108 2204 2145 Mar-

1160 2159 1285 2196 tialem
1323 2158 1414 2196 libro
1450 2162 1582 2206 quinto
1609 2172 1617 2196 :
1665 2164 1793 2195 Famae
1830 2158 2004 2195 Rutilium
2036 2160 2122 2204 suae
2152 2172 2204 2195 re-

1160 2210 1300 2260 linquas
1324 2236 1333 2252 ,
1372 2210 1410 2245 &
1447 2217 1601 2246 caetera.
1637 2209 1739 2256 quod
1777 2218 1935 2246 metrum
1970 2209 2200 2246 Phalaecium

1160 2260 1219 2297 est.
1241 2261 1435 2297 ‘Mrcnn
1486 2259 1528 2297 In
1555 2259 1685 2299 iisdem
1709 2285 1724 2304 ,,
1764 2260 1900 2297 Rutulli
1921 2271 1984 2309 per
2008 2260 2138 2308 duplex
2162 2259 2200 2296 ll.

1160 2310 1327 2348 Ciofau.
1715 2319 1720 2323 '

1209 2375 1268 2422 65.
1295 2382 1339 2413 Et
1358 2378 1480 2425 hostica
1498 2380 1629 2429 terra.]
1659 2381 1859 2419 Multilibri
1875 2409 1885 2424 ‚
1905 2389 1948 2418 (³7⁸
1968 2378 2194 2429 hospitas&-

1155 2431 1192 2461 te
1209 2426 1402 2474 scripserit,
1433 2443 1499 2466 non
1522 2437 1674 2474 Pontus,
1701 2431 1868 2480 inhospita
1891 2430 2013 2473 tellus,
2041 2441 2102 2477 per
2133 2441 2196 2477 ap-

1155 2475 1378 2564 &Tironem
1403 2507 1421 2524 ,γ
1444 2481 1483 2517 &
1509 2489 1548 2518 ut
1569 2481 1700 2519 alludat
1727 2481 1769 2518 ad
1795 2492 2035 2529 cognomen,
2063 2478 2196 2517 Ακεηί,

1205 2590 1264 2636 67.v
1291 2592 1487 2644 Sinopeus]
1518 2602 1675 2634 Remotus
1697 2595 1866 2644 Excerpt.
1887 2592 2001 2633 Vols.¹

1203 2664 1265 2702 70.
1293 2659 1451 2697 Primam
1473 2661 1570 2709 {enfit
1592 2662 1629 2699 in
1658 2661 1913 2710 urbesugam.]
1970 2661 2065 2699 Cum
2084 2660 2194 2708 senti-

1153 2718 1186 2741 re
1208 2709 1245 2743 in
1275 2709 1409 2747 malam
1431 2713 1668 2759 partemfeoe
1691 2715 1807 2760 capiat
1831 2712 1961 2750 Noster
1976 2740 1985 2755 ‚
2014 2721 2052 2749 ut
2072 2711 2189 2749 modo

1153 2757 1244 2810 vners.
1266 2769 1324 2806 39.
1351 2761 1389 2797 ὃ(
1408 2762 1493 2799 alibi
1514 2762 1652 2800 ditstum
1668 2791 1677 2806 ‚
1693 2775 1769 2800 non
1793 2764 1899 2811 capio
1921 2762 2008 2810 quid
2029 2761 2091 2805 sit,
2111 2762 2194 2809 sen·

1149 2816 1214 2861 3¹⁷³
1230 2810 1382 2856 primam
1405 2813 1533 2860 fugam
1556 2841 1566 2857 ,
1595 2813 1658 2851 nisi
1685 2825 1729 2850 ex
1752 2814 1858 2850 initio
1884 2813 1993 2850 exsilii
2012 2814 2188 2861 grandem

1143 2867 1219 2903 jam
1250 2859 1494 2900 calamitatem
1525 2864 1693 2911 experiri.
1731 2865 1830 2911 atqui
1861 2865 2084 2900 contrarium
2110 2863 2189 2899 vult

1146 2906 1274 2962 aucffor
1301 2911 1420 2947 noster
1444 2939 1454 2954 ,
1490 2924 1565 2950 non
1605 2912 1707 2950 fuisse
1735 2913 1936 2951 admodum
1965 2925 2076 2962 grave
2113 2914 2191 2950 exi-

1142 2955 1260 3012 littm,
1286 2961 1372 3006 quia
1399 2961 1515 2999 statim
1546 2964 1673 3000 urbem
1696 2965 1840 3010 Argos,
1869 2964 2064 3008 conceffit,
2092 2974 2188 3013 quae

1143 3017 1205 3044 vix
1231 3009 1388 3048 Athenis
1417 3014 1655 3050 concedebat.
1684 3026 1795 3061 quart:
1818 3014 2014 3063 legendum
2031 3042 2041 3058 ‚

1192 3071 1357 3118 Argolica
1390 3086 1475 3112 num
1499 3089 1607 3124 quam
1634 3074 1737 3124 senfit
1757 3077 1795 3112 in
1815 3079 1896 3114 urbe
1908 3077 2061 3126 sugam?

1140 3145 1186 3170 an
1205 3132 1238 3170 se
1259 3133 1418 3172 exsulem
1445 3136 1515 3174 esse
1550 3137 1652 3175 sensit
1677 3138 1815 3186 Argis?
1854 3142 1935 3186 vel,
1962 3143 2038 3184 dic,
2067 3154 2186 3189 quam,

1142 3183 1167 3221 fi
1192 3185 1335 3234 vulgata
1365 3188 1577 3232 retinenda,
1607 3189 1757 3236 legenda
1781 3190 1828 3226 est
1848 3203 1910 3239 per
1930 3195 2187 3239 interrogatio-

1143 3246 1255 3280 nem,
1282 3237 1448 3285 Argolica
1468 3251 1514 3274 an
1531 3239 1713 3288 primam?
1739 3239 1867 3279 Euan.

1322 3337 1464 3388 ‚YYYY
1497 3350 1516 3389 3
2009 3350 2065 3385 74.
2096 3338 2194 3387 Thesff
